  <div class='ocr_page' id='page_1' title='image "/cluster/home/n/w/nwhite01/storage/ocr_20150623/146/nnc1.0046980610/323.png"; bbox 0 0 4288 6438; ppageno 0'>
   <div class='ocr_carea' id='block_1_1' title="bbox 730 395 4007 498">
    <p class='ocr_par' dir='ltr' id='par_1_1' title="bbox 730 395 4007 498">
     <span class='ocr_line' id='line_1_1' title="bbox 730 395 4007 498; baseline -0.013 -2"><span class='ocrx_word' id='word_1_1' title='bbox 730 429 840 498; x_wconf 75' lang='grc' dir='ltr'><strong>5Ἱ9</strong></span> <span class='ocrx_word' id='word_1_2' title='bbox 1944 412 2371 478; x_wconf 78' lang='lat' dir='ltr'><strong>NICEPHORI</strong></span> <span class='ocrx_word' id='word_1_3' title='bbox 2412 409 2760 471; x_wconf 66' lang='lat' dir='ltr'><strong>CALLISTI</strong></span> <span class='ocrx_word' id='word_1_4' title='bbox 3902 395 4007 458; x_wconf 73' lang='lat'><strong>580</strong></span> 
     </span>
    </p>
   </div>
   <div class='ocr_carea' id='block_1_2' title="bbox 732 511 2425 611">
    <p class='ocr_par' dir='ltr' id='par_1_2' title="bbox 732 527 2425 611">
     <span class='ocr_line' id='line_1_2' title="bbox 732 527 2425 611; baseline -0.014 -9"><span class='ocrx_word' id='word_1_5' title='bbox 732 548 835 602; x_wconf 85' lang='lat' dir='ltr'><strong>bus</strong></span> <span class='ocrx_word' id='word_1_6' title='bbox 862 587 877 611; x_wconf 96' lang='lat'><strong>,</strong></span> <span class='ocrx_word' id='word_1_7' title='bbox 937 552 993 600; x_wconf 89' lang='lat' dir='ltr'><strong>et</strong></span> <span class='ocrx_word' id='word_1_8' title='bbox 1045 552 1355 600; x_wconf 84' lang='lat' dir='ltr'><strong>creaturam</strong></span> <span class='ocrx_word' id='word_1_9' title='bbox 1435 538 1818 605; x_wconf 82' lang='lat' dir='ltr'><strong>facturamque</strong></span> <span class='ocrx_word' id='word_1_10' title='bbox 1843 576 1857 601; x_wconf 92' lang='lat'><strong>,</strong></span> <span class='ocrx_word' id='word_1_11' title='bbox 1895 543 1951 590; x_wconf 88' lang='lat' dir='ltr'><strong>et</strong></span> <span class='ocrx_word' id='word_1_12' title='bbox 2008 527 2305 586; x_wconf 88' lang='lat' dir='ltr'><strong>mutationi</strong></span> <span class='ocrx_word' id='word_1_13' title='bbox 2341 531 2385 587; x_wconf 78' lang='grc' dir='ltr'>Α</span> <span class='ocrx_word' id='word_1_14' title='bbox 2417 528 2425 573; x_wconf 71' lang='lat' dir='ltr'><strong>~J</strong></span> 
     </span>
    </p>
   </div>
   <div class='ocr_carea' id='block_1_3' title="bbox 2315 511 4008 611">
    <p class='ocr_par' dir='ltr' id='par_1_3' title="bbox 2341 511 4008 596">
     <span class='ocr_line' id='line_1_3' title="bbox 2341 511 4008 596; baseline -0.007 -19"><span class='ocrx_word' id='word_1_15' title='bbox 2341 531 2385 587; x_wconf 78' lang='grc' dir='ltr'>Α</span> <span class='ocrx_word' id='word_1_16' title='bbox 2417 526 2739 596; x_wconf 71' lang='grc' dir='ltr'>ἠπάτησαν,</span> <span class='ocrx_word' id='word_1_17' title='bbox 2764 525 2906 577; x_wconf 74' lang='grc' dir='ltr'>ὥστε</span> <span class='ocrx_word' id='word_1_18' title='bbox 2943 523 3034 576; x_wconf 74' lang='grc' dir='ltr'><strong>καὶ</strong></span> <span class='ocrx_word' id='word_1_19' title='bbox 3061 523 3186 584; x_wconf 69' lang='grc' dir='ltr'>τοὺς</span> <span class='ocrx_word' id='word_1_20' title='bbox 3216 518 3507 577; x_wconf 76' lang='grc' dir='ltr'>δοκοῦντας</span> <span class='ocrx_word' id='word_1_21' title='bbox 3535 511 3676 568; x_wconf 67' lang='lat' dir='ltr'><strong>civ-ui</strong></span> <span class='ocrx_word' id='word_1_22' title='bbox 3711 531 3764 567; x_wconf 89' lang='grc' dir='ltr'><strong>τι</strong></span> <span class='ocrx_word' id='word_1_23' title='bbox 3796 531 4008 566; x_wconf 80' lang='grc' dir='ltr'>συναπ-</span> 
     </span>
    </p>
   </div>
   <div class='ocr_carea' id='block_1_4' title="bbox 729 607 2422 696">
    <p class='ocr_par' dir='ltr' id='par_1_4' title="bbox 729 624 2422 696">
     <span class='ocr_line' id='line_1_4' title="bbox 729 624 2422 696; baseline -0.014 -1"><span class='ocrx_word' id='word_1_24' title='bbox 729 642 1032 696; x_wconf 79' lang='lat' dir='ltr'><strong>obnoxium</strong></span> <span class='ocrx_word' id='word_1_25' title='bbox 1067 651 1187 691; x_wconf 90' lang='lat' dir='ltr'><strong>esse</strong></span> <span class='ocrx_word' id='word_1_26' title='bbox 1243 635 1510 688; x_wconf 92' lang='lat' dir='ltr'><strong>dicentes.</strong></span> <span class='ocrx_word' id='word_1_27' title='bbox 1552 633 1632 685; x_wconf 83' lang='lat' dir='ltr'><strong>Ac</strong></span> <span class='ocrx_word' id='word_1_28' title='bbox 1666 629 1872 684; x_wconf 88' lang='lat' dir='ltr'><strong>multos</strong></span> <span class='ocrx_word' id='word_1_29' title='bbox 1904 624 2156 695; x_wconf 77' lang='lat' dir='ltr'><strong>profecto</strong></span> <span class='ocrx_word' id='word_1_30' title='bbox 2212 637 2310 692; x_wconf 87' lang='lat' dir='ltr'><strong>per</strong></span> <span class='ocrx_word' id='word_1_31' title='bbox 2416 642 2422 671; x_wconf 80' lang='lat' dir='ltr'><strong>i</strong></span> 
     </span>
    </p>
   </div>
   <div class='ocr_carea' id='block_1_5' title="bbox 2318 607 4011 696">
    <p class='ocr_par' dir='ltr' id='par_1_5' title="bbox 2416 607 4011 688">
     <span class='ocr_line' id='line_1_5' title="bbox 2416 607 4011 688; baseline -0.009 -16"><span class='ocrx_word' id='word_1_32' title='bbox 2416 619 2647 687; x_wconf 72' lang='grc' dir='ltr'>ἀχθῆναι</span> <span class='ocrx_word' id='word_1_33' title='bbox 2683 620 2861 672; x_wconf 59' lang='grc' dir='ltr'>αὐτῶν</span> <span class='ocrx_word' id='word_1_34' title='bbox 2886 622 2952 688; x_wconf 79' lang='grc' dir='ltr'>τῇ</span> <span class='ocrx_word' id='word_1_35' title='bbox 2997 614 3326 686; x_wconf 50' lang='grc' dir='ltr'>βλασφημίᾳ.</span> <span class='ocrx_word' id='word_1_36' title='bbox 3416 611 3526 666; x_wconf 79' lang='grc' dir='ltr'>Καὶ</span> <span class='ocrx_word' id='word_1_37' title='bbox 3562 609 3867 679; x_wconf 74' lang='grc' dir='ltr'>φθάσαντες</span> <span class='ocrx_word' id='word_1_38' title='bbox 3911 607 4011 676; x_wconf 73' lang='grc' dir='ltr'><strong>μὲν</strong></span> 
     </span>
    </p>
   </div>
   <div class='ocr_carea' id='block_1_6' title="bbox 733 703 2426 792">
    <p class='ocr_par' dir='ltr' id='par_1_6' title="bbox 733 720 2426 792">
     <span class='ocr_line' id='line_1_6' title="bbox 733 720 2426 792; baseline -0.014 -2"><span class='ocrx_word' id='word_1_39' title='bbox 733 737 848 790; x_wconf 72' lang='lat' dir='ltr'><strong>haec</strong></span> <span class='ocrx_word' id='word_1_40' title='bbox 883 729 1402 792; x_wconf 82' lang='lat' dir='ltr'><strong>seduxerunt,adeo</strong></span> <span class='ocrx_word' id='word_1_41' title='bbox 1436 736 1495 780; x_wconf 89' lang='lat' dir='ltr'><strong>ut</strong></span> <span class='ocrx_word' id='word_1_42' title='bbox 1527 727 1693 780; x_wconf 89' lang='lat' dir='ltr'><strong>etiam</strong></span> <span class='ocrx_word' id='word_1_43' title='bbox 1726 721 1821 791; x_wconf 85' lang='lat' dir='ltr'><strong>qui</strong></span> <span class='ocrx_word' id='word_1_44' title='bbox 1847 720 2169 774; x_wconf 88' lang='lat' dir='ltr'><strong>viderentur</strong></span> <span class='ocrx_word' id='word_1_45' title='bbox 2193 730 2312 769; x_wconf 87' lang='lat' dir='ltr'><strong>esse</strong></span> <span class='ocrx_word' id='word_1_46' title='bbox 2416 728 2426 758; x_wconf 70' lang='grc' dir='ltr'><strong>ι</strong></span> 
     </span>
    </p>
   </div>
   <div class='ocr_carea' id='block_1_7' title="bbox 2314 703 4007 792">
    <p class='ocr_par' dir='ltr' id='par_1_7' title="bbox 2416 703 4007 779">
     <span class='ocr_line' id='line_1_7' title="bbox 2416 703 4007 779; baseline -0.008 -17"><span class='ocrx_word' id='word_1_47' title='bbox 2416 711 2464 762; x_wconf 88' lang='grc' dir='ltr'>οἱ</span> <span class='ocrx_word' id='word_1_48' title='bbox 2497 711 2642 777; x_wconf 77' lang='grc' dir='ltr'>ἅγιοι</span> <span class='ocrx_word' id='word_1_49' title='bbox 2684 712 2930 779; x_wconf 80' lang='grc' dir='ltr'>Πατέρες</span> <span class='ocrx_word' id='word_1_50' title='bbox 2964 709 3144 779; x_wconf 78' lang='grc' dir='ltr'>ἡμῶν,</span> <span class='ocrx_word' id='word_1_51' title='bbox 3184 706 3561 766; x_wconf 84' lang='grc' dir='ltr'>συνελθόντες,</span> <span class='ocrx_word' id='word_1_52' title='bbox 3591 704 3668 764; x_wconf 86' lang='grc' dir='ltr'>ὼς</span> <span class='ocrx_word' id='word_1_53' title='bbox 3721 703 4007 770; x_wconf 82' lang='grc' dir='ltr'>προεῖπον,</span> 
     </span>
    </p>
   </div>
   <div class='ocr_carea' id='block_1_8' title="bbox 727 791 2420 896">
    <p class='ocr_par' dir='ltr' id='par_1_8' title="bbox 727 791 2420 896">
     <span class='ocr_line' id='line_1_8' title="bbox 727 791 2420 896; baseline -0.013 -14"><span class='ocrx_word' id='word_1_54' title='bbox 727 825 958 896; x_wconf 80' lang='lat' dir='ltr'><strong>aliquid,</strong></span> <span class='ocrx_word' id='word_1_55' title='bbox 1003 825 1057 880; x_wconf 93' lang='lat' dir='ltr'><strong>in</strong></span> <span class='ocrx_word' id='word_1_56' title='bbox 1105 791 1325 876; x_wconf 87' lang='lat' dir='ltr'><strong>illorum</strong></span> <span class='ocrx_word' id='word_1_57' title='bbox 1353 819 1565 888; x_wconf 77' lang='lat' dir='ltr'><strong>abrepti</strong></span> <span class='ocrx_word' id='word_1_58' title='bbox 1596 817 1701 870; x_wconf 88' lang='lat' dir='ltr'><strong>sint</strong></span> <span class='ocrx_word' id='word_1_59' title='bbox 1745 810 2168 882; x_wconf 75' lang='lat' dir='ltr'><strong>blasphemiam.</strong></span> <span class='ocrx_word' id='word_1_60' title='bbox 2203 807 2311 863; x_wconf 92' lang='lat' dir='ltr'><strong>Sed</strong></span> <span class='ocrx_word' id='word_1_61' title='bbox 2417 825 2420 851; x_wconf 76' lang='grc' dir='ltr'><strong>ι</strong></span> 
     </span>
    </p>
   </div>
   <div class='ocr_carea' id='block_1_9' title="bbox 2322 791 4015 896">
    <p class='ocr_par' dir='ltr' id='par_1_9' title="bbox 2417 791 4015 872">
     <span class='ocr_line' id='line_1_9' title="bbox 2417 791 4015 872; baseline -0.008 -18"><span class='ocrx_word' id='word_1_62' title='bbox 2417 804 2474 855; x_wconf 85' lang='grc' dir='ltr'>ὲν</span> <span class='ocrx_word' id='word_1_63' title='bbox 2510 806 2572 872; x_wconf 80' lang='grc' dir='ltr'>τῇ</span> <span class='ocrx_word' id='word_1_64' title='bbox 2605 804 2745 857; x_wconf 82' lang='grc' dir='ltr'><strong>κατὰ</strong></span> <span class='ocrx_word' id='word_1_65' title='bbox 2776 803 3013 856; x_wconf 81' lang='grc' dir='ltr'>Νίκαιαν</span> <span class='ocrx_word' id='word_1_66' title='bbox 3029 801 3270 870; x_wconf 73' lang='grc' dir='ltr'>συνόδῳ,</span> <span class='ocrx_word' id='word_1_67' title='bbox 3301 798 3400 868; x_wconf 79' lang='grc' dir='ltr'>τὴν</span> <span class='ocrx_word' id='word_1_68' title='bbox 3465 796 3568 866; x_wconf 79' lang='grc' dir='ltr'>μὲν</span> <span class='ocrx_word' id='word_1_69' title='bbox 3597 792 3885 864; x_wconf 75' lang='grc' dir='ltr'>Ἀρειανὴν</span> <span class='ocrx_word' id='word_1_70' title='bbox 3928 791 4015 842; x_wconf 80' lang='grc' dir='ltr'>αῖ-</span> 
     </span>
    </p>
   </div>
   <div class='ocr_carea' id='block_1_10' title="bbox 729 885 2422 973">
    <p class='ocr_par' dir='ltr' id='par_1_10' title="bbox 729 906 2422 973">
     <span class='ocr_line' id='line_1_10' title="bbox 729 906 2422 973; baseline -0.012 0"><span class='ocrx_word' id='word_1_71' title='bbox 729 920 876 973; x_wconf 90' lang='lat' dir='ltr'><strong>enim</strong></span> <span class='ocrx_word' id='word_1_72' title='bbox 935 916 1106 971; x_wconf 91' lang='lat' dir='ltr'><strong>sancti</strong></span> <span class='ocrx_word' id='word_1_73' title='bbox 1161 915 1353 969; x_wconf 86' lang='lat' dir='ltr'><strong>Patres</strong></span> <span class='ocrx_word' id='word_1_74' title='bbox 1400 921 1612 966; x_wconf 90' lang='lat' dir='ltr'><strong>mature</strong></span> <span class='ocrx_word' id='word_1_75' title='bbox 1672 908 1781 962; x_wconf 85' lang='lat' dir='ltr'><strong>illis</strong></span> <span class='ocrx_word' id='word_1_76' title='bbox 1805 906 2029 961; x_wconf 84' lang='lat' dir='ltr'><strong>obviam</strong></span> <span class='ocrx_word' id='word_1_77' title='bbox 2091 911 2310 966; x_wconf 90' lang='lat' dir='ltr'><strong>euntes,</strong></span> <span class='ocrx_word' id='word_1_78' title='bbox 2420 930 2422 965; x_wconf 50' lang='grc' dir='ltr'><em>ι</em></span> 
     </span>
    </p>
   </div>
   <div class='ocr_carea' id='block_1_11' title="bbox 2322 885 4015 973">
    <p class='ocr_par' dir='ltr' id='par_1_11' title="bbox 2420 885 4015 966">
     <span class='ocr_line' id='line_1_11' title="bbox 2420 885 4015 966; baseline -0.007 -20"><span class='ocrx_word' id='word_1_79' title='bbox 2420 912 2572 966; x_wconf 84' lang='grc' dir='ltr'>ρεσιν</span> <span class='ocrx_word' id='word_1_80' title='bbox 2601 895 3034 966; x_wconf 72' lang='grc' dir='ltr'><strong>ἀνεθεμάτισαν,</strong></span> <span class='ocrx_word' id='word_1_81' title='bbox 3090 895 3188 963; x_wconf 77' lang='grc' dir='ltr'><strong>τὴν</strong></span> <span class='ocrx_word' id='word_1_82' title='bbox 3219 893 3277 945; x_wconf 76' lang='grc' dir='ltr'><strong>δὲ</strong></span> <span class='ocrx_word' id='word_1_83' title='bbox 3325 895 3426 961; x_wconf 83' lang='grc' dir='ltr'>τῆς</span> <span class='ocrx_word' id='word_1_84' title='bbox 3452 889 3748 956; x_wconf 77' lang='grc' dir='ltr'>καθολικῆς</span> <span class='ocrx_word' id='word_1_85' title='bbox 3778 885 4015 952; x_wconf 78' lang='grc' dir='ltr'>Ἐκκλη-</span> 
     </span>
    </p>
   </div>
   <div class='ocr_carea' id='block_1_12' title="bbox 733 977 2426 1070">
    <p class='ocr_par' dir='ltr' id='par_1_12' title="bbox 733 996 2426 1070">
     <span class='ocr_line' id='line_1_12' title="bbox 733 996 2426 1070; baseline -0.014 -3"><span class='ocrx_word' id='word_1_86' title='bbox 733 1011 896 1067; x_wconf 83' lang='lat' dir='ltr'><strong>sicuti</strong></span> <span class='ocrx_word' id='word_1_87' title='bbox 956 1008 1216 1070; x_wconf 78' lang='lat' dir='ltr'><strong>diximus,</strong></span> <span class='ocrx_word' id='word_1_88' title='bbox 1269 1005 1505 1059; x_wconf 89' lang='lat' dir='ltr'><strong>concilio</strong></span> <span class='ocrx_word' id='word_1_89' title='bbox 1547 1003 1738 1058; x_wconf 65' lang='lat' dir='ltr'><strong>Nicaeae</strong></span> <span class='ocrx_word' id='word_1_90' title='bbox 1784 1007 1996 1061; x_wconf 90' lang='lat' dir='ltr'><strong>coacto,</strong></span> <span class='ocrx_word' id='word_1_91' title='bbox 2054 996 2311 1050; x_wconf 82' lang='lat' dir='ltr'><strong>Arianam</strong></span> <span class='ocrx_word' id='word_1_92' title='bbox 2417 1007 2426 1036; x_wconf 73' lang='grc' dir='ltr'>ε</span> 
     </span>
    </p>
   </div>
   <div class='ocr_carea' id='block_1_13' title="bbox 2320 977 4013 1070">
    <p class='ocr_par' dir='ltr' id='par_1_13' title="bbox 2417 977 4013 1055">
     <span class='ocr_line' id='line_1_13' title="bbox 2417 977 4013 1055; baseline -0.007 -16"><span class='ocrx_word' id='word_1_93' title='bbox 2417 987 2544 1050; x_wconf 91' lang='grc' dir='ltr'>σίας</span> <span class='ocrx_word' id='word_1_94' title='bbox 2586 988 2776 1040; x_wconf 85' lang='grc' dir='ltr'>πίστιν</span> <span class='ocrx_word' id='word_1_95' title='bbox 2815 987 3184 1055; x_wconf 72' lang='grc' dir='ltr'><strong>ὡμολόγησαν</strong></span> <span class='ocrx_word' id='word_1_96' title='bbox 3220 987 3541 1053; x_wconf 78' lang='grc' dir='ltr'><strong>ἐγγράφως.</strong></span> <span class='ocrx_word' id='word_1_97' title='bbox 3578 983 3768 1046; x_wconf 81' lang='grc' dir='ltr'>Ὥστε,</span> <span class='ocrx_word' id='word_1_98' title='bbox 3806 977 4013 1046; x_wconf 77' lang='grc' dir='ltr'><strong>ταύτης</strong></span> 
     </span>
    </p>
   </div>
   <div class='ocr_carea' id='block_1_14' title="bbox 733 1071 2426 1174">
    <p class='ocr_par' dir='ltr' id='par_1_14' title="bbox 733 1087 2426 1174">
     <span class='ocr_line' id='line_1_14' title="bbox 733 1087 2426 1174; baseline -0.011 -20"><span class='ocrx_word' id='word_1_99' title='bbox 733 1104 951 1174; x_wconf 84' lang='lat' dir='ltr'><strong>quidem</strong></span> <span class='ocrx_word' id='word_1_100' title='bbox 998 1100 1251 1155; x_wconf 67' lang='lat' dir='ltr'><strong>liaaresint</strong></span> <span class='ocrx_word' id='word_1_101' title='bbox 1287 1098 1636 1151; x_wconf 89' lang='lat' dir='ltr'><strong>anathemate</strong></span> <span class='ocrx_word' id='word_1_102' title='bbox 1677 1091 2083 1150; x_wconf 72' lang='lat' dir='ltr'><strong>confoderunt,</strong></span> <span class='ocrx_word' id='word_1_103' title='bbox 2124 1087 2316 1141; x_wconf 89' lang='lat' dir='ltr'><strong>catho—</strong></span> <span class='ocrx_word' id='word_1_104' title='bbox 2419 1098 2426 1128; x_wconf 69' lang='grc' dir='ltr'><strong><em>τ</em></strong></span> 
     </span>
    </p>
   </div>
   <div class='ocr_carea' id='block_1_15' title="bbox 2323 1071 4016 1174">
    <p class='ocr_par' dir='ltr' id='par_1_15' title="bbox 2419 1071 4016 1150">
     <span class='ocr_line' id='line_1_15' title="bbox 2419 1071 4016 1150; baseline -0.007 -18"><span class='ocrx_word' id='word_1_105' title='bbox 2419 1079 2694 1148; x_wconf 73' lang='grc' dir='ltr'><strong>πανταχοῦ</strong></span> <span class='ocrx_word' id='word_1_106' title='bbox 2721 1080 3163 1150; x_wconf 75' lang='grc' dir='ltr'>κηρυττομένης,</span> <span class='ocrx_word' id='word_1_107' title='bbox 3185 1075 3606 1143; x_wconf 71' lang='grc' dir='ltr'>ἀποσεεσθῆναι</span> <span class='ocrx_word' id='word_1_108' title='bbox 3636 1075 3735 1142; x_wconf 76' lang='grc' dir='ltr'>τὴν</span> <span class='ocrx_word' id='word_1_109' title='bbox 3755 1073 3859 1124; x_wconf 81' lang='grc' dir='ltr'><strong>ἀνα</strong></span> <span class='ocrx_word' id='word_1_110' title='bbox 3875 1071 4016 1136; x_wconf 66' lang='grc' dir='ltr'>ξθεί-</span> 
     </span>
    </p>
   </div>
   <div class='ocr_carea' id='block_1_16' title="bbox 734 1159 2427 1251">
    <p class='ocr_par' dir='ltr' id='par_1_16' title="bbox 734 1178 2427 1251">
     <span class='ocr_line' id='line_1_16' title="bbox 734 1178 2427 1251; baseline -0.013 0"><span class='ocrx_word' id='word_1_111' title='bbox 734 1199 850 1251; x_wconf 83' lang='lat' dir='ltr'><strong>lie-.e</strong></span> <span class='ocrx_word' id='word_1_112' title='bbox 877 1205 1060 1249; x_wconf 84' lang='lat' dir='ltr'><strong>autem</strong></span> <span class='ocrx_word' id='word_1_113' title='bbox 1094 1203 1149 1246; x_wconf 82' lang='lat' dir='ltr'><strong>et</strong></span> <span class='ocrx_word' id='word_1_114' title='bbox 1176 1190 1506 1245; x_wconf 86' lang='lat' dir='ltr'><strong>universalis</strong></span> <span class='ocrx_word' id='word_1_115' title='bbox 1552 1186 1814 1242; x_wconf 78' lang='lat' dir='ltr'><strong>Ecclesia:</strong></span> <span class='ocrx_word' id='word_1_116' title='bbox 1850 1182 1972 1236; x_wconf 87' lang='lat' dir='ltr'><strong>lidei</strong></span> <span class='ocrx_word' id='word_1_117' title='bbox 2012 1178 2314 1250; x_wconf 82' lang='lat' dir='ltr'><strong>professio-</strong></span> <span class='ocrx_word' id='word_1_118' title='bbox 2421 1191 2427 1219; x_wconf 76' lang='grc' dir='ltr'><strong>ι</strong></span> 
     </span>
    </p>
   </div>
   <div class='ocr_carea' id='block_1_17' title="bbox 2321 1159 4014 1251">
    <p class='ocr_par' dir='ltr' id='par_1_17' title="bbox 2421 1159 4014 1241">
     <span class='ocr_line' id='line_1_17' title="bbox 2421 1159 4014 1241; baseline -0.007 -18"><span class='ocrx_word' id='word_1_119' title='bbox 2421 1188 2520 1223; x_wconf 89' lang='grc' dir='ltr'><strong>σαν</strong></span> <span class='ocrx_word' id='word_1_120' title='bbox 2555 1173 2770 1241; x_wconf 79' lang='grc' dir='ltr'>αἰρεσιν</span> <span class='ocrx_word' id='word_1_121' title='bbox 2814 1173 2964 1239; x_wconf 77' lang='grc' dir='ltr'>παρὰ</span> <span class='ocrx_word' id='word_1_122' title='bbox 2983 1169 3091 1222; x_wconf 85' lang='grc' dir='ltr'><strong>τῶν</strong></span> <span class='ocrx_word' id='word_1_123' title='bbox 3122 1167 3440 1239; x_wconf 75' lang='grc' dir='ltr'>αἱρετικῶν.</span> <span class='ocrx_word' id='word_1_124' title='bbox 3480 1163 3590 1219; x_wconf 82' lang='grc' dir='ltr'>Ἦν</span> <span class='ocrx_word' id='word_1_125' title='bbox 3624 1166 3722 1234; x_wconf 76' lang='grc' dir='ltr'><strong>μὲν</strong></span> <span class='ocrx_word' id='word_1_126' title='bbox 3753 1162 3845 1215; x_wconf 83' lang='grc' dir='ltr'><strong>οῦν</strong></span> <span class='ocrx_word' id='word_1_127' title='bbox 3871 1159 4014 1228; x_wconf 80' lang='grc' dir='ltr'>αὕτη</span> 
     </span>
    </p>
   </div>
   <div class='ocr_carea' id='block_1_18' title="bbox 735 1256 2428 1355">
    <p class='ocr_par' dir='ltr' id='par_1_18' title="bbox 735 1272 2428 1355">
     <span class='ocr_line' id='line_1_18' title="bbox 735 1272 2428 1355; baseline -0.015 -11"><span class='ocrx_word' id='word_1_128' title='bbox 735 1307 857 1344; x_wconf 89' lang='lat' dir='ltr'><strong>nem</strong></span> <span class='ocrx_word' id='word_1_129' title='bbox 887 1293 938 1342; x_wconf 91' lang='lat' dir='ltr'><strong>in</strong></span> <span class='ocrx_word' id='word_1_130' title='bbox 990 1287 1263 1355; x_wconf 84' lang='lat' dir='ltr'><strong>scriptum</strong></span> <span class='ocrx_word' id='word_1_131' title='bbox 1312 1284 1624 1338; x_wconf 89' lang='lat' dir='ltr'><strong>retulerunt</strong></span> <span class='ocrx_word' id='word_1_132' title='bbox 1667 1297 1681 1333; x_wconf 87' lang='lat'><strong>:</strong></span> <span class='ocrx_word' id='word_1_133' title='bbox 1733 1289 1793 1331; x_wconf 88' lang='lat' dir='ltr'><strong>ut</strong></span> <span class='ocrx_word' id='word_1_134' title='bbox 1834 1292 1896 1329; x_wconf 90' lang='lat' dir='ltr'><strong>ea</strong></span> <span class='ocrx_word' id='word_1_135' title='bbox 1937 1275 2051 1343; x_wconf 81' lang='lat' dir='ltr'><strong>ipsa</strong></span> <span class='ocrx_word' id='word_1_136' title='bbox 2105 1272 2310 1340; x_wconf 86' lang='lat' dir='ltr'><strong>ubique</strong></span> <span class='ocrx_word' id='word_1_137' title='bbox 2419 1281 2428 1316; x_wconf 67' lang='grc' dir='ltr'><strong>τ</strong></span> 
     </span>
    </p>
   </div>
   <div class='ocr_carea' id='block_1_19' title="bbox 2324 1256 4017 1355">
    <p class='ocr_par' dir='ltr' id='par_1_19' title="bbox 2419 1256 4017 1333">
     <span class='ocr_line' id='line_1_19' title="bbox 2419 1256 4017 1333; baseline -0.007 -17"><span class='ocrx_word' id='word_1_138' title='bbox 2419 1263 2564 1320; x_wconf 79' lang='grc' dir='ltr'>κατὰ</span> <span class='ocrx_word' id='word_1_139' title='bbox 2593 1265 2773 1316; x_wconf 81' lang='grc' dir='ltr'>πᾶσαν</span> <span class='ocrx_word' id='word_1_140' title='bbox 2821 1263 3119 1333; x_wconf 80' lang='grc' dir='ltr'>ἐκκλησίαν</span> <span class='ocrx_word' id='word_1_141' title='bbox 3150 1259 3644 1328; x_wconf 63' lang='grc' dir='ltr'>ἀναγινωσκνμένη</span> <span class='ocrx_word' id='word_1_142' title='bbox 3676 1274 3735 1308; x_wconf 88' lang='grc' dir='ltr'><strong>τε</strong></span> <span class='ocrx_word' id='word_1_143' title='bbox 3769 1256 3866 1308; x_wconf 74' lang='grc' dir='ltr'>καὶ</span> <span class='ocrx_word' id='word_1_144' title='bbox 3914 1272 4017 1324; x_wconf 88' lang='grc' dir='ltr'>κη-</span> 
     </span>
    </p>
   </div>
   <div class='ocr_carea' id='block_1_20' title="bbox 733 1349 2426 1452">
    <p class='ocr_par' dir='ltr' id='par_1_20' title="bbox 733 1363 2426 1452">
     <span class='ocr_line' id='line_1_20' title="bbox 733 1363 2426 1452; baseline -0.012 -16"><span class='ocrx_word' id='word_1_145' title='bbox 733 1382 1117 1452; x_wconf 70' lang='grc' dir='ltr'>(Ιρνηεάἰείιια,</span> <span class='ocrx_word' id='word_1_146' title='bbox 1172 1380 1397 1433; x_wconf 89' lang='lat' dir='ltr'><strong>suhorta</strong></span> <span class='ocrx_word' id='word_1_147' title='bbox 1439 1374 1884 1441; x_wconf 78' lang='lat' dir='ltr'><strong>exstingueretur</strong></span> <span class='ocrx_word' id='word_1_148' title='bbox 1942 1366 2190 1421; x_wconf 68' lang='lat' dir='ltr'><strong>han-esis.</strong></span> <span class='ocrx_word' id='word_1_149' title='bbox 2248 1363 2314 1418; x_wconf 86' lang='lat' dir='ltr'><strong>Et</strong></span> <span class='ocrx_word' id='word_1_150' title='bbox 2424 1382 2426 1424; x_wconf 56' lang='lat'><strong>1</strong></span> 
     </span>
    </p>
   </div>
   <div class='ocr_carea' id='block_1_21' title="bbox 2322 1349 4015 1452">
    <p class='ocr_par' dir='ltr' id='par_1_21' title="bbox 2424 1349 4015 1426">
     <span class='ocr_line' id='line_1_21' title="bbox 2424 1349 4015 1426; baseline -0.006 -19"><span class='ocrx_word' id='word_1_151' title='bbox 2424 1356 2752 1426; x_wconf 64' lang='grc' dir='ltr'>ρυττομθένη.</span> <span class='ocrx_word' id='word_1_152' title='bbox 2815 1353 2958 1406; x_wconf 85' lang='grc' dir='ltr'>Ἀλλ’</span> <span class='ocrx_word' id='word_1_153' title='bbox 3013 1355 3206 1421; x_wconf 77' lang='grc' dir='ltr'>ἐπειδὴ</span> <span class='ocrx_word' id='word_1_154' title='bbox 3277 1355 3378 1422; x_wconf 78' lang='grc' dir='ltr'><strong>τὴν</strong></span> <span class='ocrx_word' id='word_1_155' title='bbox 3447 1349 3739 1419; x_wconf 76' lang='grc' dir='ltr'>Ἀρειανὴν</span> <span class='ocrx_word' id='word_1_156' title='bbox 3800 1349 4015 1415; x_wconf 74' lang='grc' dir='ltr'>αἵρεσιν</span> 
     </span>
    </p>
   </div>
   <div class='ocr_carea' id='block_1_22' title="bbox 734 1440 2427 1540">
    <p class='ocr_par' dir='ltr' id='par_1_22' title="bbox 734 1458 2427 1540">
     <span class='ocr_line' id='line_1_22' title="bbox 734 1458 2427 1540; baseline -0.014 -9"><span class='ocrx_word' id='word_1_157' title='bbox 734 1481 873 1531; x_wconf 86' lang='lat' dir='ltr'><strong>lecta</strong></span> <span class='ocrx_word' id='word_1_158' title='bbox 905 1475 992 1528; x_wconf 90' lang='lat' dir='ltr'><strong>illa</strong></span> <span class='ocrx_word' id='word_1_159' title='bbox 1025 1459 1110 1529; x_wconf 85' lang='lat' dir='ltr'><strong>est</strong></span> <span class='ocrx_word' id='word_1_160' title='bbox 1146 1481 1310 1540; x_wconf 82' lang='lat' dir='ltr'><strong>atque</strong></span> <span class='ocrx_word' id='word_1_161' title='bbox 1339 1469 1616 1524; x_wconf 86' lang='lat' dir='ltr'><strong>celebrata</strong></span> <span class='ocrx_word' id='word_1_162' title='bbox 1645 1467 1697 1518; x_wconf 89' lang='lat' dir='ltr'><strong>in</strong></span> <span class='ocrx_word' id='word_1_163' title='bbox 1739 1462 1974 1517; x_wconf 80' lang='lat' dir='ltr'><strong>ecclesia</strong></span> <span class='ocrx_word' id='word_1_164' title='bbox 2001 1459 2172 1515; x_wconf 93' lang='lat' dir='ltr'><strong>omni.</strong></span> <span class='ocrx_word' id='word_1_165' title='bbox 2198 1458 2315 1512; x_wconf 67' lang='grc' dir='ltr'>(Σαι-</span> <span class='ocrx_word' id='word_1_166' title='bbox 2419 1467 2427 1499; x_wconf 69' lang='grc' dir='ltr'><strong>ι</strong></span> 
     </span>
    </p>
   </div>
   <div class='ocr_carea' id='block_1_23' title="bbox 2323 1440 4016 1540">
    <p class='ocr_par' dir='ltr' id='par_1_23' title="bbox 2419 1440 4016 1518">
     <span class='ocr_line' id='line_1_23' title="bbox 2419 1440 4016 1518; baseline -0.006 -19"><span class='ocrx_word' id='word_1_167' title='bbox 2419 1448 2729 1501; x_wconf 83' lang='grc' dir='ltr'>ἁνανεῶσαι</span> <span class='ocrx_word' id='word_1_168' title='bbox 2792 1446 3111 1518; x_wconf 77' lang='grc' dir='ltr'>βουλόμενοί</span> <span class='ocrx_word' id='word_1_169' title='bbox 3161 1463 3308 1507; x_wconf 88' lang='grc' dir='ltr'>τινες</span> <span class='ocrx_word' id='word_1_170' title='bbox 3350 1445 3449 1513; x_wconf 78' lang='grc' dir='ltr'>μὲν</span> <span class='ocrx_word' id='word_1_171' title='bbox 3488 1443 3657 1512; x_wconf 81' lang='grc' dir='ltr'>αὐτὴν</span> <span class='ocrx_word' id='word_1_172' title='bbox 3688 1443 3789 1511; x_wconf 82' lang='grc' dir='ltr'>τὴν</span> <span class='ocrx_word' id='word_1_173' title='bbox 3824 1443 3883 1494; x_wconf 71' lang='grc' dir='ltr'>ἑν</span> <span class='ocrx_word' id='word_1_174' title='bbox 3917 1440 4016 1492; x_wconf 79' lang='grc' dir='ltr'><strong>Νι·</strong></span> 
     </span>
    </p>
   </div>
   <div class='ocr_carea' id='block_1_24' title="bbox 737 1535 2430 1624">
    <p class='ocr_par' dir='ltr' id='par_1_24' title="bbox 737 1556 2430 1624">
     <span class='ocr_line' id='line_1_24' title="bbox 737 1556 2430 1624; baseline -0.013 0"><span class='ocrx_word' id='word_1_175' title='bbox 737 1582 911 1624; x_wconf 87' lang='lat' dir='ltr'><strong>ternm</strong></span> <span class='ocrx_word' id='word_1_176' title='bbox 955 1583 1079 1624; x_wconf 84' lang='lat' dir='ltr'><strong>cum</strong></span> <span class='ocrx_word' id='word_1_177' title='bbox 1113 1579 1378 1620; x_wconf 87' lang='lat' dir='ltr'><strong>renovare</strong></span> <span class='ocrx_word' id='word_1_178' title='bbox 1410 1561 1664 1616; x_wconf 76' lang='lat' dir='ltr'><strong>Arianam</strong></span> <span class='ocrx_word' id='word_1_179' title='bbox 1695 1556 1949 1611; x_wconf 75' lang='lat' dir='ltr'><strong>lneresim</strong></span> <span class='ocrx_word' id='word_1_180' title='bbox 1996 1568 2144 1607; x_wconf 90' lang='lat' dir='ltr'><strong>nunc</strong></span> <span class='ocrx_word' id='word_1_181' title='bbox 2173 1566 2315 1621; x_wconf 83' lang='lat' dir='ltr'><strong>quo-</strong></span> <span class='ocrx_word' id='word_1_182' title='bbox 2421 1561 2430 1594; x_wconf 70' lang='grc' dir='ltr'><strong><em>π</em></strong></span> 
     </span>
    </p>
   </div>
   <div class='ocr_carea' id='block_1_25' title="bbox 2324 1535 4017 1624">
    <p class='ocr_par' dir='ltr' id='par_1_25' title="bbox 2421 1535 4017 1612">
     <span class='ocr_line' id='line_1_25' title="bbox 2421 1535 4017 1612; baseline -0.007 -18"><span class='ocrx_word' id='word_1_183' title='bbox 2421 1541 2552 1612; x_wconf 76' lang='grc' dir='ltr'>καίᾳ</span> <span class='ocrx_word' id='word_1_184' title='bbox 2603 1540 2753 1610; x_wconf 77' lang='grc' dir='ltr'>παρὰ</span> <span class='ocrx_word' id='word_1_185' title='bbox 2783 1541 2890 1594; x_wconf 83' lang='grc' dir='ltr'><strong>τῶν</strong></span> <span class='ocrx_word' id='word_1_186' title='bbox 2936 1540 3190 1610; x_wconf 80' lang='grc' dir='ltr'>Πατέρων</span> <span class='ocrx_word' id='word_1_187' title='bbox 3237 1536 3674 1607; x_wconf 71' lang='grc' dir='ltr'><strong>ὁμολογηθεῖσαν</strong></span> <span class='ocrx_word' id='word_1_188' title='bbox 3711 1535 3897 1586; x_wconf 78' lang='grc' dir='ltr'>πίστιν</span> <span class='ocrx_word' id='word_1_189' title='bbox 3928 1549 4017 1584; x_wconf 85' lang='grc' dir='ltr'>τε-</span> 
     </span>
    </p>
   </div>
   <div class='ocr_carea' id='block_1_26' title="bbox 738 1628 2431 1733">
    <p class='ocr_par' dir='ltr' id='par_1_26' title="bbox 738 1646 2431 1733">
     <span class='ocr_line' id='line_1_26' title="bbox 738 1646 2431 1733; baseline -0.013 -15"><span class='ocrx_word' id='word_1_190' title='bbox 738 1681 844 1733; x_wconf 82' lang='lat' dir='ltr'><strong>que</strong></span> <span class='ocrx_word' id='word_1_191' title='bbox 884 1663 1154 1723; x_wconf 86' lang='lat' dir='ltr'><strong>volentes,</strong></span> <span class='ocrx_word' id='word_1_192' title='bbox 1214 1657 1457 1712; x_wconf 90' lang='lat' dir='ltr'><strong>nonnulli</strong></span> <span class='ocrx_word' id='word_1_193' title='bbox 1505 1654 1724 1723; x_wconf 80' lang='lat' dir='ltr'><strong>quidem</strong></span> <span class='ocrx_word' id='word_1_194' title='bbox 1759 1668 1788 1704; x_wconf 88' lang='lat' dir='ltr'><strong>a</strong></span> <span class='ocrx_word' id='word_1_195' title='bbox 1833 1648 2088 1704; x_wconf 82' lang='lat' dir='ltr'><strong>Patribus</strong></span> <span class='ocrx_word' id='word_1_196' title='bbox 2118 1646 2316 1701; x_wconf 63' lang='lat' dir='ltr'><strong>Nicaeae</strong></span> <span class='ocrx_word' id='word_1_197' title='bbox 2418 1653 2431 1682; x_wconf 42' lang='grc' dir='ltr'>ἢ</span> 
     </span>
    </p>
   </div>
   <div class='ocr_carea' id='block_1_27' title="bbox 2324 1628 4017 1733">
    <p class='ocr_par' dir='ltr' id='par_1_27' title="bbox 2418 1628 4017 1704">
     <span class='ocr_line' id='line_1_27' title="bbox 2418 1628 4017 1704; baseline -0.005 -17"><span class='ocrx_word' id='word_1_198' title='bbox 2418 1636 2762 1704; x_wconf 84' lang='grc' dir='ltr'>τολμήκασιν</span> <span class='ocrx_word' id='word_1_199' title='bbox 2798 1632 3087 1701; x_wconf 68' lang='grc' dir='ltr'>ἀθετῆσαι,</span> <span class='ocrx_word' id='word_1_200' title='bbox 3128 1633 3275 1694; x_wconf 76' lang='grc' dir='ltr'>τινες</span> <span class='ocrx_word' id='word_1_201' title='bbox 3318 1631 3376 1684; x_wconf 83' lang='grc' dir='ltr'><strong>δὲ</strong></span> <span class='ocrx_word' id='word_1_202' title='bbox 3411 1628 3849 1699; x_wconf 76' lang='grc' dir='ltr'>σχηματίζονται</span> <span class='ocrx_word' id='word_1_203' title='bbox 3886 1630 4017 1694; x_wconf 75' lang='grc' dir='ltr'>ὁμοο</span> 
     </span>
    </p>
   </div>
   <div class='ocr_carea' id='block_1_28' title="bbox 737 1725 2430 1825">
    <p class='ocr_par' dir='ltr' id='par_1_28' title="bbox 737 1728 2430 1825">
     <span class='ocr_line' id='line_1_28' title="bbox 737 1728 2430 1825; baseline -0.012 -17"><span class='ocrx_word' id='word_1_204' title='bbox 737 1755 1138 1825; x_wconf 77' lang='lat' dir='ltr'><strong>promulgatam</strong></span> <span class='ocrx_word' id='word_1_205' title='bbox 1170 1751 1329 1804; x_wconf 83' lang='lat' dir='ltr'><strong>ﬁdem</strong></span> <span class='ocrx_word' id='word_1_206' title='bbox 1365 1749 1634 1816; x_wconf 82' lang='lat' dir='ltr'><strong>abrogare</strong></span> <span class='ocrx_word' id='word_1_207' title='bbox 1660 1744 1919 1805; x_wconf 86' lang='lat' dir='ltr'><strong>audeant,</strong></span> <span class='ocrx_word' id='word_1_208' title='bbox 1949 1739 2173 1809; x_wconf 90' lang='lat' dir='ltr'><strong>quidam</strong></span> <span class='ocrx_word' id='word_1_209' title='bbox 2220 1753 2316 1790; x_wconf 87' lang='lat' dir='ltr'><strong>au-</strong></span> <span class='ocrx_word' id='word_1_210' title='bbox 2420 1728 2430 1780; x_wconf 72' lang='grc' dir='ltr'>ἰ</span> 
     </span>
    </p>
   </div>
   <div class='ocr_carea' id='block_1_29' title="bbox 2326 1725 4019 1825">
    <p class='ocr_par' dir='ltr' id='par_1_29' title="bbox 2420 1725 4019 1797">
     <span class='ocr_line' id='line_1_29' title="bbox 2420 1725 4019 1797; baseline -0.005 -17"><span class='ocrx_word' id='word_1_211' title='bbox 2420 1728 2600 1795; x_wconf 80' lang='grc' dir='ltr'>λογεῖν</span> <span class='ocrx_word' id='word_1_212' title='bbox 2627 1727 2821 1797; x_wconf 72' lang='grc' dir='ltr'>αὐτὴν,</span> <span class='ocrx_word' id='word_1_213' title='bbox 2853 1730 2974 1794; x_wconf 82' lang='grc' dir='ltr'>ταῖς</span> <span class='ocrx_word' id='word_1_214' title='bbox 3013 1726 3069 1778; x_wconf 80' lang='grc' dir='ltr'><strong>δὲ</strong></span> <span class='ocrx_word' id='word_1_215' title='bbox 3117 1725 3409 1795; x_wconf 80' lang='grc' dir='ltr'>ἀληθείαις</span> <span class='ocrx_word' id='word_1_216' title='bbox 3454 1726 3770 1793; x_wconf 70' lang='grc' dir='ltr'>ἀρνοῦνται,</span> <span class='ocrx_word' id='word_1_217' title='bbox 3805 1739 4019 1792; x_wconf 74' lang='grc' dir='ltr'>παρερ-</span> 
     </span>
    </p>
   </div>
   <div class='ocr_carea' id='block_1_30' title="bbox 741 1811 2434 1916">
    <p class='ocr_par' dir='ltr' id='par_1_30' title="bbox 741 1811 2434 1916">
     <span class='ocr_line' id='line_1_30' title="bbox 741 1811 2434 1916; baseline -0.013 -14"><span class='ocrx_word' id='word_1_218' title='bbox 741 1811 847 1902; x_wconf 68' lang='lat' dir='ltr'><strong>tem</strong></span> <span class='ocrx_word' id='word_1_219' title='bbox 882 1811 990 1916; x_wconf 47' lang='lat' dir='ltr'><strong>pr;</strong></span> <span class='ocrx_word' id='word_1_220' title='bbox 1024 1859 1082 1898; x_wconf 88' lang='lat' dir='ltr'><strong>se</strong></span> <span class='ocrx_word' id='word_1_221' title='bbox 1104 1842 1328 1913; x_wconf 88' lang='lat' dir='ltr'><strong>quidem</strong></span> <span class='ocrx_word' id='word_1_222' title='bbox 1361 1811 1586 1893; x_wconf 70' lang='lat' dir='ltr'><strong>obtentu</strong></span> <span class='ocrx_word' id='word_1_223' title='bbox 1621 1835 1853 1906; x_wconf 86' lang='lat' dir='ltr'><strong>quodam</strong></span> <span class='ocrx_word' id='word_1_224' title='bbox 1891 1831 2069 1886; x_wconf 74' lang='lat' dir='ltr'><strong>[erant</strong></span> <span class='ocrx_word' id='word_1_225' title='bbox 2103 1829 2318 1898; x_wconf 79' lang='lat' dir='ltr'><strong>profes-</strong></span> <span class='ocrx_word' id='word_1_226' title='bbox 2354 1885 2393 1916; x_wconf 54' lang='grc' dir='ltr'>η</span> <span class='ocrx_word' id='word_1_227' title='bbox 2427 1838 2434 1887; x_wconf 90' lang='lat'><strong>:</strong></span> 
     </span>
    </p>
   </div>
   <div class='ocr_carea' id='block_1_31' title="bbox 2328 1811 4021 1916">
    <p class='ocr_par' dir='ltr' id='par_1_31' title="bbox 2354 1811 4021 1916">
     <span class='ocr_line' id='line_1_31' title="bbox 2354 1811 4021 1916; baseline -0.006 -43"><span class='ocrx_word' id='word_1_228' title='bbox 2354 1885 2393 1916; x_wconf 54' lang='grc' dir='ltr'><strong>η</strong></span> <span class='ocrx_word' id='word_1_229' title='bbox 2427 1819 2754 1887; x_wconf 85' lang='grc' dir='ltr'>μηνεύοντες</span> <span class='ocrx_word' id='word_1_230' title='bbox 2805 1818 2866 1870; x_wconf 82' lang='grc' dir='ltr'><strong>τὸ</strong></span> <span class='ocrx_word' id='word_1_231' title='bbox 2895 1817 3204 1887; x_wconf 85' lang='grc' dir='ltr'>ὁμοούσιον,</span> <span class='ocrx_word' id='word_1_232' title='bbox 3246 1819 3345 1871; x_wconf 71' lang='grc' dir='ltr'>καὶ</span> <span class='ocrx_word' id='word_1_233' title='bbox 3379 1811 3525 1870; x_wconf 73' lang='grc' dir='ltr'>οὗτοι</span> <span class='ocrx_word' id='word_1_234' title='bbox 3563 1815 4021 1885; x_wconf 69' lang='grc' dir='ltr'>βλασφημοῦντες</span> 
     </span>
    </p>
   </div>
   <div class='ocr_carea' id='block_1_32' title="bbox 739 1907 2432 2009">
    <p class='ocr_par' dir='ltr' id='par_1_32' title="bbox 739 1907 2432 2009">
     <span class='ocr_line' id='line_1_32' title="bbox 739 1907 2432 2009; baseline -0.015 -13"><span class='ocrx_word' id='word_1_235' title='bbox 739 1945 948 1996; x_wconf 89' lang='lat' dir='ltr'><strong>sionem</strong></span> <span class='ocrx_word' id='word_1_236' title='bbox 980 1941 1122 2009; x_wconf 89' lang='lat' dir='ltr'><strong>ejus,</strong></span> <span class='ocrx_word' id='word_1_237' title='bbox 1159 1953 1218 1990; x_wconf 89' lang='lat' dir='ltr'><strong>re</strong></span> <span class='ocrx_word' id='word_1_238' title='bbox 1253 1937 1367 2004; x_wconf 90' lang='lat' dir='ltr'><strong>ipsa</strong></span> <span class='ocrx_word' id='word_1_239' title='bbox 1399 1947 1531 1988; x_wconf 78' lang='lat' dir='ltr'><strong>vero</strong></span> <span class='ocrx_word' id='word_1_240' title='bbox 1553 1946 1672 1983; x_wconf 82' lang='lat' dir='ltr'><strong>eam</strong></span> <span class='ocrx_word' id='word_1_241' title='bbox 1697 1935 1916 1997; x_wconf 80' lang='lat' dir='ltr'><strong>negent,</strong></span> <span class='ocrx_word' id='word_1_242' title='bbox 1944 1938 2231 1994; x_wconf 84' lang='lat' dir='ltr'><strong>perperam</strong></span> <span class='ocrx_word' id='word_1_243' title='bbox 2259 1921 2318 1973; x_wconf 88' lang='grc' dir='ltr'><strong>τὸ</strong></span> <span class='ocrx_word' id='word_1_244' title='bbox 2354 1907 2394 1938; x_wconf 74' lang='grc'><strong>⁸⁵</strong></span> <span class='ocrx_word' id='word_1_245' title='bbox 2422 1932 2432 1944; x_wconf 87' lang='grc'><strong>·</strong></span> 
     </span>
    </p>
   </div>
   <div class='ocr_carea' id='block_1_33' title="bbox 2330 1907 4023 2009">
    <p class='ocr_par' dir='ltr' id='par_1_33' title="bbox 2354 1907 4023 1979">
     <span class='ocr_line' id='line_1_33' title="bbox 2354 1907 4023 1979; baseline -0.002 -16"><span class='ocrx_word' id='word_1_246' title='bbox 2354 1907 2394 1938; x_wconf 74' lang='grc'><strong>⁸⁵</strong></span> <span class='ocrx_word' id='word_1_247' title='bbox 2422 1913 2482 1965; x_wconf 80' lang='grc' dir='ltr'><strong>τὸ</strong></span> <span class='ocrx_word' id='word_1_248' title='bbox 2513 1910 2738 1979; x_wconf 77' lang='grc' dir='ltr'>Πνεῦμα</span> <span class='ocrx_word' id='word_1_249' title='bbox 2787 1911 2849 1963; x_wconf 71' lang='grc' dir='ltr'>τὸ</span> <span class='ocrx_word' id='word_1_250' title='bbox 2872 1911 3026 1979; x_wconf 83' lang='grc' dir='ltr'>ἆγιον</span> <span class='ocrx_word' id='word_1_251' title='bbox 3052 1913 3110 1962; x_wconf 84' lang='grc' dir='ltr'>ὲν</span> <span class='ocrx_word' id='word_1_252' title='bbox 3165 1911 3242 1978; x_wconf 80' lang='grc' dir='ltr'><strong>τῷ</strong></span> <span class='ocrx_word' id='word_1_253' title='bbox 3305 1909 3537 1978; x_wconf 78' lang='grc' dir='ltr'>φάσκειν</span> <span class='ocrx_word' id='word_1_254' title='bbox 3568 1909 3769 1968; x_wconf 78' lang='grc' dir='ltr'>αὐτοὺς</span> <span class='ocrx_word' id='word_1_255' title='bbox 3811 1907 4023 1974; x_wconf 82' lang='grc' dir='ltr'>κτίσμα</span> 
     </span>
    </p>
   </div>
   <div class='ocr_carea' id='block_1_34' title="bbox 738 2016 2315 2104">
    <p class='ocr_par' dir='ltr' id='par_1_34' title="bbox 738 2016 2315 2104">
     <span class='ocr_line' id='line_1_34' title="bbox 738 2016 2315 2104; baseline -0.014 -14"><span class='ocrx_word' id='word_1_256' title='bbox 738 2026 1524 2104; x_wconf 68' lang='grc' dir='ltr'>ὁμοούσιονσοιιειιὶιειαηιίιιιε</span> <span class='ocrx_word' id='word_1_257' title='bbox 1553 2024 2002 2090; x_wconf 86' lang='lat' dir='ltr'><strong>interpretantes,</strong></span> <span class='ocrx_word' id='word_1_258' title='bbox 2038 2017 2133 2088; x_wconf 87' lang='lat' dir='ltr'><strong>qui</strong></span> <span class='ocrx_word' id='word_1_259' title='bbox 2171 2016 2315 2070; x_wconf 80' lang='lat' dir='ltr'><strong>blas-</strong></span> 
     </span>
    </p>
   </div>
   <div class='ocr_carea' id='block_1_35' title="bbox 740 2106 2321 2200">
    <p class='ocr_par' dir='ltr' id='par_1_35' title="bbox 740 2106 2321 2200">
     <span class='ocr_line' id='line_1_35' title="bbox 740 2106 2321 2200; baseline -0.015 -17"><span class='ocrx_word' id='word_1_260' title='bbox 740 2127 960 2200; x_wconf 87' lang='lat' dir='ltr'><strong>phemia</strong></span> <span class='ocrx_word' id='word_1_261' title='bbox 985 2125 1147 2180; x_wconf 89' lang='lat' dir='ltr'><strong>etiam</strong></span> <span class='ocrx_word' id='word_1_262' title='bbox 1181 2121 1446 2191; x_wconf 86' lang='lat' dir='ltr'><strong>Spiritum</strong></span> <span class='ocrx_word' id='word_1_263' title='bbox 1475 2125 1725 2171; x_wconf 79' lang='lat' dir='ltr'><strong>sanetum</strong></span> <span class='ocrx_word' id='word_1_264' title='bbox 1759 2119 2045 2182; x_wconf 86' lang='lat' dir='ltr'><strong>appetunt,</strong></span> <span class='ocrx_word' id='word_1_265' title='bbox 2070 2124 2138 2163; x_wconf 90' lang='lat' dir='ltr'><strong>eo</strong></span> <span class='ocrx_word' id='word_1_266' title='bbox 2171 2106 2321 2178; x_wconf 88' lang='lat' dir='ltr'><strong>quod</strong></span> 
     </span>
    </p>
   </div>
   <div class='ocr_carea' id='block_1_36' title="bbox 739 2202 2322 2281">
    <p class='ocr_par' dir='ltr' id='par_1_36' title="bbox 739 2202 2322 2281">
     <span class='ocr_line' id='line_1_36' title="bbox 739 2202 2322 2281; baseline -0.015 -6"><span class='ocrx_word' id='word_1_267' title='bbox 739 2227 1049 2275; x_wconf 88' lang='lat' dir='ltr'><strong>creaturam</strong></span> <span class='ocrx_word' id='word_1_268' title='bbox 1081 2230 1204 2269; x_wconf 86' lang='lat' dir='ltr'><strong>eum</strong></span> <span class='ocrx_word' id='word_1_269' title='bbox 1232 2229 1325 2281; x_wconf 88' lang='lat' dir='ltr'><strong>per</strong></span> <span class='ocrx_word' id='word_1_270' title='bbox 1354 2211 1552 2264; x_wconf 79' lang='lat' dir='ltr'><strong>Filium</strong></span> <span class='ocrx_word' id='word_1_271' title='bbox 1587 2206 1783 2260; x_wconf 83' lang='lat' dir='ltr'><strong>factam</strong></span> <span class='ocrx_word' id='word_1_272' title='bbox 1813 2214 1866 2259; x_wconf 84' lang='lat' dir='ltr'><strong>et</strong></span> <span class='ocrx_word' id='word_1_273' title='bbox 1886 2202 2166 2258; x_wconf 88' lang='lat' dir='ltr'><strong>conditam</strong></span> <span class='ocrx_word' id='word_1_274' title='bbox 2199 2214 2322 2254; x_wconf 90' lang='lat' dir='ltr'><strong>esse</strong></span> 
     </span>
    </p>
   </div>
   <div class='ocr_carea' id='block_1_37' title="bbox 741 2293 2322 2371">
    <p class='ocr_par' dir='ltr' id='par_1_37' title="bbox 741 2293 2322 2371">
     <span class='ocr_line' id='line_1_37' title="bbox 741 2293 2322 2371; baseline -0.015 -3"><span class='ocrx_word' id='word_1_275' title='bbox 741 2313 976 2368; x_wconf 87' lang='lat' dir='ltr'><strong>dicunt:</strong></span> <span class='ocrx_word' id='word_1_276' title='bbox 1033 2307 1346 2363; x_wconf 90' lang='lat' dir='ltr'><strong>necessario</strong></span> <span class='ocrx_word' id='word_1_277' title='bbox 1367 2304 1433 2358; x_wconf 89' lang='lat' dir='ltr'><strong>ad</strong></span> <span class='ocrx_word' id='word_1_278' title='bbox 1482 2305 1741 2371; x_wconf 89' lang='lat' dir='ltr'><strong>pietatem</strong></span> <span class='ocrx_word' id='word_1_279' title='bbox 1783 2306 1954 2360; x_wconf 89' lang='lat' dir='ltr'><strong>tuam,</strong></span> <span class='ocrx_word' id='word_1_280' title='bbox 1983 2309 2105 2349; x_wconf 88' lang='lat' dir='ltr'><strong>eam</strong></span> <span class='ocrx_word' id='word_1_281' title='bbox 2147 2293 2322 2362; x_wconf 90' lang='lat' dir='ltr'><strong>ipsam</strong></span> 
     </span>
    </p>
   </div>
   <div class='ocr_carea' id='block_1_38' title="bbox 743 2384 2323 2470">
    <p class='ocr_par' dir='ltr' id='par_1_38' title="bbox 743 2384 2323 2470">
     <span class='ocr_line' id='line_1_38' title="bbox 743 2384 2323 2470; baseline -0.015 -9"><span class='ocrx_word' id='word_1_282' title='bbox 743 2407 1019 2462; x_wconf 64' lang='lat' dir='ltr'><strong>Nicmnam</strong></span> <span class='ocrx_word' id='word_1_283' title='bbox 1053 2401 1176 2456; x_wconf 80' lang='lat' dir='ltr'><strong>ﬁdei</strong></span> <span class='ocrx_word' id='word_1_284' title='bbox 1209 2399 1609 2470; x_wconf 65' lang='lat' dir='ltr'><strong>professionem</strong></span> <span class='ocrx_word' id='word_1_285' title='bbox 1645 2435 1657 2458; x_wconf 91' lang='lat'><strong>,</strong></span> <span class='ocrx_word' id='word_1_286' title='bbox 1694 2391 2027 2445; x_wconf 85' lang='lat' dir='ltr'><strong>detrimento</strong></span> <span class='ocrx_word' id='word_1_287' title='bbox 2075 2401 2144 2440; x_wconf 92' lang='lat' dir='ltr'><strong>eo</strong></span> <span class='ocrx_word' id='word_1_288' title='bbox 2175 2384 2323 2455; x_wconf 89' lang='lat' dir='ltr'><strong>quod</strong></span> 
     </span>
    </p>
   </div>
   <div class='ocr_carea' id='block_1_39' title="bbox 743 2481 2322 2566">
    <p class='ocr_par' dir='ltr' id='par_1_39' title="bbox 743 2481 2322 2566">
     <span class='ocr_line' id='line_1_39' title="bbox 743 2481 2322 2566; baseline -0.013 -14"><span class='ocrx_word' id='word_1_289' title='bbox 743 2514 812 2553; x_wconf 80' lang='lat' dir='ltr'><strong>cx</strong></span> <span class='ocrx_word' id='word_1_290' title='bbox 845 2494 1158 2566; x_wconf 72' lang='lat' dir='ltr'><strong>huiusmodi</strong></span> <span class='ocrx_word' id='word_1_291' title='bbox 1207 2488 1550 2560; x_wconf 85' lang='lat' dir='ltr'><strong>blasphemia</strong></span> <span class='ocrx_word' id='word_1_292' title='bbox 1605 2485 1762 2540; x_wconf 89' lang='lat' dir='ltr'><strong>multi</strong></span> <span class='ocrx_word' id='word_1_293' title='bbox 1821 2481 2005 2552; x_wconf 87' lang='lat' dir='ltr'><strong>populi</strong></span> <span class='ocrx_word' id='word_1_294' title='bbox 2069 2481 2322 2549; x_wconf 88' lang='lat' dir='ltr'><strong>capiunt,</strong></span> 
     </span>
    </p>
   </div>
   <div class='ocr_carea' id='block_1_40' title="bbox 747 2567 2326 2660">
    <p class='ocr_par' dir='ltr' id='par_1_40' title="bbox 747 2567 2326 2660">
     <span class='ocr_line' id='line_1_40' title="bbox 747 2567 2326 2660; baseline -0.009 -17"><span class='ocrx_word' id='word_1_295' title='bbox 747 2603 1038 2660; x_wconf 83' lang='lat' dir='ltr'><strong>perpenso,</strong></span> <span class='ocrx_word' id='word_1_296' title='bbox 1074 2567 1396 2639; x_wconf 80' lang='lat' dir='ltr'><strong>mittendam</strong></span> <span class='ocrx_word' id='word_1_297' title='bbox 1437 2596 1562 2636; x_wconf 89' lang='lat' dir='ltr'><strong>esse</strong></span> <span class='ocrx_word' id='word_1_298' title='bbox 1609 2580 1888 2640; x_wconf 74' lang='lat' dir='ltr'><strong>duximus,</strong></span> <span class='ocrx_word' id='word_1_299' title='bbox 1917 2584 1975 2630; x_wconf 89' lang='lat' dir='ltr'><strong>ut</strong></span> <span class='ocrx_word' id='word_1_300' title='bbox 2001 2575 2176 2644; x_wconf 86' lang='lat' dir='ltr'><strong>pietas</strong></span> <span class='ocrx_word' id='word_1_301' title='bbox 2235 2583 2326 2628; x_wconf 85' lang='lat' dir='ltr'><strong>tua</strong></span> 
     </span>
    </p>
   </div>
   <div class='ocr_carea' id='block_1_41' title="bbox 748 2675 2326 2752">
    <p class='ocr_par' dir='ltr' id='par_1_41' title="bbox 748 2675 2326 2752">
     <span class='ocr_line' id='line_1_41' title="bbox 748 2675 2326 2752; baseline -0.011 -14"><span class='ocrx_word' id='word_1_302' title='bbox 748 2699 912 2752; x_wconf 79' lang='lat' dir='ltr'><strong>quam</strong></span> <span class='ocrx_word' id='word_1_303' title='bbox 937 2690 1192 2735; x_wconf 90' lang='lat' dir='ltr'><strong>accurate</strong></span> <span class='ocrx_word' id='word_1_304' title='bbox 1228 2694 1292 2733; x_wconf 89' lang='lat' dir='ltr'><strong>ea</strong></span> <span class='ocrx_word' id='word_1_305' title='bbox 1320 2677 1519 2745; x_wconf 90' lang='lat' dir='ltr'><strong>scripta</strong></span> <span class='ocrx_word' id='word_1_306' title='bbox 1566 2675 1659 2737; x_wconf 91' lang='lat' dir='ltr'><strong>sit,</strong></span> <span class='ocrx_word' id='word_1_307' title='bbox 1691 2678 2008 2742; x_wconf 74' lang='lat' dir='ltr'><strong>cognoscat,</strong></span> <span class='ocrx_word' id='word_1_308' title='bbox 2041 2678 2096 2724; x_wconf 90' lang='lat' dir='ltr'><strong>et</strong></span> <span class='ocrx_word' id='word_1_309' title='bbox 2147 2684 2326 2738; x_wconf 81' lang='lat' dir='ltr'><strong>quan-</strong></span> 
     </span>
    </p>
   </div>
   <div class='ocr_carea' id='block_1_42' title="bbox 751 2760 2326 2835">
    <p class='ocr_par' dir='ltr' id='par_1_42' title="bbox 751 2760 2326 2835">
     <span class='ocr_line' id='line_1_42' title="bbox 751 2760 2326 2835; baseline -0.011 -5"><span class='ocrx_word' id='word_1_310' title='bbox 751 2787 867 2831; x_wconf 89' lang='lat' dir='ltr'><strong>tum</strong></span> <span class='ocrx_word' id='word_1_311' title='bbox 925 2789 953 2828; x_wconf 84' lang='lat' dir='ltr'><strong>a</strong></span> <span class='ocrx_word' id='word_1_312' title='bbox 998 2774 1232 2827; x_wconf 83' lang='lat' dir='ltr'><strong>veritate</strong></span> <span class='ocrx_word' id='word_1_313' title='bbox 1289 2773 1568 2831; x_wconf 85' lang='lat' dir='ltr'><strong>aberrent,</strong></span> <span class='ocrx_word' id='word_1_314' title='bbox 1619 2768 1713 2834; x_wconf 88' lang='lat' dir='ltr'><strong>qui</strong></span> <span class='ocrx_word' id='word_1_315' title='bbox 1763 2762 2129 2835; x_wconf 62' lang='lat' dir='ltr'><strong>pt&#39;wterltanc</strong></span> <span class='ocrx_word' id='word_1_316' title='bbox 2179 2760 2326 2815; x_wconf 87' lang='lat' dir='ltr'><strong>aliud</strong></span> 
     </span>
    </p>
   </div>
   <div class='ocr_carea' id='block_1_43' title="bbox 752 2856 2328 2927">
    <p class='ocr_par' dir='ltr' id='par_1_43' title="bbox 752 2856 2328 2927">
     <span class='ocr_line' id='line_1_43' title="bbox 752 2856 2328 2927; baseline -0.012 -2"><span class='ocrx_word' id='word_1_317' title='bbox 752 2870 973 2927; x_wconf 83' lang='lat' dir='ltr'><strong>docent.</strong></span> <span class='ocrx_word' id='word_1_318' title='bbox 1003 2867 1211 2920; x_wconf 83' lang='lat' dir='ltr'><strong>videat.</strong></span> <span class='ocrx_word' id='word_1_319' title='bbox 1247 2863 1380 2916; x_wconf 88' lang='lat' dir='ltr'><strong>Illud</strong></span> <span class='ocrx_word' id='word_1_320' title='bbox 1400 2856 2047 2925; x_wconf 80' lang='lat' dir='ltr'><strong>scito,Christianissimc</strong></span> <span class='ocrx_word' id='word_1_321' title='bbox 2065 2856 2328 2924; x_wconf 79' lang='lat' dir='ltr'><strong>Auguste,</strong></span> 
     </span>
    </p>
   </div>
   <div class='ocr_carea' id='block_1_44' title="bbox 752 2947 2332 3022">
    <p class='ocr_par' dir='ltr' id='par_1_44' title="bbox 752 2947 2332 3022">
     <span class='ocr_line' id='line_1_44' title="bbox 752 2947 2332 3022; baseline -0.011 -6"><span class='ocrx_word' id='word_1_322' title='bbox 752 2980 780 3016; x_wconf 95' lang='lat' dir='ltr'><strong>a</strong></span> <span class='ocrx_word' id='word_1_323' title='bbox 839 2961 1040 3016; x_wconf 64' lang='lat' dir='ltr'><strong>saeculo</strong></span> <span class='ocrx_word' id='word_1_324' title='bbox 1095 2959 1235 3011; x_wconf 92' lang='lat' dir='ltr'><strong>hanc</strong></span> <span class='ocrx_word' id='word_1_325' title='bbox 1281 2969 1404 3009; x_wconf 85' lang='lat' dir='ltr'><strong>esse</strong></span> <span class='ocrx_word' id='word_1_326' title='bbox 1470 2952 1818 3022; x_wconf 71' lang='lat' dir='ltr'><strong>praedii-alam</strong></span> <span class='ocrx_word' id='word_1_327' title='bbox 1854 2949 2036 3012; x_wconf 81' lang='lat' dir='ltr'><strong>(idem,</strong></span> <span class='ocrx_word' id='word_1_328' title='bbox 2071 2956 2126 3000; x_wconf 91' lang='lat' dir='ltr'><strong>et</strong></span> <span class='ocrx_word' id='word_1_329' title='bbox 2189 2947 2332 2999; x_wconf 90' lang='lat' dir='ltr'><strong>hanc</strong></span> 
     </span>
    </p>
   </div>
   <div class='ocr_carea' id='block_1_45' title="bbox 752 3040 2328 3122">
    <p class='ocr_par' dir='ltr' id='par_1_45' title="bbox 752 3040 2328 3122">
     <span class='ocr_line' id='line_1_45' title="bbox 752 3040 2328 3122; baseline -0.009 -16"><span class='ocrx_word' id='word_1_330' title='bbox 752 3054 925 3122; x_wconf 87' lang='lat' dir='ltr'><strong>ipsam</strong></span> <span class='ocrx_word' id='word_1_331' title='bbox 958 3051 1232 3122; x_wconf 84' lang='lat' dir='ltr'><strong>professos</strong></span> <span class='ocrx_word' id='word_1_332' title='bbox 1261 3063 1403 3109; x_wconf 89' lang='lat' dir='ltr'><strong>esse,</strong></span> <span class='ocrx_word' id='word_1_333' title='bbox 1430 3047 1522 3115; x_wconf 90' lang='lat' dir='ltr'><strong>qui</strong></span> <span class='ocrx_word' id='word_1_334' title='bbox 1549 3045 1744 3099; x_wconf 69' lang='lat' dir='ltr'><strong>Nicaea:</strong></span> <span class='ocrx_word' id='word_1_335' title='bbox 1765 3055 2075 3097; x_wconf 87' lang='lat' dir='ltr'><strong>convenere</strong></span> <span class='ocrx_word' id='word_1_336' title='bbox 2099 3040 2287 3094; x_wconf 87' lang='lat' dir='ltr'><strong>Patres</strong></span> <span class='ocrx_word' id='word_1_337' title='bbox 2316 3057 2328 3092; x_wconf 90' lang='lat'><strong>:</strong></span> 
     </span>
    </p>
   </div>
   <div class='ocr_carea' id='block_1_46' title="bbox 759 3135 2331 3215">
    <p class='ocr_par' dir='ltr' id='par_1_46' title="bbox 759 3135 2331 3215">
     <span class='ocr_line' id='line_1_46' title="bbox 759 3135 2331 3215; baseline -0.011 -16"><span class='ocrx_word' id='word_1_338' title='bbox 759 3146 913 3215; x_wconf 78' lang='lat'><strong>101</strong></span> <span class='ocrx_word' id='word_1_339' title='bbox 947 3143 1122 3212; x_wconf 80' lang='lat' dir='ltr'><strong>Atque</strong></span> <span class='ocrx_word' id='word_1_340' title='bbox 1141 3142 1443 3196; x_wconf 90' lang='lat' dir='ltr'><strong>etiamnum</strong></span> <span class='ocrx_word' id='word_1_341' title='bbox 1479 3136 1755 3206; x_wconf 65' lang='lat' dir='ltr'><strong>suffragiis</strong></span> <span class='ocrx_word' id='word_1_342' title='bbox 1789 3135 1902 3189; x_wconf 90' lang='lat' dir='ltr'><strong>suis</strong></span> <span class='ocrx_word' id='word_1_343' title='bbox 1920 3149 2041 3188; x_wconf 87' lang='lat' dir='ltr'><strong>eam</strong></span> <span class='ocrx_word' id='word_1_344' title='bbox 2074 3147 2331 3200; x_wconf 87' lang='lat' dir='ltr'><strong>compro-</strong></span> 
     </span>
    </p>
   </div>
   <div class='ocr_carea' id='block_1_47' title="bbox 754 3214 2447 3305">
    <p class='ocr_par' dir='ltr' id='par_1_47' title="bbox 754 3226 2447 3305">
     <span class='ocr_line' id='line_1_47' title="bbox 754 3226 2447 3305; baseline -0.01 -12"><span class='ocrx_word' id='word_1_345' title='bbox 754 3241 887 3294; x_wconf 88' lang='lat' dir='ltr'><strong>bare</strong></span> <span class='ocrx_word' id='word_1_346' title='bbox 905 3251 1099 3291; x_wconf 78' lang='lat' dir='ltr'><strong>omnes</strong></span> <span class='ocrx_word' id='word_1_347' title='bbox 1117 3247 1238 3305; x_wconf 67' lang='lat' dir='ltr'><strong>qua!</strong></span> <span class='ocrx_word' id='word_1_348' title='bbox 1269 3233 1471 3302; x_wconf 86' lang='lat' dir='ltr'><strong>passim</strong></span> <span class='ocrx_word' id='word_1_349' title='bbox 1497 3239 1622 3287; x_wconf 86' lang='lat' dir='ltr'><strong>sunt</strong></span> <span class='ocrx_word' id='word_1_350' title='bbox 1651 3229 2014 3290; x_wconf 89' lang='lat' dir='ltr'><strong>ecclesias,in</strong></span> <span class='ocrx_word' id='word_1_351' title='bbox 2045 3226 2327 3296; x_wconf 82' lang='lat' dir='ltr'><strong>Hispania,</strong></span> <span class='ocrx_word' id='word_1_352' title='bbox 2359 3230 2402 3291; x_wconf 72' lang='grc' dir='ltr'>ί]</span> <span class='ocrx_word' id='word_1_353' title='bbox 2439 3235 2447 3267; x_wconf 74' lang='grc' dir='ltr'><strong>ε</strong></span> 
     </span>
    </p>
   </div>
   <div class='ocr_carea' id='block_1_48' title="bbox 2342 3214 4035 3305">
    <p class='ocr_par' dir='ltr' id='par_1_48' title="bbox 2359 3214 4035 3291">
     <span class='ocr_line' id='line_1_48' title="bbox 2359 3214 4035 3291; baseline -0.002 -24"><span class='ocrx_word' id='word_1_354' title='bbox 2359 3230 2402 3291; x_wconf 72' lang='grc' dir='ltr'><strong>ρ</strong></span> <span class='ocrx_word' id='word_1_355' title='bbox 2439 3214 2530 3268; x_wconf 80' lang='grc' dir='ltr'><strong>καὶ</strong></span> <span class='ocrx_word' id='word_1_356' title='bbox 2577 3215 2821 3285; x_wconf 78' lang='grc' dir='ltr'>Κύπρον,</span> <span class='ocrx_word' id='word_1_357' title='bbox 2857 3217 2950 3268; x_wconf 72' lang='grc' dir='ltr'><strong>καὶ</strong></span> <span class='ocrx_word' id='word_1_358' title='bbox 3007 3217 3260 3287; x_wconf 79' lang='grc' dir='ltr'>Κρήτην,</span> <span class='ocrx_word' id='word_1_359' title='bbox 3322 3215 3653 3285; x_wconf 65' lang='grc' dir='ltr'>Παμφυλίαν</span> <span class='ocrx_word' id='word_1_360' title='bbox 3704 3232 3762 3268; x_wconf 86' lang='grc' dir='ltr'><strong>τε</strong></span> <span class='ocrx_word' id='word_1_361' title='bbox 3797 3216 3894 3267; x_wconf 76' lang='grc' dir='ltr'><strong>καὶ</strong></span> <span class='ocrx_word' id='word_1_362' title='bbox 3926 3215 4035 3266; x_wconf 76' lang='grc' dir='ltr'><strong>Λυ-</strong></span> 
     </span>
    </p>
   </div>
   <div class='ocr_carea' id='block_1_49' title="bbox 753 3307 2446 3393">
    <p class='ocr_par' dir='ltr' id='par_1_49' title="bbox 753 3317 2446 3393">
     <span class='ocr_line' id='line_1_49' title="bbox 753 3317 2446 3393; baseline -0.012 -5"><span class='ocrx_word' id='word_1_363' title='bbox 753 3342 812 3388; x_wconf 91' lang='lat' dir='ltr'><strong>et</strong></span> <span class='ocrx_word' id='word_1_364' title='bbox 835 3331 1217 3393; x_wconf 79' lang='lat' dir='ltr'><strong>Britannia,et</strong></span> <span class='ocrx_word' id='word_1_365' title='bbox 1246 3326 1442 3388; x_wconf 86' lang='lat' dir='ltr'><strong>Gallia,</strong></span> <span class='ocrx_word' id='word_1_366' title='bbox 1476 3320 1869 3385; x_wconf 89' lang='lat' dir='ltr'><strong>etGermania,</strong></span> <span class='ocrx_word' id='word_1_367' title='bbox 1898 3318 2126 3374; x_wconf 88' lang='lat' dir='ltr'><strong>etltalia</strong></span> <span class='ocrx_word' id='word_1_368' title='bbox 2155 3317 2326 3381; x_wconf 91' lang='lat' dir='ltr'><strong>omni,</strong></span> <span class='ocrx_word' id='word_1_369' title='bbox 2436 3326 2446 3360; x_wconf 69' lang='grc' dir='ltr'><strong>ι</strong></span> 
     </span>
    </p>
   </div>
   <div class='ocr_carea' id='block_1_50' title="bbox 2340 3307 4033 3393">
    <p class='ocr_par' dir='ltr' id='par_1_50' title="bbox 2436 3307 4033 3378">
     <span class='ocr_line' id='line_1_50' title="bbox 2436 3307 4033 3378; baseline -0.001 -18"><span class='ocrx_word' id='word_1_370' title='bbox 2436 3310 2584 3372; x_wconf 79' lang='grc' dir='ltr'>κίαυ,</span> <span class='ocrx_word' id='word_1_371' title='bbox 2619 3311 2714 3360; x_wconf 60' lang='grc' dir='ltr'>καὶ</span> <span class='ocrx_word' id='word_1_372' title='bbox 2740 3307 3040 3378; x_wconf 81' lang='grc' dir='ltr'>Ἱσαυρίαν,</span> <span class='ocrx_word' id='word_1_373' title='bbox 3073 3309 3170 3360; x_wconf 72' lang='grc' dir='ltr'><strong>καὶ</strong></span> <span class='ocrx_word' id='word_1_374' title='bbox 3223 3310 3277 3359; x_wconf 75' lang='grc' dir='ltr'><strong>αἱ</strong></span> <span class='ocrx_word' id='word_1_375' title='bbox 3327 3310 3467 3360; x_wconf 84' lang='grc' dir='ltr'><strong>κατά</strong></span> <span class='ocrx_word' id='word_1_376' title='bbox 3504 3311 3687 3360; x_wconf 75' lang='grc' dir='ltr'>πᾶσαν</span> <span class='ocrx_word' id='word_1_377' title='bbox 3727 3309 4033 3375; x_wconf 74' lang='grc' dir='ltr'>Αἴγυπτον,</span> 
     </span>
    </p>
   </div>
   <div class='ocr_carea' id='block_1_51' title="bbox 753 3399 2446 3490">
    <p class='ocr_par' dir='ltr' id='par_1_51' title="bbox 753 3408 2446 3490">
     <span class='ocr_line' id='line_1_51' title="bbox 753 3408 2446 3490; baseline -0.011 -12"><span class='ocrx_word' id='word_1_378' title='bbox 753 3433 808 3478; x_wconf 89' lang='lat' dir='ltr'><strong>et</strong></span> <span class='ocrx_word' id='word_1_379' title='bbox 835 3421 1150 3490; x_wconf 88' lang='lat' dir='ltr'><strong>Campania,</strong></span> <span class='ocrx_word' id='word_1_380' title='bbox 1210 3430 1265 3474; x_wconf 90' lang='lat' dir='ltr'><strong>et</strong></span> <span class='ocrx_word' id='word_1_381' title='bbox 1312 3417 1597 3479; x_wconf 88' lang='lat' dir='ltr'><strong>Dalmatia,</strong></span> <span class='ocrx_word' id='word_1_382' title='bbox 1648 3413 1854 3485; x_wconf 81' lang='lat' dir='ltr'><strong>Mysia,</strong></span> <span class='ocrx_word' id='word_1_383' title='bbox 1890 3408 2229 3472; x_wconf 81' lang='lat' dir='ltr'><strong>Macedonia,</strong></span> <span class='ocrx_word' id='word_1_384' title='bbox 2280 3418 2334 3462; x_wconf 84' lang='lat' dir='ltr'><strong>et</strong></span> <span class='ocrx_word' id='word_1_385' title='bbox 2438 3418 2446 3449; x_wconf 73' lang='grc' dir='ltr'><strong>ι</strong></span> 
     </span>
    </p>
   </div>
   <div class='ocr_carea' id='block_1_52' title="bbox 2342 3399 4035 3490">
    <p class='ocr_par' dir='ltr' id='par_1_52' title="bbox 2438 3399 4035 3469">
     <span class='ocr_line' id='line_1_52' title="bbox 2438 3399 4035 3469; baseline 0.001 -17"><span class='ocrx_word' id='word_1_386' title='bbox 2438 3401 2530 3452; x_wconf 75' lang='grc' dir='ltr'><strong>καὶ</strong></span> <span class='ocrx_word' id='word_1_387' title='bbox 2559 3400 2799 3469; x_wconf 75' lang='grc' dir='ltr'>Λιϐύην,</span> <span class='ocrx_word' id='word_1_388' title='bbox 2831 3404 2925 3452; x_wconf 83' lang='grc' dir='ltr'><strong>καὶ</strong></span> <span class='ocrx_word' id='word_1_389' title='bbox 2979 3399 3204 3462; x_wconf 84' lang='grc' dir='ltr'>Πόντον,</span> <span class='ocrx_word' id='word_1_390' title='bbox 3236 3402 3330 3452; x_wconf 83' lang='grc' dir='ltr'><strong>καὶ</strong></span> <span class='ocrx_word' id='word_1_391' title='bbox 3378 3401 3808 3461; x_wconf 75' lang='grc' dir='ltr'>Καππαδοκίαν,</span> <span class='ocrx_word' id='word_1_392' title='bbox 3841 3401 3937 3452; x_wconf 75' lang='grc' dir='ltr'>καὶ</span> <span class='ocrx_word' id='word_1_393' title='bbox 3968 3403 4035 3454; x_wconf 70' lang='grc' dir='ltr'>τὰ</span> 
     </span>
    </p>
   </div>
   <div class='ocr_carea' id='block_1_53' title="bbox 755 3492 2448 3575">
    <p class='ocr_par' dir='ltr' id='par_1_53' title="bbox 755 3501 2448 3575">
     <span class='ocr_line' id='line_1_53' title="bbox 755 3501 2448 3575; baseline -0.009 -7"><span class='ocrx_word' id='word_1_394' title='bbox 755 3525 949 3568; x_wconf 87' lang='lat' dir='ltr'><strong>etmcta</strong></span> <span class='ocrx_word' id='word_1_395' title='bbox 979 3511 1212 3575; x_wconf 72' lang='lat' dir='ltr'><strong>Gnecia,</strong></span> <span class='ocrx_word' id='word_1_396' title='bbox 1247 3511 1298 3564; x_wconf 90' lang='lat' dir='ltr'><strong>in</strong></span> <span class='ocrx_word' id='word_1_397' title='bbox 1334 3510 1516 3562; x_wconf 77' lang='lat' dir='ltr'><strong>Africa</strong></span> <span class='ocrx_word' id='word_1_398' title='bbox 1560 3518 1695 3570; x_wconf 90' lang='lat' dir='ltr'><strong>tota,</strong></span> <span class='ocrx_word' id='word_1_399' title='bbox 1731 3506 1783 3560; x_wconf 89' lang='lat' dir='ltr'><strong>in</strong></span> <span class='ocrx_word' id='word_1_400' title='bbox 1818 3503 2096 3568; x_wconf 89' lang='lat' dir='ltr'><strong>Sardinia,</strong></span> <span class='ocrx_word' id='word_1_401' title='bbox 2127 3501 2331 3572; x_wconf 89' lang='lat' dir='ltr'><strong>Cypro,</strong></span> <span class='ocrx_word' id='word_1_402' title='bbox 2439 3511 2448 3543; x_wconf 68' lang='grc' dir='ltr'><strong>τ</strong></span> 
     </span>
    </p>
   </div>
   <div class='ocr_carea' id='block_1_54' title="bbox 2347 3492 4040 3575">
    <p class='ocr_par' dir='ltr' id='par_1_54' title="bbox 2439 3492 4040 3562">
     <span class='ocr_line' id='line_1_54' title="bbox 2439 3492 4040 3562; baseline 0.002 -19"><span class='ocrx_word' id='word_1_403' title='bbox 2439 3494 2665 3560; x_wconf 76' lang='grc' dir='ltr'>πλησῖον</span> <span class='ocrx_word' id='word_1_404' title='bbox 2700 3492 2859 3562; x_wconf 79' lang='grc' dir='ltr'>μέρη,</span> <span class='ocrx_word' id='word_1_405' title='bbox 2893 3492 2987 3544; x_wconf 74' lang='grc' dir='ltr'><strong>καὶ</strong></span> <span class='ocrx_word' id='word_1_406' title='bbox 3020 3493 3074 3544; x_wconf 85' lang='grc' dir='ltr'>αἱ</span> <span class='ocrx_word' id='word_1_407' title='bbox 3101 3492 3244 3544; x_wconf 73' lang='grc' dir='ltr'>κατὰ</span> <span class='ocrx_word' id='word_1_408' title='bbox 3273 3493 3542 3556; x_wconf 70' lang='grc' dir='ltr'>ἀνατολὰς</span> <span class='ocrx_word' id='word_1_409' title='bbox 3571 3493 3866 3561; x_wconf 74' lang='grc' dir='ltr'>ἐκκλησίαι</span> <span class='ocrx_word' id='word_1_410' title='bbox 3896 3512 4040 3562; x_wconf 86' lang='grc' dir='ltr'>παρ-</span> 
     </span>
    </p>
   </div>
   <div class='ocr_carea' id='block_1_55' title="bbox 752 3583 2445 3674">
    <p class='ocr_par' dir='ltr' id='par_1_55' title="bbox 752 3586 2445 3674">
     <span class='ocr_line' id='line_1_55' title="bbox 752 3586 2445 3674; baseline -0.009 -13"><span class='ocrx_word' id='word_1_411' title='bbox 752 3606 936 3664; x_wconf 83' lang='lat' dir='ltr'><strong>Creta,</strong></span> <span class='ocrx_word' id='word_1_412' title='bbox 973 3601 1516 3674; x_wconf 70' lang='lat' dir='ltr'><strong>Pamphylia,l.ycia,</strong></span> <span class='ocrx_word' id='word_1_413' title='bbox 1546 3599 1773 3662; x_wconf 89' lang='lat' dir='ltr'><strong>Isauria,</strong></span> <span class='ocrx_word' id='word_1_414' title='bbox 1801 3597 1856 3650; x_wconf 89' lang='lat' dir='ltr'><strong>in</strong></span> <span class='ocrx_word' id='word_1_415' title='bbox 1889 3595 2127 3665; x_wconf 63' lang='lat' dir='ltr'><strong>Egypto</strong></span> <span class='ocrx_word' id='word_1_416' title='bbox 2157 3593 2332 3654; x_wconf 90' lang='lat' dir='ltr'><strong>omni,</strong></span> <span class='ocrx_word' id='word_1_417' title='bbox 2440 3586 2445 3634; x_wconf 71' lang='grc' dir='ltr'><em>ἓ</em></span> 
     </span>
    </p>
   </div>
   <div class='ocr_carea' id='block_1_56' title="bbox 2344 3583 4037 3674">
    <p class='ocr_par' dir='ltr' id='par_1_56' title="bbox 2440 3583 4037 3660">
     <span class='ocr_line' id='line_1_56' title="bbox 2440 3583 4037 3660; baseline 0.004 -24"><span class='ocrx_word' id='word_1_418' title='bbox 2440 3586 2497 3648; x_wconf 67' lang='lat' dir='ltr'><strong>te</strong></span> <span class='ocrx_word' id='word_1_419' title='bbox 2518 3585 2715 3651; x_wconf 83' lang='grc' dir='ltr'>ὀλίγων</span> <span class='ocrx_word' id='word_1_420' title='bbox 2744 3584 2853 3636; x_wconf 87' lang='grc' dir='ltr'>τῶν</span> <span class='ocrx_word' id='word_1_421' title='bbox 2885 3583 2954 3637; x_wconf 73' lang='grc' dir='ltr'>τὰ</span> <span class='ocrx_word' id='word_1_422' title='bbox 3015 3584 3237 3660; x_wconf 79' lang='grc' dir='ltr'>’Ᾱρείου</span> <span class='ocrx_word' id='word_1_423' title='bbox 3273 3586 3636 3655; x_wconf 77' lang='grc' dir='ltr'>φρονούντων.</span> <span class='ocrx_word' id='word_1_424' title='bbox 3670 3587 3898 3642; x_wconf 69' lang='grc' dir='ltr'>Πάντων</span> <span class='ocrx_word' id='word_1_425' title='bbox 3926 3591 4037 3659; x_wconf 77' lang='grc' dir='ltr'><strong>γαρ</strong></span> 
     </span>
    </p>
   </div>
   <div class='ocr_carea' id='block_1_57' title="bbox 757 3677 2450 3769">
    <p class='ocr_par' dir='ltr' id='par_1_57' title="bbox 757 3687 2450 3769">
     <span class='ocr_line' id='line_1_57' title="bbox 757 3687 2450 3769; baseline -0.007 -16"><span class='ocrx_word' id='word_1_426' title='bbox 757 3700 947 3769; x_wconf 76' lang='lat' dir='ltr'><strong>Libya,</strong></span> <span class='ocrx_word' id='word_1_427' title='bbox 979 3699 1176 3761; x_wconf 85' lang='lat' dir='ltr'><strong>Ponto,</strong></span> <span class='ocrx_word' id='word_1_428' title='bbox 1214 3706 1270 3749; x_wconf 93' lang='lat' dir='ltr'><strong>et</strong></span> <span class='ocrx_word' id='word_1_429' title='bbox 1308 3692 1675 3764; x_wconf 86' lang='lat' dir='ltr'><strong>Cappadocia,</strong></span> <span class='ocrx_word' id='word_1_430' title='bbox 1731 3701 1895 3760; x_wconf 89' lang='lat' dir='ltr'><strong>atque</strong></span> <span class='ocrx_word' id='word_1_431' title='bbox 1937 3690 2091 3744; x_wconf 87' lang='lat' dir='ltr'><strong>hisce</strong></span> <span class='ocrx_word' id='word_1_432' title='bbox 2137 3687 2337 3742; x_wconf 85' lang='lat' dir='ltr'><strong>vicinis</strong></span> <span class='ocrx_word' id='word_1_433' title='bbox 2438 3695 2450 3724; x_wconf 54' lang='grc' dir='ltr'><em>η</em></span> 
     </span>
    </p>
   </div>
   <div class='ocr_carea' id='block_1_58' title="bbox 2340 3677 4033 3769">
    <p class='ocr_par' dir='ltr' id='par_1_58' title="bbox 2438 3677 4033 3755">
     <span class='ocr_line' id='line_1_58' title="bbox 2438 3677 4033 3755; baseline 0.002 -26"><span class='ocrx_word' id='word_1_434' title='bbox 2438 3678 2550 3729; x_wconf 85' lang='grc' dir='ltr'>τῶν</span> <span class='ocrx_word' id='word_1_435' title='bbox 2576 3677 2997 3748; x_wconf 78' lang='grc' dir='ltr'>προειρημένων</span> <span class='ocrx_word' id='word_1_436' title='bbox 3023 3680 3088 3746; x_wconf 75' lang='grc' dir='ltr'>τῇ</span> <span class='ocrx_word' id='word_1_437' title='bbox 3115 3678 3280 3755; x_wconf 70' lang='grc' dir='ltr'>πείρα</span> <span class='ocrx_word' id='word_1_438' title='bbox 3305 3678 3630 3748; x_wconf 77' lang='grc' dir='ltr'>ἐγνώκαμεν</span> <span class='ocrx_word' id='word_1_439' title='bbox 3656 3679 3751 3749; x_wconf 79' lang='grc' dir='ltr'>τὴν</span> <span class='ocrx_word' id='word_1_440' title='bbox 3781 3680 4033 3750; x_wconf 76' lang='grc' dir='ltr'>γνώμην,</span> 
     </span>
    </p>
   </div>
   <div class='ocr_carea' id='block_1_59' title="bbox 759 3770 2452 3860">
    <p class='ocr_par' dir='ltr' id='par_1_59' title="bbox 759 3782 2452 3860">
     <span class='ocr_line' id='line_1_59' title="bbox 759 3782 2452 3860; baseline -0.007 -15"><span class='ocrx_word' id='word_1_441' title='bbox 759 3791 941 3845; x_wconf 91' lang='lat' dir='ltr'><strong>terris.</strong></span> <span class='ocrx_word' id='word_1_442' title='bbox 981 3791 1126 3860; x_wconf 88' lang='lat' dir='ltr'><strong>lpsas</strong></span> <span class='ocrx_word' id='word_1_443' title='bbox 1169 3803 1389 3859; x_wconf 80' lang='lat' dir='ltr'><strong>quoque</strong></span> <span class='ocrx_word' id='word_1_444' title='bbox 1433 3785 1675 3840; x_wconf 89' lang='lat' dir='ltr'><strong>Orientis</strong></span> <span class='ocrx_word' id='word_1_445' title='bbox 1702 3783 1968 3838; x_wconf 87' lang='lat' dir='ltr'><strong>ecclesias</strong></span> <span class='ocrx_word' id='word_1_446' title='bbox 1990 3823 2002 3846; x_wconf 93' lang='lat'><strong>,</strong></span> <span class='ocrx_word' id='word_1_447' title='bbox 2028 3782 2218 3850; x_wconf 89' lang='lat' dir='ltr'><strong>paucis</strong></span> <span class='ocrx_word' id='word_1_448' title='bbox 2243 3797 2337 3834; x_wconf 73' lang='lat' dir='ltr'><strong>ex-</strong></span> <span class='ocrx_word' id='word_1_449' title='bbox 2440 3787 2452 3822; x_wconf 71' lang='grc' dir='ltr'>ι</span> 
     </span>
    </p>
   </div>
   <div class='ocr_carea' id='block_1_60' title="bbox 2348 3770 4041 3860">
    <p class='ocr_par' dir='ltr' id='par_1_60' title="bbox 2440 3770 4041 3842">
     <span class='ocr_line' id='line_1_60' title="bbox 2440 3770 4041 3842; baseline 0.002 -18"><span class='ocrx_word' id='word_1_450' title='bbox 2440 3772 2534 3824; x_wconf 79' lang='grc' dir='ltr'>καὶ</span> <span class='ocrx_word' id='word_1_451' title='bbox 2566 3772 2877 3841; x_wconf 84' lang='grc' dir='ltr'>γράμματα</span> <span class='ocrx_word' id='word_1_452' title='bbox 2932 3770 3152 3841; x_wconf 73' lang='grc' dir='ltr'>ἔχομεν,</span> <span class='ocrx_word' id='word_1_453' title='bbox 3191 3771 3285 3823; x_wconf 61' lang='grc' dir='ltr'><strong>καλ</strong></span> <span class='ocrx_word' id='word_1_454' title='bbox 3336 3772 3585 3840; x_wconf 74' lang='grc' dir='ltr'>οἴδαμεν,</span> <span class='ocrx_word' id='word_1_455' title='bbox 3649 3772 4041 3842; x_wconf 72' lang='grc' dir='ltr'>θεοφιλέστατε</span> 
     </span>
    </p>
   </div>
   <div class='ocr_carea' id='block_1_61' title="bbox 758 3861 2451 3952">
    <p class='ocr_par' dir='ltr' id='par_1_61' title="bbox 758 3873 2451 3952">
     <span class='ocr_line' id='line_1_61' title="bbox 758 3873 2451 3952; baseline -0.006 -16"><span class='ocrx_word' id='word_1_456' title='bbox 758 3883 932 3952; x_wconf 78' lang='lat' dir='ltr'><strong>ceptis</strong></span> <span class='ocrx_word' id='word_1_457' title='bbox 977 3897 1098 3951; x_wconf 67' lang='lat' dir='ltr'><strong>qum</strong></span> <span class='ocrx_word' id='word_1_458' title='bbox 1145 3896 1269 3936; x_wconf 89' lang='lat' dir='ltr'><strong>cum</strong></span> <span class='ocrx_word' id='word_1_459' title='bbox 1316 3876 1536 3932; x_wconf 83' lang='lat' dir='ltr'><strong>Arianis</strong></span> <span class='ocrx_word' id='word_1_460' title='bbox 1587 3877 1855 3931; x_wconf 88' lang='lat' dir='ltr'><strong>sentiunt.</strong></span> <span class='ocrx_word' id='word_1_461' title='bbox 1895 3874 2156 3929; x_wconf 88' lang='lat' dir='ltr'><strong>Omnium</strong></span> <span class='ocrx_word' id='word_1_462' title='bbox 2187 3873 2334 3926; x_wconf 90' lang='lat' dir='ltr'><strong>enim</strong></span> <span class='ocrx_word' id='word_1_463' title='bbox 2443 3897 2451 3916; x_wconf 67' lang='grc' dir='ltr'><strong><em>ε</em></strong></span> 
     </span>
    </p>
   </div>
   <div class='ocr_carea' id='block_1_62' title="bbox 2344 3861 4037 3952">
    <p class='ocr_par' dir='ltr' id='par_1_62' title="bbox 2443 3861 4037 3938">
     <span class='ocr_line' id='line_1_62' title="bbox 2443 3861 4037 3938; baseline -0.001 -22"><span class='ocrx_word' id='word_1_464' title='bbox 2443 3861 2743 3932; x_wconf 76' lang='grc' dir='ltr'>Λύγουστε,</span> <span class='ocrx_word' id='word_1_465' title='bbox 2781 3865 2863 3916; x_wconf 87' lang='grc' dir='ltr'>ὄτι</span> <span class='ocrx_word' id='word_1_466' title='bbox 2901 3865 3003 3916; x_wconf 63' lang='grc' dir='ltr'>κᾶν</span> <span class='ocrx_word' id='word_1_467' title='bbox 3062 3864 3233 3931; x_wconf 84' lang='grc' dir='ltr'>ὀλίγοι</span> <span class='ocrx_word' id='word_1_468' title='bbox 3283 3865 3426 3926; x_wconf 81' lang='grc' dir='ltr'>τινὲς</span> <span class='ocrx_word' id='word_1_469' title='bbox 3465 3865 3794 3932; x_wconf 71' lang='grc' dir='ltr'>ἀντιλέγωσί</span> <span class='ocrx_word' id='word_1_470' title='bbox 3858 3867 4037 3938; x_wconf 68' lang='grc' dir='ltr'>ταύτῃ</span> 
     </span>
    </p>
   </div>
   <div class='ocr_carea' id='block_1_63' title="bbox 758 3967 2340 4044">
    <p class='ocr_par' dir='ltr' id='par_1_63' title="bbox 758 3967 2340 4044">
     <span class='ocr_line' id='line_1_63' title="bbox 758 3967 2340 4044; baseline -0.007 -13"><span class='ocrx_word' id='word_1_471' title='bbox 758 3991 949 4031; x_wconf 89' lang='lat' dir='ltr'><strong>earum</strong></span> <span class='ocrx_word' id='word_1_472' title='bbox 985 3990 1122 4044; x_wconf 88' lang='lat' dir='ltr'><strong>quas</strong></span> <span class='ocrx_word' id='word_1_473' title='bbox 1156 3973 1539 4026; x_wconf 88' lang='lat' dir='ltr'><strong>recensuimus</strong></span> <span class='ocrx_word' id='word_1_474' title='bbox 1576 3977 1857 4038; x_wconf 81' lang='lat' dir='ltr'><strong>comperta</strong></span> <span class='ocrx_word' id='word_1_475' title='bbox 1889 3967 2049 4021; x_wconf 89' lang='lat' dir='ltr'><strong>nobis</strong></span> <span class='ocrx_word' id='word_1_476' title='bbox 2104 3976 2188 4020; x_wconf 87' lang='lat' dir='ltr'><strong>est</strong></span> <span class='ocrx_word' id='word_1_477' title='bbox 2216 3982 2340 4020; x_wconf 89' lang='lat' dir='ltr'><strong>seu-</strong></span> 
     </span>
    </p>
   </div>
   <div class='ocr_carea' id='block_1_64' title="bbox 761 4059 2336 4134">
    <p class='ocr_par' dir='ltr' id='par_1_64' title="bbox 761 4059 2336 4134">
     <span class='ocr_line' id='line_1_64' title="bbox 761 4059 2336 4134; baseline -0.005 -14"><span class='ocrx_word' id='word_1_478' title='bbox 761 4066 951 4131; x_wconf 89' lang='lat' dir='ltr'><strong>tentia,</strong></span> <span class='ocrx_word' id='word_1_479' title='bbox 987 4067 1130 4134; x_wconf 85' lang='lat' dir='ltr'><strong>quod</strong></span> <span class='ocrx_word' id='word_1_480' title='bbox 1161 4064 1230 4117; x_wconf 93' lang='lat' dir='ltr'><strong>ab</strong></span> <span class='ocrx_word' id='word_1_481' title='bbox 1259 4064 1339 4117; x_wconf 91' lang='lat' dir='ltr'><strong>eis</strong></span> <span class='ocrx_word' id='word_1_482' title='bbox 1368 4062 1632 4131; x_wconf 83' lang='lat' dir='ltr'><strong>epistolas</strong></span> <span class='ocrx_word' id='word_1_483' title='bbox 1654 4061 1976 4114; x_wconf 85' lang='lat' dir='ltr'><strong>habeamus.</strong></span> <span class='ocrx_word' id='word_1_484' title='bbox 2003 4059 2068 4112; x_wconf 87' lang='lat' dir='ltr'><strong>Et</strong></span> <span class='ocrx_word' id='word_1_485' title='bbox 2102 4059 2336 4121; x_wconf 87' lang='lat' dir='ltr'><strong>scimus,</strong></span> 
     </span>
    </p>
   </div>
   <div class='ocr_carea' id='block_1_65' title="bbox 761 4149 2338 4222">
    <p class='ocr_par' dir='ltr' id='par_1_65' title="bbox 761 4149 2338 4222">
     <span class='ocr_line' id='line_1_65' title="bbox 761 4149 2338 4222; baseline -0.007 -8"><span class='ocrx_word' id='word_1_486' title='bbox 761 4159 854 4214; x_wconf 88' lang='lat' dir='ltr'><strong>Dei</strong></span> <span class='ocrx_word' id='word_1_487' title='bbox 907 4157 1284 4211; x_wconf 87' lang='lat' dir='ltr'><strong>amantissime</strong></span> <span class='ocrx_word' id='word_1_488' title='bbox 1330 4157 1592 4222; x_wconf 77' lang='lat' dir='ltr'><strong>Auguste,</strong></span> <span class='ocrx_word' id='word_1_489' title='bbox 1630 4152 1885 4222; x_wconf 87' lang='lat' dir='ltr'><strong>quamvis</strong></span> <span class='ocrx_word' id='word_1_490' title='bbox 1917 4151 2072 4220; x_wconf 90' lang='lat' dir='ltr'><strong>pauci</strong></span> <span class='ocrx_word' id='word_1_491' title='bbox 2112 4149 2338 4219; x_wconf 88' lang='lat' dir='ltr'><strong>quidam</strong></span> 
     </span>
    </p>
   </div>
   <div class='ocr_carea' id='block_1_66' title="bbox 761 4241 2339 4312">
    <p class='ocr_par' dir='ltr' id='par_1_66' title="bbox 761 4241 2339 4312">
     <span class='ocr_line' id='line_1_66' title="bbox 761 4241 2339 4312; baseline -0.007 -7"><span class='ocrx_word' id='word_1_492' title='bbox 761 4251 889 4306; x_wconf 80' lang='lat' dir='ltr'><strong>ﬁdei</strong></span> <span class='ocrx_word' id='word_1_493' title='bbox 928 4250 1015 4304; x_wconf 74' lang='grc' dir='ltr'><strong>ἱειί</strong></span> <span class='ocrx_word' id='word_1_494' title='bbox 1043 4249 1426 4312; x_wconf 81' lang='lat' dir='ltr'><strong>adversentur,</strong></span> <span class='ocrx_word' id='word_1_495' title='bbox 1469 4247 1607 4299; x_wconf 87' lang='lat' dir='ltr'><strong>nihil</strong></span> <span class='ocrx_word' id='word_1_496' title='bbox 1657 4253 1839 4298; x_wconf 90' lang='lat' dir='ltr'><strong>tamen</strong></span> <span class='ocrx_word' id='word_1_497' title='bbox 1885 4257 1981 4297; x_wconf 89' lang='lat' dir='ltr'><strong>eos</strong></span> <span class='ocrx_word' id='word_1_498' title='bbox 2031 4241 2339 4312; x_wconf 75' lang='lat' dir='ltr'><strong>praejudicii</strong></span> 
     </span>
    </p>
   </div>
   <div class='ocr_carea' id='block_1_67' title="bbox 763 4334 2341 4412">
    <p class='ocr_par' dir='ltr' id='par_1_67' title="bbox 763 4334 2341 4412">
     <span class='ocr_line' id='line_1_67' title="bbox 763 4334 2341 4412; baseline -0.008 -13"><span class='ocrx_word' id='word_1_499' title='bbox 763 4343 962 4398; x_wconf 77' lang='lat' dir='ltr'><strong>aﬂerre</strong></span> <span class='ocrx_word' id='word_1_500' title='bbox 1007 4357 1166 4412; x_wconf 87' lang='lat' dir='ltr'><strong>posse</strong></span> <span class='ocrx_word' id='word_1_501' title='bbox 1205 4341 1324 4394; x_wconf 90' lang='lat' dir='ltr'><strong>orbi</strong></span> <span class='ocrx_word' id='word_1_502' title='bbox 1367 4339 1651 4392; x_wconf 80' lang='lat' dir='ltr'><strong>universo.</strong></span> <span class='ocrx_word' id='word_1_503' title='bbox 1696 4338 1874 4405; x_wconf 85' lang='lat' dir='ltr'><strong>Atque</strong></span> <span class='ocrx_word' id='word_1_504' title='bbox 1908 4335 1988 4389; x_wconf 88' lang='lat' dir='ltr'><strong>illi</strong></span> <span class='ocrx_word' id='word_1_505' title='bbox 2043 4334 2205 4404; x_wconf 82' lang='lat' dir='ltr'><strong>longo</strong></span> <span class='ocrx_word' id='word_1_506' title='bbox 2229 4334 2341 4404; x_wconf 84' lang='lat' dir='ltr'><strong>jam</strong></span> 
     </span>
    </p>
   </div>
   <div class='ocr_carea' id='block_1_68' title="bbox 768 4427 2341 4506">
    <p class='ocr_par' dir='ltr' id='par_1_68' title="bbox 768 4427 2341 4506">
     <span class='ocr_line' id='line_1_68' title="bbox 768 4427 2341 4506; baseline -0.008 -15"><span class='ocrx_word' id='word_1_507' title='bbox 768 4446 1016 4506; x_wconf 89' lang='lat' dir='ltr'><strong>tempore</strong></span> <span class='ocrx_word' id='word_1_508' title='bbox 1045 4433 1114 4488; x_wconf 89' lang='lat' dir='ltr'><strong>ab</strong></span> <span class='ocrx_word' id='word_1_509' title='bbox 1160 4432 1359 4486; x_wconf 83' lang='lat' dir='ltr'><strong>Ariana</strong></span> <span class='ocrx_word' id='word_1_510' title='bbox 1400 4429 1588 4484; x_wconf 76' lang='lat' dir='ltr'><strong>infecti</strong></span> <span class='ocrx_word' id='word_1_511' title='bbox 1636 4429 1749 4492; x_wconf 90' lang='lat' dir='ltr'><strong>lue,</strong></span> <span class='ocrx_word' id='word_1_512' title='bbox 1790 4427 2143 4482; x_wconf 89' lang='lat' dir='ltr'><strong>contentione</strong></span> <span class='ocrx_word' id='word_1_513' title='bbox 2175 4427 2341 4480; x_wconf 80' lang='lat' dir='ltr'><strong>etiam</strong></span> 
     </span>
    </p>
   </div>
   <div class='ocr_carea' id='block_1_69' title="bbox 2423 2002 4024 2077">
    <p class='ocr_par' dir='ltr' id='par_1_69' title="bbox 2423 2002 4024 2077">
     <span class='ocr_line' id='line_1_69' title="bbox 2423 2002 4024 2077; baseline -0.002 -19"><span class='ocrx_word' id='word_1_514' title='bbox 2423 2002 2563 2059; x_wconf 83' lang='grc' dir='ltr'>εἶναι</span> <span class='ocrx_word' id='word_1_515' title='bbox 2616 2011 2708 2061; x_wconf 75' lang='grc' dir='ltr'><strong>καὶ</strong></span> <span class='ocrx_word' id='word_1_516' title='bbox 2744 2012 2956 2077; x_wconf 78' lang='grc' dir='ltr'>ποίημα</span> <span class='ocrx_word' id='word_1_517' title='bbox 2982 2007 3070 2060; x_wconf 71' lang='grc' dir='ltr'>δια</span> <span class='ocrx_word' id='word_1_518' title='bbox 3101 2007 3200 2060; x_wconf 87' lang='grc' dir='ltr'><strong>τοῦ</strong></span> <span class='ocrx_word' id='word_1_519' title='bbox 3241 2005 3372 2059; x_wconf 81' lang='grc' dir='ltr'><strong>Υἱοῦ</strong></span> <span class='ocrx_word' id='word_1_520' title='bbox 3413 2005 3664 2074; x_wconf 79' lang='grc' dir='ltr'>γεγονὸς,</span> <span class='ocrx_word' id='word_1_521' title='bbox 3699 2003 4024 2068; x_wconf 78' lang='grc' dir='ltr'>ἀναγκαίως</span> 
     </span>
    </p>
   </div>
   <div class='ocr_carea' id='block_1_70' title="bbox 2425 2093 4021 2170">
    <p class='ocr_par' dir='ltr' id='par_1_70' title="bbox 2425 2093 4021 2170">
     <span class='ocr_line' id='line_1_70' title="bbox 2425 2093 4021 2170; baseline -0.006 -18"><span class='ocrx_word' id='word_1_522' title='bbox 2425 2101 2520 2154; x_wconf 64' lang='grc' dir='ltr'><strong>καὶ</strong></span> <span class='ocrx_word' id='word_1_523' title='bbox 2561 2102 2724 2170; x_wconf 79' lang='grc' dir='ltr'>ἡμεῖς</span> <span class='ocrx_word' id='word_1_524' title='bbox 2784 2101 3164 2170; x_wconf 84' lang='grc' dir='ltr'>θεωρήσαντες</span> <span class='ocrx_word' id='word_1_525' title='bbox 3215 2097 3494 2151; x_wconf 79' lang='grc' dir='ltr'>ἐπιδοῦναι</span> <span class='ocrx_word' id='word_1_526' title='bbox 3525 2099 3588 2166; x_wconf 82' lang='grc' dir='ltr'>τῇ</span> <span class='ocrx_word' id='word_1_527' title='bbox 3639 2097 3703 2165; x_wconf 78' lang='grc' dir='ltr'>σῇ</span> <span class='ocrx_word' id='word_1_528' title='bbox 3740 2093 4021 2162; x_wconf 65' lang='grc' dir='ltr'>εὐσεϐείᾳ,</span> 
     </span>
    </p>
   </div>
   <div class='ocr_carea' id='block_1_71' title="bbox 2426 2189 4020 2263">
    <p class='ocr_par' dir='ltr' id='par_1_71' title="bbox 2426 2189 4020 2263">
     <span class='ocr_line' id='line_1_71' title="bbox 2426 2189 4020 2263; baseline -0.005 -17"><span class='ocrx_word' id='word_1_529' title='bbox 2426 2193 2522 2262; x_wconf 81' lang='grc' dir='ltr'>τὴν</span> <span class='ocrx_word' id='word_1_530' title='bbox 2548 2196 2603 2245; x_wconf 84' lang='grc' dir='ltr'>ἐν</span> <span class='ocrx_word' id='word_1_531' title='bbox 2641 2193 2845 2262; x_wconf 62' lang='lat' dir='ltr'><strong>Nimia</strong></span> <span class='ocrx_word' id='word_1_532' title='bbox 2879 2193 3319 2263; x_wconf 85' lang='grc' dir='ltr'>ὁμολογηθεῖσαν</span> <span class='ocrx_word' id='word_1_533' title='bbox 3360 2192 3544 2243; x_wconf 85' lang='grc' dir='ltr'>πίστιν</span> <span class='ocrx_word' id='word_1_534' title='bbox 3577 2189 4020 2255; x_wconf 75' lang='grc' dir='ltr'>ἐσπουδάσαμεν·</span> 
     </span>
    </p>
   </div>
   <div class='ocr_carea' id='block_1_72' title="bbox 2429 2280 4026 2355">
    <p class='ocr_par' dir='ltr' id='par_1_72' title="bbox 2429 2280 4026 2355">
     <span class='ocr_line' id='line_1_72' title="bbox 2429 2280 4026 2355; baseline -0.003 -18"><span class='ocrx_word' id='word_1_535' title='bbox 2429 2285 2514 2337; x_wconf 79' lang='grc' dir='ltr'><strong>ἵνα</strong></span> <span class='ocrx_word' id='word_1_536' title='bbox 2542 2285 2654 2355; x_wconf 85' lang='grc' dir='ltr'>γνῷ</span> <span class='ocrx_word' id='word_1_537' title='bbox 2690 2304 2783 2339; x_wconf 89' lang='grc' dir='ltr'><strong>σου</strong></span> <span class='ocrx_word' id='word_1_538' title='bbox 2809 2287 2840 2354; x_wconf 77' lang='grc' dir='ltr'><strong>η</strong></span> <span class='ocrx_word' id='word_1_539' title='bbox 2866 2284 3146 2338; x_wconf 80' lang='grc' dir='ltr'>θεοσέϐεια</span> <span class='ocrx_word' id='word_1_540' title='bbox 3188 2284 3310 2353; x_wconf 85' lang='grc' dir='ltr'>μεθ’</span> <span class='ocrx_word' id='word_1_541' title='bbox 3342 2283 3473 2352; x_wconf 86' lang='grc' dir='ltr'>ὅσης</span> <span class='ocrx_word' id='word_1_542' title='bbox 3500 2281 3788 2350; x_wconf 74' lang='grc' dir='ltr'>ἀκριϐείας</span> <span class='ocrx_word' id='word_1_543' title='bbox 3817 2280 4026 2349; x_wconf 74' lang='grc' dir='ltr'>γέγρα-</span> 
     </span>
    </p>
   </div>
   <div class='ocr_carea' id='block_1_73' title="bbox 2428 2374 4025 2444">
    <p class='ocr_par' dir='ltr' id='par_1_73' title="bbox 2428 2374 4025 2444">
     <span class='ocr_line' id='line_1_73' title="bbox 2428 2374 4025 2444; baseline -0.003 -16"><span class='ocrx_word' id='word_1_544' title='bbox 2428 2394 2584 2437; x_wconf 82' lang='grc' dir='ltr'>πται.</span> <span class='ocrx_word' id='word_1_545' title='bbox 2620 2379 2712 2429; x_wconf 75' lang='grc' dir='ltr'><strong>καὶ</strong></span> <span class='ocrx_word' id='word_1_546' title='bbox 2757 2378 2882 2430; x_wconf 77' lang='grc' dir='ltr'>οσον</span> <span class='ocrx_word' id='word_1_547' title='bbox 2918 2377 3230 2428; x_wconf 83' lang='grc' dir='ltr'>πλανῶνται</span> <span class='ocrx_word' id='word_1_548' title='bbox 3266 2377 3316 2427; x_wconf 80' lang='lat'><strong>0!</strong></span> <span class='ocrx_word' id='word_1_549' title='bbox 3354 2375 3486 2444; x_wconf 77' lang='grc' dir='ltr'>παρ’</span> <span class='ocrx_word' id='word_1_550' title='bbox 3517 2374 3689 2444; x_wconf 76' lang='grc' dir='ltr'>αὐτὴν</span> <span class='ocrx_word' id='word_1_551' title='bbox 3737 2374 4025 2426; x_wconf 65' lang='grc' dir='ltr'>διδάσκον-</span> 
     </span>
    </p>
   </div>
   <div class='ocr_carea' id='block_1_74' title="bbox 2428 2465 4026 2538">
    <p class='ocr_par' dir='ltr' id='par_1_74' title="bbox 2428 2465 4026 2538">
     <span class='ocr_line' id='line_1_74' title="bbox 2428 2465 4026 2538; baseline -0.005 -14"><span class='ocrx_word' id='word_1_552' title='bbox 2428 2489 2534 2532; x_wconf 87' lang='grc' dir='ltr'>τες.</span> <span class='ocrx_word' id='word_1_553' title='bbox 2571 2472 2834 2535; x_wconf 86' lang='grc' dir='ltr'>Γίνωσκε,</span> <span class='ocrx_word' id='word_1_554' title='bbox 2869 2471 3257 2538; x_wconf 60' lang='grc' dir='ltr'>θεοφιλέσπτε</span> <span class='ocrx_word' id='word_1_555' title='bbox 3293 2468 3595 2536; x_wconf 77' lang='grc' dir='ltr'>Αὐγουστε,</span> <span class='ocrx_word' id='word_1_556' title='bbox 3633 2469 3714 2520; x_wconf 81' lang='grc' dir='ltr'>ὃτι</span> <span class='ocrx_word' id='word_1_557' title='bbox 3740 2465 3880 2536; x_wconf 85' lang='grc' dir='ltr'>αῦτη</span> <span class='ocrx_word' id='word_1_558' title='bbox 3924 2467 4026 2534; x_wconf 72' lang='grc' dir='ltr'>μὲ)</span> 
     </span>
    </p>
   </div>
   <div class='ocr_carea' id='block_1_75' title="bbox 2430 2561 4022 2634">
    <p class='ocr_par' dir='ltr' id='par_1_75' title="bbox 2430 2561 4022 2634">
     <span class='ocr_line' id='line_1_75' title="bbox 2430 2561 4022 2634; baseline -0.005 -16"><span class='ocrx_word' id='word_1_559' title='bbox 2430 2566 2462 2634; x_wconf 80' lang='grc' dir='ltr'>ἡ</span> <span class='ocrx_word' id='word_1_560' title='bbox 2495 2563 2550 2628; x_wconf 69' lang='grc' dir='ltr'>ἐξ</span> <span class='ocrx_word' id='word_1_561' title='bbox 2597 2564 2794 2626; x_wconf 81' lang='grc' dir='ltr'>αἰῶνος</span> <span class='ocrx_word' id='word_1_562' title='bbox 2843 2565 3267 2632; x_wconf 81' lang='grc' dir='ltr'>κηρυττομένη·</span> <span class='ocrx_word' id='word_1_563' title='bbox 3304 2563 3518 2632; x_wconf 81' lang='grc' dir='ltr'>ταύτην</span> <span class='ocrx_word' id='word_1_564' title='bbox 3564 2562 3620 2614; x_wconf 82' lang='grc' dir='ltr'>δὲ</span> <span class='ocrx_word' id='word_1_565' title='bbox 3651 2561 4022 2630; x_wconf 75' lang='grc' dir='ltr'>ὡμολόγησαν</span> 
     </span>
    </p>
   </div>
   <div class='ocr_carea' id='block_1_76' title="bbox 2430 2653 4027 2726">
    <p class='ocr_par' dir='ltr' id='par_1_76' title="bbox 2430 2653 4027 2726">
     <span class='ocr_line' id='line_1_76' title="bbox 2430 2653 4027 2726; baseline -0.002 -19"><span class='ocrx_word' id='word_1_566' title='bbox 2430 2660 2477 2710; x_wconf 83' lang='lat' dir='ltr'><strong>oi</strong></span> <span class='ocrx_word' id='word_1_567' title='bbox 2513 2660 2568 2710; x_wconf 75' lang='grc' dir='ltr'><strong>ἐν</strong></span> <span class='ocrx_word' id='word_1_568' title='bbox 2603 2657 2813 2726; x_wconf 79' lang='grc' dir='ltr'>Νικαία</span> <span class='ocrx_word' id='word_1_569' title='bbox 2846 2655 3196 2720; x_wconf 71' lang='grc' dir='ltr'>συνελθόντες</span> <span class='ocrx_word' id='word_1_570' title='bbox 3249 2659 3516 2724; x_wconf 84' lang='grc' dir='ltr'>Πατέρες,</span> <span class='ocrx_word' id='word_1_571' title='bbox 3545 2655 3639 2708; x_wconf 70' lang='grc' dir='ltr'><strong>καὶ</strong></span> <span class='ocrx_word' id='word_1_572' title='bbox 3671 2653 3848 2725; x_wconf 77' lang='grc' dir='ltr'>ταύτῃ</span> <span class='ocrx_word' id='word_1_573' title='bbox 3884 2654 4027 2721; x_wconf 80' lang='grc' dir='ltr'>σύμ-</span> 
     </span>
    </p>
   </div>
   <div class='ocr_carea' id='block_1_77' title="bbox 2430 2747 4034 2820">
    <p class='ocr_par' dir='ltr' id='par_1_77' title="bbox 2430 2747 4034 2820">
     <span class='ocr_line' id='line_1_77' title="bbox 2430 2747 4034 2820; baseline -0.003 -16"><span class='ocrx_word' id='word_1_574' title='bbox 2430 2751 2603 2820; x_wconf 50' lang='grc' dir='ltr'>φηςοι</span> <span class='ocrx_word' id='word_1_575' title='bbox 2627 2752 2957 2820; x_wconf 76' lang='grc' dir='ltr'>τυγχάνουσι</span> <span class='ocrx_word' id='word_1_576' title='bbox 2995 2755 3167 2806; x_wconf 76' lang='grc' dir='ltr'>πᾶσαι</span> <span class='ocrx_word' id='word_1_577' title='bbox 3209 2754 3262 2804; x_wconf 88' lang='grc' dir='ltr'>αἱ</span> <span class='ocrx_word' id='word_1_578' title='bbox 3298 2750 3441 2803; x_wconf 73' lang='grc' dir='ltr'>κατὰ</span> <span class='ocrx_word' id='word_1_579' title='bbox 3469 2751 3632 2802; x_wconf 87' lang='grc' dir='ltr'>τόπον</span> <span class='ocrx_word' id='word_1_580' title='bbox 3662 2747 3951 2817; x_wconf 79' lang='grc' dir='ltr'>ἐκκλησίαι</span> <span class='ocrx_word' id='word_1_581' title='bbox 3975 2747 4034 2800; x_wconf 80' lang='grc' dir='ltr'>αἴ</span> 
     </span>
    </p>
   </div>
   <div class='ocr_carea' id='block_1_78' title="bbox 2432 2842 4027 2914">
    <p class='ocr_par' dir='ltr' id='par_1_78' title="bbox 2432 2842 4027 2914">
     <span class='ocr_line' id='line_1_78' title="bbox 2432 2842 4027 2914; baseline -0.001 -18"><span class='ocrx_word' id='word_1_582' title='bbox 2432 2862 2491 2896; x_wconf 87' lang='grc' dir='ltr'><strong>τε</strong></span> <span class='ocrx_word' id='word_1_583' title='bbox 2524 2847 2664 2899; x_wconf 83' lang='grc' dir='ltr'><strong>κατά</strong></span> <span class='ocrx_word' id='word_1_584' title='bbox 2700 2847 2798 2914; x_wconf 84' lang='grc' dir='ltr'>τὴν</span> <span class='ocrx_word' id='word_1_585' title='bbox 2836 2847 3076 2899; x_wconf 85' lang='grc' dir='ltr'>Σπανίαν</span> <span class='ocrx_word' id='word_1_586' title='bbox 3102 2846 3196 2898; x_wconf 72' lang='grc' dir='ltr'><strong>καὶ</strong></span> <span class='ocrx_word' id='word_1_587' title='bbox 3229 2845 3597 2914; x_wconf 83' lang='grc' dir='ltr'>Βρετταννίαν</span> <span class='ocrx_word' id='word_1_588' title='bbox 3623 2845 3718 2896; x_wconf 72' lang='grc' dir='ltr'><strong>καὶ</strong></span> <span class='ocrx_word' id='word_1_589' title='bbox 3749 2842 3984 2904; x_wconf 67' lang='grc' dir='ltr'>Γαλλίας</span> <span class='ocrx_word' id='word_1_590' title='bbox 4014 2859 4027 2872; x_wconf 86' lang='grc'><strong>·</strong></span> 
     </span>
    </p>
   </div>
   <div class='ocr_carea' id='block_1_79' title="bbox 2435 2933 4032 3008">
    <p class='ocr_par' dir='ltr' id='par_1_79' title="bbox 2435 2933 4032 3008">
     <span class='ocr_line' id='line_1_79' title="bbox 2435 2933 4032 3008; baseline -0.004 -18"><span class='ocrx_word' id='word_1_591' title='bbox 2435 2939 2529 2990; x_wconf 73' lang='grc' dir='ltr'><strong>καὶ</strong></span> <span class='ocrx_word' id='word_1_592' title='bbox 2550 2940 2720 3006; x_wconf 81' lang='grc' dir='ltr'>αίτῆς</span> <span class='ocrx_word' id='word_1_593' title='bbox 2764 2938 2996 3000; x_wconf 85' lang='grc' dir='ltr'>Ἰταλίας</span> <span class='ocrx_word' id='word_1_594' title='bbox 3029 2939 3212 3008; x_wconf 81' lang='grc' dir='ltr'>πάσης</span> <span class='ocrx_word' id='word_1_595' title='bbox 3267 2938 3361 2988; x_wconf 69' lang='grc' dir='ltr'>καὶ</span> <span class='ocrx_word' id='word_1_596' title='bbox 3407 2934 3774 3004; x_wconf 78' lang='grc' dir='ltr'>Καμπανίας,</span> <span class='ocrx_word' id='word_1_597' title='bbox 3810 2933 4032 3002; x_wconf 81' lang='grc' dir='ltr'>Δαλμα-</span> 
     </span>
    </p>
   </div>
   <div class='ocr_carea' id='block_1_80' title="bbox 2434 3028 4034 3096">
    <p class='ocr_par' dir='ltr' id='par_1_80' title="bbox 2434 3028 4034 3096">
     <span class='ocr_line' id='line_1_80' title="bbox 2434 3028 4034 3096; baseline -0.001 -16"><span class='ocrx_word' id='word_1_598' title='bbox 2434 3031 2553 3091; x_wconf 79' lang='grc' dir='ltr'>τίας</span> <span class='ocrx_word' id='word_1_599' title='bbox 2594 3047 2650 3082; x_wconf 89' lang='grc' dir='ltr'><strong>τε</strong></span> <span class='ocrx_word' id='word_1_600' title='bbox 2691 3029 2785 3083; x_wconf 73' lang='grc' dir='ltr'><strong>καὶ</strong></span> <span class='ocrx_word' id='word_1_601' title='bbox 2840 3030 3076 3096; x_wconf 77' lang='grc' dir='ltr'>Μυσίας,</span> <span class='ocrx_word' id='word_1_602' title='bbox 3109 3029 3452 3091; x_wconf 76' lang='grc' dir='ltr'>Μακεδονίας</span> <span class='ocrx_word' id='word_1_603' title='bbox 3487 3031 3581 3081; x_wconf 77' lang='grc' dir='ltr'><strong>καὶ</strong></span> <span class='ocrx_word' id='word_1_604' title='bbox 3614 3029 3794 3096; x_wconf 70' lang='grc' dir='ltr'>πίσης</span> <span class='ocrx_word' id='word_1_605' title='bbox 3839 3028 4034 3079; x_wconf 73' lang='grc' dir='ltr'>Ἕλλα-</span> 
     </span>
    </p>
   </div>
   <div class='ocr_carea' id='block_1_81' title="bbox 2435 3119 4032 3192">
    <p class='ocr_par' dir='ltr' id='par_1_81' title="bbox 2435 3119 4032 3192">
     <span class='ocr_line' id='line_1_81' title="bbox 2435 3119 4032 3192; baseline -0.002 -20"><span class='ocrx_word' id='word_1_606' title='bbox 2435 3120 2545 3186; x_wconf 77' lang='grc' dir='ltr'>δος,</span> <span class='ocrx_word' id='word_1_607' title='bbox 2588 3124 2684 3173; x_wconf 70' lang='grc' dir='ltr'><strong>καὶ</strong></span> <span class='ocrx_word' id='word_1_608' title='bbox 2729 3123 2781 3173; x_wconf 88' lang='grc' dir='ltr'>αἱ</span> <span class='ocrx_word' id='word_1_609' title='bbox 2811 3122 2949 3174; x_wconf 86' lang='grc' dir='ltr'><strong>κατά</strong></span> <span class='ocrx_word' id='word_1_610' title='bbox 2999 3123 3272 3192; x_wconf 75' lang='grc' dir='ltr'>Ἀφρικὴν</span> <span class='ocrx_word' id='word_1_611' title='bbox 3309 3123 3507 3183; x_wconf 77' lang='grc' dir='ltr'>πᾶσαι,</span> <span class='ocrx_word' id='word_1_612' title='bbox 3555 3123 3650 3174; x_wconf 73' lang='grc' dir='ltr'>καὶ</span> <span class='ocrx_word' id='word_1_613' title='bbox 3701 3119 4032 3190; x_wconf 80' lang='grc' dir='ltr'>Σαρδανίαν,</span> 
     </span>
    </p>
   </div>
   <div class='ocr_carea' id='block_1_82' title="bbox 2441 3957 4040 4034">
    <p class='ocr_par' dir='ltr' id='par_1_82' title="bbox 2441 3957 4040 4034">
     <span class='ocr_line' id='line_1_82' title="bbox 2441 3957 4040 4034; baseline 0.003 -25"><span class='ocrx_word' id='word_1_614' title='bbox 2441 3961 2509 4027; x_wconf 78' lang='grc' dir='ltr'>τῇ</span> <span class='ocrx_word' id='word_1_615' title='bbox 2547 3958 2751 4022; x_wconf 76' lang='grc' dir='ltr'>πίστει,</span> <span class='ocrx_word' id='word_1_616' title='bbox 2807 3958 2867 4010; x_wconf 87' lang='grc' dir='ltr'><strong>οὐ</strong></span> <span class='ocrx_word' id='word_1_617' title='bbox 2921 3957 3184 4011; x_wconf 80' lang='grc' dir='ltr'>δύνανται</span> <span class='ocrx_word' id='word_1_618' title='bbox 3233 3960 3524 4029; x_wconf 83' lang='grc' dir='ltr'>πρόκριμα</span> <span class='ocrx_word' id='word_1_619' title='bbox 3560 3964 3735 4013; x_wconf 85' lang='grc' dir='ltr'>ποιεῖν</span> <span class='ocrx_word' id='word_1_620' title='bbox 3774 3964 3926 4034; x_wconf 75' lang='grc' dir='ltr'>πασῃ</span> <span class='ocrx_word' id='word_1_621' title='bbox 3972 3966 4040 4033; x_wconf 80' lang='grc' dir='ltr'>τῇ</span> 
     </span>
    </p>
   </div>
   <div class='ocr_carea' id='block_1_83' title="bbox 2439 4047 4042 4119">
    <p class='ocr_par' dir='ltr' id='par_1_83' title="bbox 2439 4047 4042 4119">
     <span class='ocr_line' id='line_1_83' title="bbox 2439 4047 4042 4119; baseline 0.003 -20"><span class='ocrx_word' id='word_1_622' title='bbox 2439 4048 2764 4118; x_wconf 76' lang='grc' dir='ltr'>οἰκουμένῃ.</span> <span class='ocrx_word' id='word_1_623' title='bbox 2825 4047 3014 4118; x_wconf 87' lang='grc' dir='ltr'>Πολλῷ</span> <span class='ocrx_word' id='word_1_624' title='bbox 3057 4049 3167 4118; x_wconf 81' lang='grc' dir='ltr'><strong>γὰρ</strong></span> <span class='ocrx_word' id='word_1_625' title='bbox 3206 4051 3384 4119; x_wconf 79' lang='grc' dir='ltr'>χρόνῳ</span> <span class='ocrx_word' id='word_1_626' title='bbox 3437 4050 3730 4117; x_wconf 76' lang='grc' dir='ltr'>βλαϐέντες</span> <span class='ocrx_word' id='word_1_627' title='bbox 3784 4052 3893 4103; x_wconf 76' lang='grc' dir='ltr'><strong>ὑπὸ</strong></span> <span class='ocrx_word' id='word_1_628' title='bbox 3936 4053 4042 4119; x_wconf 80' lang='grc' dir='ltr'>τῆς</span> 
     </span>
    </p>
   </div>
   <div class='ocr_carea' id='block_1_84' title="bbox 2457 4139 4043 4210">
    <p class='ocr_par' dir='ltr' id='par_1_84' title="bbox 2457 4139 4043 4210">
     <span class='ocr_line' id='line_1_84' title="bbox 2457 4139 4043 4210; baseline 0.001 -16"><span class='ocrx_word' id='word_1_629' title='bbox 2457 4139 2748 4210; x_wconf 80' lang='grc' dir='ltr'>Ἀρειανῆς</span> <span class='ocrx_word' id='word_1_630' title='bbox 2783 4140 3052 4208; x_wconf 76' lang='grc' dir='ltr'>αἱρέσεως</span> <span class='ocrx_word' id='word_1_631' title='bbox 3082 4141 3519 4210; x_wconf 82' lang='grc' dir='ltr'>φιλονεικότερον</span> <span class='ocrx_word' id='word_1_632' title='bbox 3551 4141 3650 4194; x_wconf 89' lang='grc' dir='ltr'><strong>νῦν</strong></span> <span class='ocrx_word' id='word_1_633' title='bbox 3685 4143 4043 4196; x_wconf 78' lang='grc' dir='ltr'>ἀνθίστανται</span> 
     </span>
    </p>
   </div>
   <div class='ocr_carea' id='block_1_85' title="bbox 2445 4231 4042 4304">
    <p class='ocr_par' dir='ltr' id='par_1_85' title="bbox 2445 4231 4042 4304">
     <span class='ocr_line' id='line_1_85' title="bbox 2445 4231 4042 4304; baseline 0.003 -22"><span class='ocrx_word' id='word_1_634' title='bbox 2445 4235 2511 4301; x_wconf 80' lang='grc' dir='ltr'>τῇ</span> <span class='ocrx_word' id='word_1_635' title='bbox 2532 4231 2785 4301; x_wconf 73' lang='grc' dir='ltr'>εὐσεϐείᾳ</span> <span class='ocrx_word' id='word_1_636' title='bbox 2808 4248 2821 4263; x_wconf 71' lang='grc' dir='ltr'><strong>ο</strong></span> <span class='ocrx_word' id='word_1_637' title='bbox 2856 4233 2951 4283; x_wconf 67' lang='grc' dir='ltr'><strong>καὶ</strong></span> <span class='ocrx_word' id='word_1_638' title='bbox 2984 4233 3125 4304; x_wconf 78' lang='grc' dir='ltr'>ὑπὲρ</span> <span class='ocrx_word' id='word_1_639' title='bbox 3151 4233 3449 4299; x_wconf 86' lang='grc' dir='ltr'>γινώσκειν</span> <span class='ocrx_word' id='word_1_640' title='bbox 3474 4234 3575 4304; x_wconf 81' lang='grc' dir='ltr'>τὴν</span> <span class='ocrx_word' id='word_1_641' title='bbox 3603 4234 3704 4302; x_wconf 74' lang='grc' dir='ltr'><strong>σὴν</strong></span> <span class='ocrx_word' id='word_1_642' title='bbox 3728 4235 4042 4296; x_wconf 75' lang='grc' dir='ltr'>εὐσέὁειαν,</span> 
     </span>
    </p>
   </div>
   <div class='ocr_carea' id='block_1_86' title="bbox 2447 4325 4046 4400">
    <p class='ocr_par' dir='ltr' id='par_1_86' title="bbox 2447 4325 4046 4400">
     <span class='ocr_line' id='line_1_86' title="bbox 2447 4325 4046 4400; baseline 0.003 -22"><span class='ocrx_word' id='word_1_643' title='bbox 2447 4326 2630 4378; x_wconf 82' lang='grc' dir='ltr'>καίτοι</span> <span class='ocrx_word' id='word_1_644' title='bbox 2681 4325 3083 4393; x_wconf 86' lang='grc' dir='ltr'>γινώσκουσαν,</span> <span class='ocrx_word' id='word_1_645' title='bbox 3147 4328 3298 4397; x_wconf 79' lang='grc' dir='ltr'>ὅμως</span> <span class='ocrx_word' id='word_1_646' title='bbox 3354 4328 3798 4399; x_wconf 80' lang='grc' dir='ltr'>ἐσπουδάσαμεν,</span> <span class='ocrx_word' id='word_1_647' title='bbox 3832 4330 3932 4400; x_wconf 79' lang='grc' dir='ltr'>τὴν</span> <span class='ocrx_word' id='word_1_648' title='bbox 3988 4331 4046 4384; x_wconf 79' lang='grc' dir='ltr'>ἐν</span> 
     </span>
    </p>
   </div>
   <div class='ocr_carea' id='block_1_87' title="bbox 2448 4419 4046 4493">
    <p class='ocr_par' dir='ltr' id='par_1_87' title="bbox 2448 4419 4046 4493">
     <span class='ocr_line' id='line_1_87' title="bbox 2448 4419 4046 4493; baseline 0.001 -21"><span class='ocrx_word' id='word_1_649' title='bbox 2448 4419 2657 4490; x_wconf 76' lang='grc' dir='ltr'>Νικαίᾳ</span> <span class='ocrx_word' id='word_1_650' title='bbox 2691 4419 2872 4474; x_wconf 85' lang='grc' dir='ltr'>πίστιν</span> <span class='ocrx_word' id='word_1_651' title='bbox 2907 4421 3344 4490; x_wconf 85' lang='grc' dir='ltr'>ὁμολογηθεῖσαν</span> <span class='ocrx_word' id='word_1_652' title='bbox 3401 4423 3509 4474; x_wconf 79' lang='grc' dir='ltr'><strong>ὑπὸ</strong></span> <span class='ocrx_word' id='word_1_653' title='bbox 3549 4422 3656 4476; x_wconf 86' lang='grc' dir='ltr'><strong>τῶν</strong></span> <span class='ocrx_word' id='word_1_654' title='bbox 3708 4424 4046 4493; x_wconf 82' lang='grc' dir='ltr'>τριακοσίων</span> 
     </span>
    </p>
   </div>
   <div class='ocr_carea' id='block_1_88' title="bbox 765 4519 2345 4600">
    <p class='ocr_par' dir='ltr' id='par_1_88' title="bbox 765 4519 2345 4600">
     <span class='ocr_line' id='line_1_88' title="bbox 765 4519 2345 4600; baseline -0.008 -16"><span class='ocrx_word' id='word_1_655' title='bbox 765 4532 970 4600; x_wconf 86' lang='lat' dir='ltr'><strong>majore</strong></span> <span class='ocrx_word' id='word_1_656' title='bbox 1027 4543 1176 4580; x_wconf 91' lang='lat' dir='ltr'><strong>nunc</strong></span> <span class='ocrx_word' id='word_1_657' title='bbox 1208 4540 1348 4579; x_wconf 68' lang='lat' dir='ltr'><strong>vera:</strong></span> <span class='ocrx_word' id='word_1_658' title='bbox 1391 4523 1664 4577; x_wconf 84' lang='lat' dir='ltr'><strong>resistunt</strong></span> <span class='ocrx_word' id='word_1_659' title='bbox 1704 4520 1913 4592; x_wconf 86' lang='lat' dir='ltr'><strong>pietati.</strong></span> <span class='ocrx_word' id='word_1_660' title='bbox 1947 4520 2016 4575; x_wconf 83' lang='lat' dir='ltr'><strong>Et</strong></span> <span class='ocrx_word' id='word_1_661' title='bbox 2050 4531 2109 4574; x_wconf 91' lang='lat' dir='ltr'><strong>ut</strong></span> <span class='ocrx_word' id='word_1_662' title='bbox 2169 4519 2345 4589; x_wconf 88' lang='lat' dir='ltr'><strong>pietas</strong></span> 
     </span>
    </p>
   </div>
   <div class='ocr_carea' id='block_1_89' title="bbox 2448 4510 4045 4584">
    <p class='ocr_par' dir='ltr' id='par_1_89' title="bbox 2448 4510 4045 4584">
     <span class='ocr_line' id='line_1_89' title="bbox 2448 4510 4045 4584; baseline 0.002 -22"><span class='ocrx_word' id='word_1_663' title='bbox 2448 4510 2579 4562; x_wconf 80' lang='grc' dir='ltr'>δέκα</span> <span class='ocrx_word' id='word_1_664' title='bbox 2611 4511 2708 4564; x_wconf 76' lang='grc' dir='ltr'><strong>καὶ</strong></span> <span class='ocrx_word' id='word_1_665' title='bbox 2737 4510 2888 4564; x_wconf 86' lang='grc' dir='ltr'>ὀκτὼ</span> <span class='ocrx_word' id='word_1_666' title='bbox 2914 4513 3231 4566; x_wconf 74' lang='grc' dir='ltr'>ἐπισκόπων</span> <span class='ocrx_word' id='word_1_667' title='bbox 3255 4512 3545 4578; x_wconf 76' lang='grc' dir='ltr'>ὑποτάξαι.</span> <span class='ocrx_word' id='word_1_668' title='bbox 3585 4514 3740 4566; x_wconf 86' lang='grc' dir='ltr'>Ἔστι</span> <span class='ocrx_word' id='word_1_669' title='bbox 3770 4513 3828 4566; x_wconf 85' lang='grc' dir='ltr'><strong>δὲ</strong></span> <span class='ocrx_word' id='word_1_670' title='bbox 3861 4514 4000 4584; x_wconf 86' lang='grc' dir='ltr'>αῦτη</span> <span class='ocrx_word' id='word_1_671' title='bbox 4030 4531 4045 4544; x_wconf 90' lang='grc'><strong>·</strong></span> 
     </span>
    </p>
   </div>
   <div class='ocr_carea' id='block_1_90' title="bbox 766 4590 2459 4686">
    <p class='ocr_par' dir='ltr' id='par_1_90' title="bbox 766 4590 2459 4686">
     <span class='ocr_line' id='line_1_90' title="bbox 766 4590 2459 4686; baseline -0.007 -10"><span class='ocrx_word' id='word_1_672' title='bbox 766 4633 856 4676; x_wconf 92' lang='lat' dir='ltr'><strong>tua</strong></span> <span class='ocrx_word' id='word_1_673' title='bbox 892 4621 1051 4675; x_wconf 80' lang='lat' dir='ltr'><strong>ﬁdem</strong></span> <span class='ocrx_word' id='word_1_674' title='bbox 1082 4619 1356 4672; x_wconf 73' lang='lat' dir='ltr'><strong>Nicmnam</strong></span> <span class='ocrx_word' id='word_1_675' title='bbox 1405 4590 1737 4686; x_wconf 72' lang='lat' dir='ltr'><strong>cognoscat,</strong></span> <span class='ocrx_word' id='word_1_676' title='bbox 1769 4613 2017 4684; x_wconf 88' lang='lat' dir='ltr'><strong>quamvis</strong></span> <span class='ocrx_word' id='word_1_677' title='bbox 2050 4623 2209 4668; x_wconf 87' lang='lat' dir='ltr'><strong>antea</strong></span> <span class='ocrx_word' id='word_1_678' title='bbox 2253 4628 2347 4666; x_wconf 86' lang='lat' dir='ltr'><strong>co-</strong></span> <span class='ocrx_word' id='word_1_679' title='bbox 2377 4590 2424 4647; x_wconf 77' lang='lat' dir='ltr'><strong>D</strong></span> <span class='ocrx_word' id='word_1_680' title='bbox 2455 4602 2459 4654; x_wconf 73' lang='grc'><strong>1</strong></span> 
     </span>
    </p>
   </div>
   <div class='ocr_carea' id='block_1_91' title="bbox 2356 4590 4049 4686">
    <p class='ocr_par' dir='ltr' id='par_1_91' title="bbox 2377 4590 4049 4677">
     <span class='ocr_line' id='line_1_91' title="bbox 2377 4590 4049 4677; baseline 0.002 -24"><span class='ocrx_word' id='word_1_681' title='bbox 2377 4590 2424 4647; x_wconf 79' lang='grc' dir='ltr'>ο</span> <span class='ocrx_word' id='word_1_682' title='bbox 2455 4602 2795 4666; x_wconf 83' lang='grc' dir='ltr'>Πιστεύομεν</span> <span class='ocrx_word' id='word_1_683' title='bbox 2825 4603 2900 4664; x_wconf 74' lang='grc' dir='ltr'><strong>είς</strong></span> <span class='ocrx_word' id='word_1_684' title='bbox 2926 4603 3020 4656; x_wconf 73' lang='grc' dir='ltr'><strong>ἕνα</strong></span> <span class='ocrx_word' id='word_1_685' title='bbox 3039 4603 3201 4669; x_wconf 77' lang='grc' dir='ltr'>Θεὸν,</span> <span class='ocrx_word' id='word_1_686' title='bbox 3223 4604 3440 4676; x_wconf 80' lang='grc' dir='ltr'>Πατέρα</span> <span class='ocrx_word' id='word_1_687' title='bbox 3457 4604 3899 4677; x_wconf 81' lang='grc' dir='ltr'>παντοκράτορα,</span> <span class='ocrx_word' id='word_1_688' title='bbox 3915 4607 4049 4658; x_wconf 74' lang='grc' dir='ltr'>πάν-</span> 
     </span>
    </p>
   </div>
   <div class='ocr_carea' id='block_1_92' title="bbox 756 4704 2347 4784">
    <p class='ocr_par' dir='ltr' id='par_1_92' title="bbox 756 4704 2347 4784">
     <span class='ocr_line' id='line_1_92' title="bbox 756 4704 2347 4784; baseline -0.004 -20"><span class='ocrx_word' id='word_1_689' title='bbox 756 4715 994 4784; x_wconf 70' lang='lat' dir='ltr'><strong>gnitam,</strong></span> <span class='ocrx_word' id='word_1_690' title='bbox 1031 4719 1271 4764; x_wconf 88' lang='lat' dir='ltr'><strong>attamen</strong></span> <span class='ocrx_word' id='word_1_691' title='bbox 1299 4708 1461 4762; x_wconf 87' lang='lat' dir='ltr'><strong>sicuti</strong></span> <span class='ocrx_word' id='word_1_692' title='bbox 1490 4722 1552 4760; x_wconf 88' lang='lat' dir='ltr'><strong>ea</strong></span> <span class='ocrx_word' id='word_1_693' title='bbox 1579 4722 1609 4760; x_wconf 90' lang='lat' dir='ltr'><strong>a</strong></span> <span class='ocrx_word' id='word_1_694' title='bbox 1635 4705 1897 4761; x_wconf 83' lang='lat' dir='ltr'><strong>trecentis</strong></span> <span class='ocrx_word' id='word_1_695' title='bbox 1922 4704 2110 4758; x_wconf 89' lang='lat' dir='ltr'><strong>decem</strong></span> <span class='ocrx_word' id='word_1_696' title='bbox 2143 4712 2199 4758; x_wconf 87' lang='lat' dir='ltr'><strong>et</strong></span> <span class='ocrx_word' id='word_1_697' title='bbox 2220 4714 2347 4757; x_wconf 91' lang='lat' dir='ltr'><strong>octo</strong></span> 
     </span>
    </p>
   </div>
   <div class='ocr_carea' id='block_1_93' title="bbox 766 4796 2348 4875">
    <p class='ocr_par' dir='ltr' id='par_1_93' title="bbox 766 4796 2348 4875">
     <span class='ocr_line' id='line_1_93' title="bbox 766 4796 2348 4875; baseline -0.006 -16"><span class='ocrx_word' id='word_1_698' title='bbox 766 4804 1042 4875; x_wconf 89' lang='lat' dir='ltr'><strong>episcopis</strong></span> <span class='ocrx_word' id='word_1_699' title='bbox 1068 4813 1152 4856; x_wconf 75' lang='lat' dir='ltr'><strong>est</strong></span> <span class='ocrx_word' id='word_1_700' title='bbox 1178 4801 1545 4872; x_wconf 80' lang='lat' dir='ltr'><strong>promulgata,</strong></span> <span class='ocrx_word' id='word_1_701' title='bbox 1587 4799 1922 4868; x_wconf 72' lang='lat' dir='ltr'><strong>subiungere</strong></span> <span class='ocrx_word' id='word_1_702' title='bbox 1963 4797 2163 4851; x_wconf 88' lang='lat' dir='ltr'><strong>litteris</strong></span> <span class='ocrx_word' id='word_1_703' title='bbox 2191 4796 2348 4850; x_wconf 90' lang='lat' dir='ltr'><strong>hisce</strong></span> 
     </span>
    </p>
   </div>
   <div class='ocr_carea' id='block_1_94' title="bbox 771 4885 2347 4949">
    <p class='ocr_par' dir='ltr' id='par_1_94' title="bbox 771 4885 2347 4949">
     <span class='ocr_line' id='line_1_94' title="bbox 771 4885 2347 4949; baseline -0.006 -2"><span class='ocrx_word' id='word_1_704' title='bbox 771 4895 1068 4949; x_wconf 83' lang='lat' dir='ltr'><strong>voluimus.</strong></span> <span class='ocrx_word' id='word_1_705' title='bbox 1087 4892 1182 4945; x_wconf 87' lang='lat' dir='ltr'><strong>Est</strong></span> <span class='ocrx_word' id='word_1_706' title='bbox 1203 4900 1388 4944; x_wconf 84' lang='lat' dir='ltr'><strong>autem</strong></span> <span class='ocrx_word' id='word_1_707' title='bbox 1414 4889 1566 4943; x_wconf 90' lang='lat' dir='ltr'><strong>talis:</strong></span> <span class='ocrx_word' id='word_1_708' title='bbox 1591 4887 1884 4942; x_wconf 88' lang='lat' dir='ltr'><strong>Credimus</strong></span> <span class='ocrx_word' id='word_1_709' title='bbox 1904 4887 1956 4939; x_wconf 91' lang='lat' dir='ltr'><strong>in</strong></span> <span class='ocrx_word' id='word_1_710' title='bbox 1982 4901 2152 4940; x_wconf 91' lang='lat' dir='ltr'><strong>unum</strong></span> <span class='ocrx_word' id='word_1_711' title='bbox 2173 4885 2347 4939; x_wconf 85' lang='lat' dir='ltr'><strong>Deum</strong></span> 
     </span>
    </p>
   </div>
   <div class='ocr_carea' id='block_1_95' title="bbox 772 4975 2352 5048">
    <p class='ocr_par' dir='ltr' id='par_1_95' title="bbox 772 4975 2352 5048">
     <span class='ocr_line' id='line_1_95' title="bbox 772 4975 2352 5048; baseline -0.006 -10"><span class='ocrx_word' id='word_1_712' title='bbox 772 4987 986 5039; x_wconf 83' lang='lat' dir='ltr'><strong>Patrem</strong></span> <span class='ocrx_word' id='word_1_713' title='bbox 1028 4979 1748 5048; x_wconf 55' lang='lat' dir='ltr'><strong>omnipotenten‘i,omnium</strong></span> <span class='ocrx_word' id='word_1_714' title='bbox 1779 4976 2078 5030; x_wconf 85' lang='lat' dir='ltr'><strong>visibiliqu</strong></span> <span class='ocrx_word' id='word_1_715' title='bbox 2099 4985 2153 5029; x_wconf 93' lang='lat' dir='ltr'><strong>ct</strong></span> <span class='ocrx_word' id='word_1_716' title='bbox 2183 4975 2352 5028; x_wconf 81' lang='lat' dir='ltr'><strong>invis-</strong></span> 
     </span>
    </p>
   </div>
   <div class='ocr_carea' id='block_1_96' title="bbox 769 5065 2353 5131">
    <p class='ocr_par' dir='ltr' id='par_1_96' title="bbox 769 5065 2353 5131">
     <span class='ocr_line' id='line_1_96' title="bbox 769 5065 2353 5131; baseline -0.007 0"><span class='ocrx_word' id='word_1_717' title='bbox 769 5077 964 5131; x_wconf 89' lang='lat' dir='ltr'><strong>biiium</strong></span> <span class='ocrx_word' id='word_1_718' title='bbox 992 5071 1372 5128; x_wconf 78' lang='lat' dir='ltr'><strong>faetoreszt</strong></span> <span class='ocrx_word' id='word_1_719' title='bbox 1395 5071 1450 5126; x_wconf 91' lang='lat' dir='ltr'><strong>in</strong></span> <span class='ocrx_word' id='word_1_720' title='bbox 1485 5086 1654 5124; x_wconf 85' lang='lat' dir='ltr'><strong>unum</strong></span> <span class='ocrx_word' id='word_1_721' title='bbox 1673 5069 1960 5123; x_wconf 90' lang='lat' dir='ltr'><strong>Dominum</strong></span> <span class='ocrx_word' id='word_1_722' title='bbox 1987 5067 2172 5122; x_wconf 82' lang='lat' dir='ltr'><strong>Jesum</strong></span> <span class='ocrx_word' id='word_1_723' title='bbox 2191 5065 2353 5120; x_wconf 82' lang='lat' dir='ltr'><strong>Chri-</strong></span> 
     </span>
    </p>
   </div>
   <div class='ocr_carea' id='block_1_97' title="bbox 772 5161 2349 5234">
    <p class='ocr_par' dir='ltr' id='par_1_97' title="bbox 772 5161 2349 5234">
     <span class='ocr_line' id='line_1_97' title="bbox 772 5161 2349 5234; baseline -0.006 -12"><span class='ocrx_word' id='word_1_724' title='bbox 772 5179 941 5232; x_wconf 85' lang='lat' dir='ltr'><strong>stum,</strong></span> <span class='ocrx_word' id='word_1_725' title='bbox 974 5167 1174 5221; x_wconf 88' lang='lat' dir='ltr'><strong>Filium</strong></span> <span class='ocrx_word' id='word_1_726' title='bbox 1215 5164 1332 5228; x_wconf 91' lang='lat' dir='ltr'><strong>Dei,</strong></span> <span class='ocrx_word' id='word_1_727' title='bbox 1364 5164 1609 5234; x_wconf 76' lang='lat' dir='ltr'><strong>genitum</strong></span> <span class='ocrx_word' id='word_1_728' title='bbox 1636 5178 1704 5218; x_wconf 82' lang='lat' dir='ltr'><strong>ex</strong></span> <span class='ocrx_word' id='word_1_729' title='bbox 1742 5162 1942 5224; x_wconf 86' lang='lat' dir='ltr'><strong>Patre,</strong></span> <span class='ocrx_word' id='word_1_730' title='bbox 1979 5161 2349 5230; x_wconf 80' lang='lat' dir='ltr'><strong>unigenitum,</strong></span> 
     </span>
    </p>
   </div>
   <div class='ocr_carea' id='block_1_98' title="bbox 774 5251 2351 5318">
    <p class='ocr_par' dir='ltr' id='par_1_98' title="bbox 774 5251 2351 5318">
     <span class='ocr_line' id='line_1_98' title="bbox 774 5251 2351 5318; baseline -0.006 -6"><span class='ocrx_word' id='word_1_731' title='bbox 774 5259 884 5312; x_wconf 93' lang='lat' dir='ltr'><strong>hoc</strong></span> <span class='ocrx_word' id='word_1_732' title='bbox 911 5268 1017 5318; x_wconf 88' lang='lat' dir='ltr'><strong>est,</strong></span> <span class='ocrx_word' id='word_1_733' title='bbox 1051 5272 1119 5310; x_wconf 75' lang='lat' dir='ltr'><strong>ex</strong></span> <span class='ocrx_word' id='word_1_734' title='bbox 1147 5255 1456 5310; x_wconf 84' lang='lat' dir='ltr'><strong>substantia</strong></span> <span class='ocrx_word' id='word_1_735' title='bbox 1481 5253 1676 5316; x_wconf 85' lang='lat' dir='ltr'><strong>Patris,</strong></span> <span class='ocrx_word' id='word_1_736' title='bbox 1697 5253 1869 5306; x_wconf 89' lang='lat' dir='ltr'><strong>Deum</strong></span> <span class='ocrx_word' id='word_1_737' title='bbox 1901 5251 1969 5305; x_wconf 92' lang='lat' dir='ltr'><strong>de</strong></span> <span class='ocrx_word' id='word_1_738' title='bbox 2001 5251 2132 5316; x_wconf 91' lang='lat' dir='ltr'><strong>Deo,</strong></span> <span class='ocrx_word' id='word_1_739' title='bbox 2165 5251 2351 5304; x_wconf 89' lang='lat' dir='ltr'><strong>iumen</strong></span> 
     </span>
    </p>
   </div>
   <div class='ocr_carea' id='block_1_99' title="bbox 763 5343 2352 5412">
    <p class='ocr_par' dir='ltr' id='par_1_99' title="bbox 763 5343 2352 5412">
     <span class='ocr_line' id='line_1_99' title="bbox 763 5343 2352 5412; baseline -0.007 -7"><span class='ocrx_word' id='word_1_740' title='bbox 763 5353 841 5405; x_wconf 79' lang='lat' dir='ltr'><strong>de</strong></span> <span class='ocrx_word' id='word_1_741' title='bbox 872 5349 1105 5412; x_wconf 90' lang='lat' dir='ltr'><strong>lumine,</strong></span> <span class='ocrx_word' id='word_1_742' title='bbox 1160 5347 1328 5402; x_wconf 87' lang='lat' dir='ltr'><strong>Deum</strong></span> <span class='ocrx_word' id='word_1_743' title='bbox 1361 5361 1553 5400; x_wconf 89' lang='lat' dir='ltr'><strong>verum</strong></span> <span class='ocrx_word' id='word_1_744' title='bbox 1599 5344 1668 5398; x_wconf 91' lang='lat' dir='ltr'><strong>de</strong></span> <span class='ocrx_word' id='word_1_745' title='bbox 1723 5344 1832 5397; x_wconf 85' lang='lat' dir='ltr'><strong>Deo</strong></span> <span class='ocrx_word' id='word_1_746' title='bbox 1879 5357 2013 5397; x_wconf 81' lang='lat' dir='ltr'><strong>vero</strong></span> <span class='ocrx_word' id='word_1_747' title='bbox 2042 5358 2056 5396; x_wconf 88' lang='lat'><strong>:</strong></span> <span class='ocrx_word' id='word_1_748' title='bbox 2084 5343 2352 5411; x_wconf 76' lang='lat' dir='ltr'><strong>genitum,</strong></span> 
     </span>
    </p>
   </div>
   <div class='ocr_carea' id='block_1_100' title="bbox 775 5435 2356 5506">
    <p class='ocr_par' dir='ltr' id='par_1_100' title="bbox 775 5435 2356 5506">
     <span class='ocr_line' id='line_1_100' title="bbox 775 5435 2356 5506; baseline -0.006 -10"><span class='ocrx_word' id='word_1_749' title='bbox 775 5459 884 5497; x_wconf 91' lang='lat' dir='ltr'><strong>non</strong></span> <span class='ocrx_word' id='word_1_750' title='bbox 912 5442 1141 5506; x_wconf 80' lang='lat' dir='ltr'><strong>laetum,</strong></span> <span class='ocrx_word' id='word_1_751' title='bbox 1171 5438 1694 5494; x_wconf 81' lang='lat' dir='ltr'><strong>consubStantialem</strong></span> <span class='ocrx_word' id='word_1_752' title='bbox 1723 5435 1892 5499; x_wconf 84' lang='lat' dir='ltr'><strong>Patri,</strong></span> <span class='ocrx_word' id='word_1_753' title='bbox 1919 5450 2016 5504; x_wconf 89' lang='lat' dir='ltr'><strong>per</strong></span> <span class='ocrx_word' id='word_1_754' title='bbox 2037 5450 2201 5504; x_wconf 83' lang='lat' dir='ltr'><strong>quem</strong></span> <span class='ocrx_word' id='word_1_755' title='bbox 2235 5450 2356 5488; x_wconf 85' lang='lat' dir='ltr'><strong>om-</strong></span> 
     </span>
    </p>
   </div>
   <div class='ocr_carea' id='block_1_101' title="bbox 767 5528 2353 5601">
    <p class='ocr_par' dir='ltr' id='par_1_101' title="bbox 767 5528 2353 5601">
     <span class='ocr_line' id='line_1_101' title="bbox 767 5528 2353 5601; baseline -0.005 -13"><span class='ocrx_word' id='word_1_756' title='bbox 767 5537 866 5588; x_wconf 84' lang='lat' dir='ltr'><strong>.nia</strong></span> <span class='ocrx_word' id='word_1_757' title='bbox 901 5536 1039 5589; x_wconf 78' lang='lat' dir='ltr'><strong>facta</strong></span> <span class='ocrx_word' id='word_1_758' title='bbox 1081 5543 1230 5597; x_wconf 84' lang='lat' dir='ltr'><strong>sunt,</strong></span> <span class='ocrx_word' id='word_1_759' title='bbox 1270 5547 1500 5601; x_wconf 66' lang='lat' dir='ltr'><strong>qumque</strong></span> <span class='ocrx_word' id='word_1_760' title='bbox 1542 5529 1598 5584; x_wconf 82' lang='lat' dir='ltr'><strong>in</strong></span> <span class='ocrx_word' id='word_1_761' title='bbox 1639 5531 1794 5584; x_wconf 59' lang='lat' dir='ltr'><strong>caelis</strong></span> <span class='ocrx_word' id='word_1_762' title='bbox 1837 5536 1986 5587; x_wconf 88' lang='lat' dir='ltr'><strong>sunt.</strong></span> <span class='ocrx_word' id='word_1_763' title='bbox 2016 5542 2248 5597; x_wconf 67' lang='lat' dir='ltr'><strong>quaeque</strong></span> <span class='ocrx_word' id='word_1_764' title='bbox 2298 5528 2353 5580; x_wconf 81' lang='lat' dir='ltr'><strong>in</strong></span> 
     </span>
    </p>
   </div>
   <div class='ocr_carea' id='block_1_102' title="bbox 771 5622 2358 5694">
    <p class='ocr_par' dir='ltr' id='par_1_102' title="bbox 771 5622 2358 5694">
     <span class='ocr_line' id='line_1_102' title="bbox 771 5622 2358 5694; baseline -0.004 -13"><span class='ocrx_word' id='word_1_765' title='bbox 771 5629 962 5682; x_wconf 79' lang='lat' dir='ltr'><strong>terris.</strong></span> <span class='ocrx_word' id='word_1_766' title='bbox 1007 5627 1108 5692; x_wconf 80' lang='lat' dir='ltr'><strong>Qui</strong></span> <span class='ocrx_word' id='word_1_767' title='bbox 1162 5636 1385 5694; x_wconf 86' lang='lat' dir='ltr'><strong>propter</strong></span> <span class='ocrx_word' id='word_1_768' title='bbox 1417 5640 1516 5676; x_wconf 75' lang='lat' dir='ltr'><strong>nos</strong></span> <span class='ocrx_word' id='word_1_769' title='bbox 1576 5622 1852 5685; x_wconf 89' lang='lat' dir='ltr'><strong>homines,</strong></span> <span class='ocrx_word' id='word_1_770' title='bbox 1888 5629 1944 5675; x_wconf 90' lang='lat' dir='ltr'><strong>et</strong></span> <span class='ocrx_word' id='word_1_771' title='bbox 1977 5632 2203 5690; x_wconf 88' lang='lat' dir='ltr'><strong>propter</strong></span> <span class='ocrx_word' id='word_1_772' title='bbox 2261 5637 2358 5675; x_wconf 85' lang='lat' dir='ltr'><strong>no-</strong></span> 
     </span>
    </p>
   </div>
   <div class='ocr_carea' id='block_1_103' title="bbox 774 5714 2360 5782">
    <p class='ocr_par' dir='ltr' id='par_1_103' title="bbox 774 5714 2360 5782">
     <span class='ocr_line' id='line_1_103' title="bbox 774 5714 2360 5782; baseline -0.005 -7"><span class='ocrx_word' id='word_1_773' title='bbox 774 5733 950 5775; x_wconf 83' lang='lat' dir='ltr'><strong>stram</strong></span> <span class='ocrx_word' id='word_1_774' title='bbox 1008 5721 1259 5782; x_wconf 86' lang='lat' dir='ltr'><strong>salutem,</strong></span> <span class='ocrx_word' id='word_1_775' title='bbox 1319 5717 1657 5771; x_wconf 86' lang='lat' dir='ltr'><strong>descendit:</strong></span> <span class='ocrx_word' id='word_1_776' title='bbox 1711 5725 1766 5770; x_wconf 91' lang='lat' dir='ltr'><strong>et</strong></span> <span class='ocrx_word' id='word_1_777' title='bbox 1822 5715 2137 5769; x_wconf 87' lang='lat' dir='ltr'><strong>incarnatus</strong></span> <span class='ocrx_word' id='word_1_778' title='bbox 2197 5714 2360 5768; x_wconf 90' lang='lat' dir='ltr'><strong>homo</strong></span> 
     </span>
    </p>
   </div>
   <div class='ocr_carea' id='block_1_104' title="bbox 774 5806 2364 5880">
    <p class='ocr_par' dir='ltr' id='par_1_104' title="bbox 774 5806 2364 5880">
     <span class='ocr_line' id='line_1_104' title="bbox 774 5806 2364 5880; baseline -0.005 -13"><span class='ocrx_word' id='word_1_779' title='bbox 774 5813 982 5876; x_wconf 68' lang='lat' dir='ltr'><strong>iactus,</strong></span> <span class='ocrx_word' id='word_1_780' title='bbox 1022 5821 1077 5865; x_wconf 92' lang='lat' dir='ltr'><strong>ct</strong></span> <span class='ocrx_word' id='word_1_781' title='bbox 1107 5825 1301 5880; x_wconf 85' lang='lat' dir='ltr'><strong>passus</strong></span> <span class='ocrx_word' id='word_1_782' title='bbox 1331 5818 1417 5863; x_wconf 90' lang='lat' dir='ltr'><strong>est</strong></span> <span class='ocrx_word' id='word_1_783' title='bbox 1446 5827 1458 5861; x_wconf 92' lang='lat'>:</span> <span class='ocrx_word' id='word_1_784' title='bbox 1487 5818 1541 5862; x_wconf 89' lang='lat' dir='ltr'><strong>et</strong></span> <span class='ocrx_word' id='word_1_785' title='bbox 1600 5808 1904 5862; x_wconf 79' lang='lat' dir='ltr'><strong>resurrexit</strong></span> <span class='ocrx_word' id='word_1_786' title='bbox 1941 5809 2100 5860; x_wconf 86' lang='lat' dir='ltr'><strong>tertia</strong></span> <span class='ocrx_word' id='word_1_787' title='bbox 2136 5806 2246 5870; x_wconf 89' lang='lat' dir='ltr'><strong>die,</strong></span> <span class='ocrx_word' id='word_1_788' title='bbox 2278 5821 2364 5860; x_wconf 70' lang='lat' dir='ltr'><strong>as~</strong></span> 
     </span>
    </p>
   </div>
   <div class='ocr_carea' id='block_1_105' title="bbox 777 5899 2357 5971">
    <p class='ocr_par' dir='ltr' id='par_1_105' title="bbox 777 5899 2357 5971">
     <span class='ocr_line' id='line_1_105' title="bbox 777 5899 2357 5971; baseline -0.003 -14"><span class='ocrx_word' id='word_1_789' title='bbox 777 5905 976 5961; x_wconf 67' lang='grc' dir='ltr'>-ςυιιιιξι</span> <span class='ocrx_word' id='word_1_790' title='bbox 1007 5904 1058 5956; x_wconf 89' lang='lat' dir='ltr'><strong>in</strong></span> <span class='ocrx_word' id='word_1_791' title='bbox 1097 5906 1284 5968; x_wconf 75' lang='grc' dir='ltr'>ςωὶος,</span> <span class='ocrx_word' id='word_1_792' title='bbox 1320 5909 1588 5955; x_wconf 83' lang='lat' dir='ltr'><strong>venturus</strong></span> <span class='ocrx_word' id='word_1_793' title='bbox 1637 5900 1880 5971; x_wconf 78' lang='lat' dir='ltr'><strong>judicare</strong></span> <span class='ocrx_word' id='word_1_794' title='bbox 1917 5899 2068 5953; x_wconf 82' lang='lat' dir='ltr'><strong>vivos</strong></span> <span class='ocrx_word' id='word_1_795' title='bbox 2103 5910 2156 5952; x_wconf 89' lang='lat' dir='ltr'><strong>et</strong></span> <span class='ocrx_word' id='word_1_796' title='bbox 2211 5915 2357 5953; x_wconf 85' lang='lat' dir='ltr'><strong>tuor-</strong></span> 
     </span>
    </p>
   </div>
   <div class='ocr_carea' id='block_1_106' title="bbox 2454 4697 4047 4768">
    <p class='ocr_par' dir='ltr' id='par_1_106' title="bbox 2454 4697 4047 4768">
     <span class='ocr_line' id='line_1_106' title="bbox 2454 4697 4047 4768; baseline 0.003 -20"><span class='ocrx_word' id='word_1_797' title='bbox 2454 4714 2560 4748; x_wconf 84' lang='grc' dir='ltr'><strong>των</strong></span> <span class='ocrx_word' id='word_1_798' title='bbox 2589 4697 2802 4766; x_wconf 77' lang='grc' dir='ltr'>ὁρατῶν</span> <span class='ocrx_word' id='word_1_799' title='bbox 2837 4699 2931 4750; x_wconf 67' lang='grc' dir='ltr'>καὶ</span> <span class='ocrx_word' id='word_1_800' title='bbox 2963 4698 3216 4768; x_wconf 78' lang='grc' dir='ltr'>ἀοράτων</span> <span class='ocrx_word' id='word_1_801' title='bbox 3244 4700 3482 4768; x_wconf 85' lang='grc' dir='ltr'>ποιητήν</span> <span class='ocrx_word' id='word_1_802' title='bbox 3507 4715 3521 4729; x_wconf 88' lang='grc'><strong>·</strong></span> <span class='ocrx_word' id='word_1_803' title='bbox 3557 4698 3653 4751; x_wconf 75' lang='grc' dir='ltr'>καὶ</span> <span class='ocrx_word' id='word_1_804' title='bbox 3695 4698 3774 4759; x_wconf 82' lang='grc' dir='ltr'><strong>είς</strong></span> <span class='ocrx_word' id='word_1_805' title='bbox 3805 4699 3902 4750; x_wconf 78' lang='grc' dir='ltr'><strong>ἕνα</strong></span> <span class='ocrx_word' id='word_1_806' title='bbox 3931 4700 4047 4751; x_wconf 73' lang='grc' dir='ltr'><strong>Κύ-</strong></span> 
     </span>
    </p>
   </div>
   <div class='ocr_carea' id='block_1_107' title="bbox 2457 4787 4049 4860">
    <p class='ocr_par' dir='ltr' id='par_1_107' title="bbox 2457 4787 4049 4860">
     <span class='ocr_line' id='line_1_107' title="bbox 2457 4787 4049 4860; baseline 0.004 -22"><span class='ocrx_word' id='word_1_807' title='bbox 2457 4803 2572 4856; x_wconf 86' lang='grc' dir='ltr'>ριον</span> <span class='ocrx_word' id='word_1_808' title='bbox 2605 4787 2817 4857; x_wconf 85' lang='grc' dir='ltr'>Ἰησοῦν</span> <span class='ocrx_word' id='word_1_809' title='bbox 2852 4789 3089 4859; x_wconf 83' lang='grc' dir='ltr'>Χριστὸν</span> <span class='ocrx_word' id='word_1_810' title='bbox 3129 4790 3253 4841; x_wconf 81' lang='grc' dir='ltr'>Υίὸν</span> <span class='ocrx_word' id='word_1_811' title='bbox 3285 4789 3380 4842; x_wconf 89' lang='grc' dir='ltr'><strong>τοῦ</strong></span> <span class='ocrx_word' id='word_1_812' title='bbox 3406 4787 3542 4841; x_wconf 88' lang='grc' dir='ltr'>Θεοῦ</span> <span class='ocrx_word' id='word_1_813' title='bbox 3564 4806 3575 4818; x_wconf 92' lang='grc'><strong>·</strong></span> <span class='ocrx_word' id='word_1_814' title='bbox 3614 4790 3951 4860; x_wconf 77' lang='grc' dir='ltr'>γεννηθέντα</span> <span class='ocrx_word' id='word_1_815' title='bbox 3987 4797 4049 4845; x_wconf 79' lang='grc' dir='ltr'>ἐκ</span> 
     </span>
    </p>
   </div>
   <div class='ocr_carea' id='block_1_108' title="bbox 2453 4881 4050 4954">
    <p class='ocr_par' dir='ltr' id='par_1_108' title="bbox 2453 4881 4050 4954">
     <span class='ocr_line' id='line_1_108' title="bbox 2453 4881 4050 4954; baseline 0.005 -22"><span class='ocrx_word' id='word_1_816' title='bbox 2453 4881 2545 4933; x_wconf 86' lang='grc' dir='ltr'><strong>τοῦ</strong></span> <span class='ocrx_word' id='word_1_817' title='bbox 2578 4881 2794 4952; x_wconf 69' lang='grc' dir='ltr'>Πατρός</span> <span class='ocrx_word' id='word_1_818' title='bbox 2828 4882 3123 4950; x_wconf 79' lang='grc' dir='ltr'>μονογενῆ,</span> <span class='ocrx_word' id='word_1_819' title='bbox 3153 4884 3439 4937; x_wconf 81' lang='grc' dir='ltr'>τουτέστιν</span> <span class='ocrx_word' id='word_1_820' title='bbox 3490 4886 3554 4937; x_wconf 81' lang='grc' dir='ltr'>ὲκ</span> <span class='ocrx_word' id='word_1_821' title='bbox 3598 4885 3696 4954; x_wconf 80' lang='grc' dir='ltr'>τῆς</span> <span class='ocrx_word' id='word_1_822' title='bbox 3733 4888 3922 4950; x_wconf 78' lang='grc' dir='ltr'>οὐσίας</span> <span class='ocrx_word' id='word_1_823' title='bbox 3954 4889 4050 4941; x_wconf 79' lang='grc' dir='ltr'><strong>τοῦ</strong></span> 
     </span>
    </p>
   </div>
   <div class='ocr_carea' id='block_1_109' title="bbox 2459 4975 4053 5052">
    <p class='ocr_par' dir='ltr' id='par_1_109' title="bbox 2459 4975 4053 5052">
     <span class='ocr_line' id='line_1_109' title="bbox 2459 4975 4053 5052; baseline 0.004 -23"><span class='ocrx_word' id='word_1_824' title='bbox 2459 4975 2669 5045; x_wconf 79' lang='grc' dir='ltr'>Πατρός</span> <span class='ocrx_word' id='word_1_825' title='bbox 2694 4991 2706 5004; x_wconf 91' lang='grc'><strong>·</strong></span> <span class='ocrx_word' id='word_1_826' title='bbox 2745 4976 2877 5029; x_wconf 78' lang='grc' dir='ltr'>Θεὸν</span> <span class='ocrx_word' id='word_1_827' title='bbox 2909 4978 2971 5028; x_wconf 85' lang='grc' dir='ltr'>ὲκ</span> <span class='ocrx_word' id='word_1_828' title='bbox 2990 4977 3146 5042; x_wconf 80' lang='grc' dir='ltr'>Θεοῦ,</span> <span class='ocrx_word' id='word_1_829' title='bbox 3177 4977 3290 5046; x_wconf 79' lang='grc' dir='ltr'>φῶς</span> <span class='ocrx_word' id='word_1_830' title='bbox 3316 4982 3381 5031; x_wconf 80' lang='grc' dir='ltr'><strong>ἐκ</strong></span> <span class='ocrx_word' id='word_1_831' title='bbox 3403 4981 3600 5048; x_wconf 69' lang='grc' dir='ltr'>φωτὸς,</span> <span class='ocrx_word' id='word_1_832' title='bbox 3629 4981 3762 5032; x_wconf 73' lang='grc' dir='ltr'>Θεὸν</span> <span class='ocrx_word' id='word_1_833' title='bbox 3790 4982 4053 5052; x_wconf 68' lang='grc' dir='ltr'>ἀληθινὸν</span> 
     </span>
    </p>
   </div>
   <div class='ocr_carea' id='block_1_110' title="bbox 2457 5066 4056 5142">
    <p class='ocr_par' dir='ltr' id='par_1_110' title="bbox 2457 5066 4056 5142">
     <span class='ocr_line' id='line_1_110' title="bbox 2457 5066 4056 5142; baseline 0.004 -24"><span class='ocrx_word' id='word_1_834' title='bbox 2457 5068 2520 5119; x_wconf 80' lang='grc' dir='ltr'>ὲκ</span> <span class='ocrx_word' id='word_1_835' title='bbox 2549 5066 2685 5119; x_wconf 84' lang='grc' dir='ltr'>Θεοῦ</span> <span class='ocrx_word' id='word_1_836' title='bbox 2705 5068 2962 5137; x_wconf 82' lang='grc' dir='ltr'>ἀληθινοῦ</span> <span class='ocrx_word' id='word_1_837' title='bbox 2986 5087 2997 5097; x_wconf 95' lang='grc'><strong>·</strong></span> <span class='ocrx_word' id='word_1_838' title='bbox 3027 5068 3382 5138; x_wconf 77' lang='grc' dir='ltr'>γεννηθέντα,</span> <span class='ocrx_word' id='word_1_839' title='bbox 3412 5071 3473 5122; x_wconf 85' lang='grc' dir='ltr'><strong>οὐ</strong></span> <span class='ocrx_word' id='word_1_840' title='bbox 3507 5070 3829 5140; x_wconf 78' lang='grc' dir='ltr'>ποιηθέντα,</span> <span class='ocrx_word' id='word_1_841' title='bbox 3856 5073 4056 5142; x_wconf 57' lang='lat'><strong>69.00-3-</strong></span> 
     </span>
    </p>
   </div>
   <div class='ocr_carea' id='block_1_111' title="bbox 2459 5157 4055 5234">
    <p class='ocr_par' dir='ltr' id='par_1_111' title="bbox 2459 5157 4055 5234">
     <span class='ocr_line' id='line_1_111' title="bbox 2459 5157 4055 5234; baseline 0.006 -25"><span class='ocrx_word' id='word_1_842' title='bbox 2459 5174 2574 5210; x_wconf 91' lang='grc' dir='ltr'>σιον</span> <span class='ocrx_word' id='word_1_843' title='bbox 2595 5157 2671 5223; x_wconf 80' lang='grc' dir='ltr'><strong>τῷ</strong></span> <span class='ocrx_word' id='word_1_844' title='bbox 2695 5158 2868 5230; x_wconf 85' lang='grc' dir='ltr'>Πατρι</span> <span class='ocrx_word' id='word_1_845' title='bbox 2889 5176 2903 5190; x_wconf 79' lang='grc' dir='ltr'><strong><em>ο</em></strong></span> <span class='ocrx_word' id='word_1_846' title='bbox 2953 5159 3021 5211; x_wconf 80' lang='grc' dir='ltr'><strong>δι’</strong></span> <span class='ocrx_word' id='word_1_847' title='bbox 3049 5159 3108 5212; x_wconf 84' lang='grc' dir='ltr'>οὗ</span> <span class='ocrx_word' id='word_1_848' title='bbox 3140 5162 3208 5212; x_wconf 77' lang='grc' dir='ltr'><strong>τὰ</strong></span> <span class='ocrx_word' id='word_1_849' title='bbox 3232 5162 3409 5216; x_wconf 65' lang='grc' dir='ltr'>πάντα</span> <span class='ocrx_word' id='word_1_850' title='bbox 3435 5162 3673 5230; x_wconf 77' lang='grc' dir='ltr'>ἐγένετο,</span> <span class='ocrx_word' id='word_1_851' title='bbox 3700 5165 3769 5216; x_wconf 73' lang='grc' dir='ltr'>τά</span> <span class='ocrx_word' id='word_1_852' title='bbox 3800 5181 3860 5216; x_wconf 86' lang='grc' dir='ltr'><strong>τε</strong></span> <span class='ocrx_word' id='word_1_853' title='bbox 3893 5169 3948 5217; x_wconf 83' lang='grc' dir='ltr'>ὲν</span> <span class='ocrx_word' id='word_1_854' title='bbox 3977 5168 4055 5234; x_wconf 74' lang='grc' dir='ltr'>τῲ</span> 
     </span>
    </p>
   </div>
   <div class='ocr_carea' id='block_1_112' title="bbox 2458 5249 4060 5327">
    <p class='ocr_par' dir='ltr' id='par_1_112' title="bbox 2458 5249 4060 5327">
     <span class='ocr_line' id='line_1_112' title="bbox 2458 5249 4060 5327; baseline 0.005 -25"><span class='ocrx_word' id='word_1_855' title='bbox 2458 5249 2673 5320; x_wconf 81' lang='grc' dir='ltr'>οὐρανῷ</span> <span class='ocrx_word' id='word_1_856' title='bbox 2703 5252 2796 5303; x_wconf 76' lang='grc' dir='ltr'><strong>καὶ</strong></span> <span class='ocrx_word' id='word_1_857' title='bbox 2828 5252 2896 5304; x_wconf 76' lang='grc' dir='ltr'>τὰ</span> <span class='ocrx_word' id='word_1_858' title='bbox 2948 5253 3040 5305; x_wconf 69' lang='grc' dir='ltr'>ἐπὶ</span> <span class='ocrx_word' id='word_1_859' title='bbox 3071 5255 3170 5324; x_wconf 80' lang='grc' dir='ltr'>τῆς</span> <span class='ocrx_word' id='word_1_860' title='bbox 3201 5254 3305 5324; x_wconf 81' lang='grc' dir='ltr'>γῆς</span> <span class='ocrx_word' id='word_1_861' title='bbox 3333 5295 3348 5319; x_wconf 90' lang='grc'><strong>,</strong></span> <span class='ocrx_word' id='word_1_862' title='bbox 3400 5254 3494 5308; x_wconf 79' lang='grc' dir='ltr'><strong>τὸν</strong></span> <span class='ocrx_word' id='word_1_863' title='bbox 3522 5255 3588 5309; x_wconf 87' lang='grc' dir='ltr'>δι’</span> <span class='ocrx_word' id='word_1_864' title='bbox 3621 5258 3770 5327; x_wconf 80' lang='grc' dir='ltr'>ἡμᾶς</span> <span class='ocrx_word' id='word_1_865' title='bbox 3805 5261 3933 5322; x_wconf 78' lang='grc' dir='ltr'><strong>τούς</strong></span> <span class='ocrx_word' id='word_1_866' title='bbox 3963 5261 4060 5311; x_wconf 85' lang='grc' dir='ltr'>ἀν-</span> 
     </span>
    </p>
   </div>
   <div class='ocr_carea' id='block_1_113' title="bbox 2461 5343 4056 5420">
    <p class='ocr_par' dir='ltr' id='par_1_113' title="bbox 2461 5343 4056 5420">
     <span class='ocr_line' id='line_1_113' title="bbox 2461 5343 4056 5420; baseline 0.007 -25"><span class='ocrx_word' id='word_1_867' title='bbox 2461 5343 2716 5413; x_wconf 79' lang='grc' dir='ltr'>θρώπους</span> <span class='ocrx_word' id='word_1_868' title='bbox 2739 5348 2831 5398; x_wconf 66' lang='grc' dir='ltr'><strong>καὶ</strong></span> <span class='ocrx_word' id='word_1_869' title='bbox 2850 5344 2937 5398; x_wconf 71' lang='grc' dir='ltr'><strong>διὰ</strong></span> <span class='ocrx_word' id='word_1_870' title='bbox 2960 5348 3060 5418; x_wconf 83' lang='grc' dir='ltr'><strong>τὴν</strong></span> <span class='ocrx_word' id='word_1_871' title='bbox 3087 5349 3366 5417; x_wconf 78' lang='grc' dir='ltr'>ἡμετέραν</span> <span class='ocrx_word' id='word_1_872' title='bbox 3391 5351 3667 5420; x_wconf 86' lang='grc' dir='ltr'>σωτηρίαν</span> <span class='ocrx_word' id='word_1_873' title='bbox 3696 5351 4056 5420; x_wconf 67' lang='grc' dir='ltr'>κατελθόντα,</span> 
     </span>
    </p>
   </div>
   <div class='ocr_carea' id='block_1_114' title="bbox 2464 5437 4060 5512">
    <p class='ocr_par' dir='ltr' id='par_1_114' title="bbox 2464 5437 4060 5512">
     <span class='ocr_line' id='line_1_114' title="bbox 2464 5437 4060 5512; baseline 0.006 -24"><span class='ocrx_word' id='word_1_874' title='bbox 2464 5437 2842 5506; x_wconf 81' lang='grc' dir='ltr'>σαρκωθέντα,</span> <span class='ocrx_word' id='word_1_875' title='bbox 2907 5440 3435 5512; x_wconf 78' lang='grc' dir='ltr'>ὲνανθρωπήσαντα.</span> <span class='ocrx_word' id='word_1_876' title='bbox 3491 5443 3734 5495; x_wconf 83' lang='grc' dir='ltr'>παθόντα</span> <span class='ocrx_word' id='word_1_877' title='bbox 3776 5446 3871 5497; x_wconf 72' lang='grc' dir='ltr'><strong>καὶ</strong></span> <span class='ocrx_word' id='word_1_878' title='bbox 3923 5448 4060 5497; x_wconf 79' lang='grc' dir='ltr'>ἀνα-</span> 
     </span>
    </p>
   </div>
   <div class='ocr_carea' id='block_1_115' title="bbox 2466 5532 4060 5607">
    <p class='ocr_par' dir='ltr' id='par_1_115' title="bbox 2466 5532 4060 5607">
     <span class='ocr_line' id='line_1_115' title="bbox 2466 5532 4060 5607; baseline 0.004 -23"><span class='ocrx_word' id='word_1_879' title='bbox 2466 5535 2671 5585; x_wconf 84' lang='grc' dir='ltr'>στάντα</span> <span class='ocrx_word' id='word_1_880' title='bbox 2719 5535 2782 5602; x_wconf 80' lang='grc' dir='ltr'>τῇ</span> <span class='ocrx_word' id='word_1_881' title='bbox 2818 5532 2978 5606; x_wconf 76' lang='grc' dir='ltr'>τρίτῃ</span> <span class='ocrx_word' id='word_1_882' title='bbox 3012 5535 3198 5605; x_wconf 73' lang='grc' dir='ltr'>ἡμέρᾳ</span> <span class='ocrx_word' id='word_1_883' title='bbox 3223 5550 3236 5564; x_wconf 85' lang='lat'><strong><em>°</em></strong></span> <span class='ocrx_word' id='word_1_884' title='bbox 3277 5535 3574 5589; x_wconf 87' lang='grc' dir='ltr'>ἀνελθόντα</span> <span class='ocrx_word' id='word_1_885' title='bbox 3609 5538 3689 5598; x_wconf 79' lang='grc' dir='ltr'>εἰς</span> <span class='ocrx_word' id='word_1_886' title='bbox 3733 5538 3862 5598; x_wconf 73' lang='grc' dir='ltr'>τοὺς</span> <span class='ocrx_word' id='word_1_887' title='bbox 3893 5540 4060 5607; x_wconf 79' lang='grc' dir='ltr'>οὐρα-</span> 
     </span>
    </p>
   </div>
   <div class='ocr_carea' id='block_1_116' title="bbox 2464 5625 4069 5699">
    <p class='ocr_par' dir='ltr' id='par_1_116' title="bbox 2464 5625 4069 5699">
     <span class='ocr_line' id='line_1_116' title="bbox 2464 5625 4069 5699; baseline 0.004 -23"><span class='ocrx_word' id='word_1_888' title='bbox 2464 5625 2588 5688; x_wconf 86' lang='grc' dir='ltr'>νούς</span> <span class='ocrx_word' id='word_1_889' title='bbox 2616 5665 2632 5690; x_wconf 91' lang='grc'><strong>,</strong></span> <span class='ocrx_word' id='word_1_890' title='bbox 2662 5627 2962 5694; x_wconf 77' lang='grc' dir='ltr'>ἐρχόμενον</span> <span class='ocrx_word' id='word_1_891' title='bbox 2992 5629 3176 5695; x_wconf 84' lang='grc' dir='ltr'>κρῖναι</span> <span class='ocrx_word' id='word_1_892' title='bbox 3241 5627 3450 5690; x_wconf 75' lang='grc' dir='ltr'>ζῶντας</span> <span class='ocrx_word' id='word_1_893' title='bbox 3488 5631 3584 5680; x_wconf 72' lang='grc' dir='ltr'>καὶ</span> <span class='ocrx_word' id='word_1_894' title='bbox 3643 5629 3873 5699; x_wconf 80' lang='grc' dir='ltr'>νεκρούς</span> <span class='ocrx_word' id='word_1_895' title='bbox 3897 5648 3910 5662; x_wconf 85' lang='lat'><strong><em>°</em></strong></span> <span class='ocrx_word' id='word_1_896' title='bbox 3966 5632 4069 5684; x_wconf 75' lang='grc' dir='ltr'><strong>καὶ</strong></span> 
     </span>
    </p>
   </div>
   <div class='ocr_carea' id='block_1_117' title="bbox 2465 5717 4071 5788">
    <p class='ocr_par' dir='ltr' id='par_1_117' title="bbox 2465 5717 4071 5788">
     <span class='ocr_line' id='line_1_117' title="bbox 2465 5717 4071 5788; baseline 0.004 -20"><span class='ocrx_word' id='word_1_897' title='bbox 2465 5721 2544 5780; x_wconf 78' lang='grc' dir='ltr'>εἰς</span> <span class='ocrx_word' id='word_1_898' title='bbox 2576 5717 2634 5768; x_wconf 79' lang='grc' dir='ltr'>τὸ</span> <span class='ocrx_word' id='word_1_899' title='bbox 2666 5717 2888 5788; x_wconf 85' lang='grc' dir='ltr'>Πνεῦμα</span> <span class='ocrx_word' id='word_1_900' title='bbox 2919 5720 2977 5770; x_wconf 71' lang='grc' dir='ltr'>τὸ</span> <span class='ocrx_word' id='word_1_901' title='bbox 3016 5717 3196 5786; x_wconf 76' lang='grc' dir='ltr'>ἅγιον.</span> <span class='ocrx_word' id='word_1_902' title='bbox 3225 5717 3365 5782; x_wconf 69' lang='grc' dir='ltr'>Τοὺς</span> <span class='ocrx_word' id='word_1_903' title='bbox 3397 5721 3454 5773; x_wconf 78' lang='grc' dir='ltr'>δὲ</span> <span class='ocrx_word' id='word_1_904' title='bbox 3490 5720 3768 5788; x_wconf 80' lang='grc' dir='ltr'>λέγοντας,</span> <span class='ocrx_word' id='word_1_905' title='bbox 3797 5717 3908 5774; x_wconf 79' lang='lat' dir='ltr'><strong>&#39;Hv</strong></span> <span class='ocrx_word' id='word_1_906' title='bbox 3931 5738 4071 5775; x_wconf 79' lang='grc' dir='ltr'>ποτε</span> 
     </span>
    </p>
   </div>
   <div class='ocr_carea' id='block_1_118' title="bbox 2465 5805 4073 5882">
    <p class='ocr_par' dir='ltr' id='par_1_118' title="bbox 2465 5805 4073 5882">
     <span class='ocr_line' id='line_1_118' title="bbox 2465 5805 4073 5882; baseline 0.002 -21"><span class='ocrx_word' id='word_1_907' title='bbox 2465 5811 2552 5861; x_wconf 76' lang='grc' dir='ltr'><strong>ὅτε</strong></span> <span class='ocrx_word' id='word_1_908' title='bbox 2581 5811 2678 5862; x_wconf 81' lang='grc' dir='ltr'><strong>οὐκ</strong></span> <span class='ocrx_word' id='word_1_909' title='bbox 2714 5805 2803 5880; x_wconf 83' lang='grc' dir='ltr'>ἦν,</span> <span class='ocrx_word' id='word_1_910' title='bbox 2827 5810 2919 5862; x_wconf 74' lang='grc' dir='ltr'><strong>καὶ</strong></span> <span class='ocrx_word' id='word_1_911' title='bbox 2951 5811 3033 5863; x_wconf 82' lang='grc' dir='ltr'>ὅτι</span> <span class='ocrx_word' id='word_1_912' title='bbox 3071 5811 3129 5873; x_wconf 77' lang='grc' dir='ltr'><strong>ἐξ</strong></span> <span class='ocrx_word' id='word_1_913' title='bbox 3155 5813 3255 5864; x_wconf 87' lang='grc' dir='ltr'><strong>οὐκ</strong></span> <span class='ocrx_word' id='word_1_914' title='bbox 3301 5811 3474 5864; x_wconf 79' lang='grc' dir='ltr'>ὅντων</span> <span class='ocrx_word' id='word_1_915' title='bbox 3502 5813 3741 5878; x_wconf 75' lang='grc' dir='ltr'>ἐγένετο,</span> <span class='ocrx_word' id='word_1_916' title='bbox 3773 5813 3805 5882; x_wconf 84' lang='grc' dir='ltr'><strong>ἢ</strong></span> <span class='ocrx_word' id='word_1_917' title='bbox 3848 5814 3904 5879; x_wconf 80' lang='grc' dir='ltr'>ἐξ</span> <span class='ocrx_word' id='word_1_918' title='bbox 3947 5815 4073 5865; x_wconf 74' lang='grc' dir='ltr'><strong>ἑτέ-</strong></span> 
     </span>
    </p>
   </div>
   <div class='ocr_carea' id='block_1_119' title="bbox 2471 5901 4073 5971">
    <p class='ocr_par' dir='ltr' id='par_1_119' title="bbox 2471 5901 4073 5971">
     <span class='ocr_line' id='line_1_119' title="bbox 2471 5901 4073 5971; baseline 0.004 -21"><span class='ocrx_word' id='word_1_919' title='bbox 2471 5917 2566 5969; x_wconf 86' lang='grc' dir='ltr'><strong>ρας</strong></span> <span class='ocrx_word' id='word_1_920' title='bbox 2605 5903 2959 5966; x_wconf 71' lang='grc' dir='ltr'>ὑποστάσεως</span> <span class='ocrx_word' id='word_1_921' title='bbox 2998 5903 3028 5971; x_wconf 72' lang='grc' dir='ltr'>ἥ</span> <span class='ocrx_word' id='word_1_922' title='bbox 3065 5903 3250 5966; x_wconf 76' lang='grc' dir='ltr'>οὐσίας</span> <span class='ocrx_word' id='word_1_923' title='bbox 3285 5906 3595 5971; x_wconf 56' lang='lat' dir='ltr'><strong>gitana-.1;</strong></span> <span class='ocrx_word' id='word_1_924' title='bbox 3646 5901 3804 5970; x_wconf 77' lang='grc' dir='ltr'>εἶναι,</span> <span class='ocrx_word' id='word_1_925' title='bbox 3844 5908 4073 5969; x_wconf 54' lang='lat' dir='ltr'><strong>mima;</strong></span> 
     </span>
    </p>
   </div>
  </div>
