4288 6438
234 382 335 447 581

1162 382 1768 443 ECCLESIASTICJE
1808 383 2198 445 HISTORMS
2240 385 2382 448 LIB.
2428 389 2498 449 Χ.

3384 404 3493 470 582

232 492 625 563 ἀναθεματίζει
654 496 687 564 ἡ
720 494 848 561 ἁγία
878 495 1140 565 καθολικὴ
1183 497 1271 548 καὶ
1308 496 1643 588 ἀποστολι-κὴ
1685 496 1807 548 Ἐκ·
1839 504 1882 555 Α
1915 508 1925 553 1

1796 525 1807 533 -
1839 504 1882 555 Α
1915 508 2057 553 tuos.
2094 499 2159 554 Et
2196 502 2250 555 in
2283 503 2551 571 Spiritum
2595 520 2868 568 sanctum.
2904 515 3012 571 Eos
3052 527 3237 574 autem
3282 521 3375 588 qui
3404 522 3489 576 di-

233 584 458 654 κλησία.
487 586 672 657 Ταύτῃ
726 588 790 655 τῇ
830 587 1031 651 πίστει,
1072 587 1454 654 θεοφιλέστατε
1509 586 1805 652 Αῠγουστε,

231 678 521 746 ἐπιμένειν
567 679 865 747 ἀναγκλῖον
915 679 989 741 ὡς
1023 679 1143 748 θεία
1188 680 1279 734 καὶ
1314 680 1664 749 ἀποστολικῇ,
1713 682 1806 731 καὶ

238 768 447 837 μηδένα
490 774 806 838 μετακινεῖν
864 771 1035 839 αὐτὴν
1073 772 1482 838 πιθανολογίαις
1521 773 1615 823 καὶ
1650 772 1805 834 λογο-

236 860 488 928 μαχίαις,
523 861 660 929 ὅπερ
695 864 960 933 ἐποίησαν
992 863 1051 930 ἐξ
1085 865 1257 933 ἀρχῆς
1285 864 1335 916 ot
1380 865 1806 933 Ἀρειομανῖται,

233 951 296 1016 ἐξ
326 955 427 1007 οὐκ
450 954 623 1008 ὅντων
654 956 745 1009 τὸν
775 957 904 1010 Υίδν
924 957 1018 1010 τοῦ
1048 957 1185 1010 θεοῦ
1220 957 1490 1026 λέγοντες,
1522 957 1616 1009 καὶ
1641 957 1722 1009 ὃτι
1743 950 1810 1024 ἦν

234 1046 370 1098 ποτὲ
404 1046 492 1099 ὅτε
524 1048 625 1100 οὐκ
657 1045 745 1116 ἦν,
788 1048 880 1102 καὶ
912 1052 1127 1111 κτιστὸς
1159 1050 1252 1101 καὶ
1283 1048 1525 1117 ποιητὸς,
1560 1049 1652 1100 καὶ
1685 1064 1813 1117 τρε-

236 1137 375 1198 πτός
407 1138 522 1190 ἐστι
546 1154 559 1168 ·
594 1140 682 1193 διὰ
713 1141 870 1194 τοῦτο
898 1142 1029 1209 γὰρ,
1067 1143 1209 1195 καθά
1250 1142 1606 1212 προείπομεν,
1638 1142 1735 1194 καὶ
1778 1141 1811 1210 ή

235 1228 295 1278 ἐν
320 1229 525 1300 Nomia
550 1231 767 1294 σύνοδος
799 1234 1162 1301 ἀνεθεμάτισε
1188 1235 1283 1303 τὴν
1308 1234 1563 1303 τοιαύτην
1579 1232 1814 1301 αἵρεσιν,

234 1319 339 1389 τῆς
370 1322 427 1374 δὲ
456 1323 713 1391 ἀληθείας
767 1326 950 1377 πίστιν
979 1325 1351 1393 ὡμολόγησεν.
1386 1326 1460 1377 oo
1487 1328 1594 1395 γὰρ
1627 1323 1815 1386 ἁπλῶς

238 1412 430 1481 ὅμοιον
466 1415 723 1483 εἰρήκασι
776 1418 868 1469 τὸν
894 1417 1023 1470 Υίδν
1059 1418 1137 1485 τῷ
1173 1419 1367 1487 ιιατρὶ,
1401 1419 1486 1470 ἵνα
1519 1417 1593 1490 μξη
1628 1415 1817 1478 ἁπλῶς

236 1504 426 1573 ὅμοιος
458 1505 596 1557 Θεοῦ
620 1548 633 1570 ,
673 1507 790 1560 ἀλλ’
825 1511 888 1562 ἐκ
934 1511 1028 1562 τοῦ
1061 1508 1195 1562 Θεοῦ
1241 1510 1372 1572 Θεὸς
1419 1510 1671 1579 ἀληθινὸς
1721 1524 1815 1558 πι-

239 1595 543 1666 στεύσηται
565 1614 578 1627 υ
611 1598 746 1652 ἀλλά
779 1602 874 1653 καὶ
895 1601 1182 1669 δμοούσιυν
1209 1599 1478 1672 ἔγραψαν,
1521 1600 1658 1668 ὅπερ
1685 1598 1815 1652 ἴδιόν

236 1690 359 1742 ἐστι
388 1692 611 1756 γνησίου
648 1694 741 1746 καὶ
771 1692 1026 1763 ἀληθινοῦ
1054 1693 1183 1747 Υίοῦ
1220 1694 1279 1759 ἐξ
1306 1691 1557 1763 ἀληθινοῦ
1594 1692 1688 1745 καὶ
1714 1688 1815 1759 φύ-

240 1796 328 1832 σει
383 1783 618 1853 Πατρός.
658 1784 800 1836 Ἀλλ’
831 1786 950 1838 οὐδὲ
1003 1786 1451 1855 ἀπηλλοτρίωσαν
1488 1785 1549 1836 τὸ
1593 1782 1817 1851 Πνεῦμα

237 1870 303 1923 τί)
338 1869 497 1938 ἅγιον
519 1873 739 1925 ἀπὸτοῦ
773 1874 981 1943 Πατρδς
1016 1878 1108 1927 καὶ
1141 1873 1235 1927 τοῦ
1276 1872 1427 1937 Υἱοῦ,
1460 1872 1595 1925 ἀλλά
1622 1870 1819 1941 μᾶλλον

240 1959 609 2024 συνεδὸξασαν
643 1964 777 2015 αὐτο
814 1965 891 2033 τῷ
934 1964 1108 2034 Πατρὶ
1165 1965 1257 2016 καὶ
1287 1962 1364 2032 τῷ
1392 1962 1507 2032 Υίῷ
1541 1966 1596 2014 ἐν
1625 1965 1689 2032 τῇ
1721 1961 1819 2031 μιᾷ

239 2052 343 2121 τῆς
378 2052 542 2120 ἁγίας
571 2054 802 2123 Τριάδος
828 2055 1032 2118 πίῖτει,
1073 2055 1159 2108 διὰ
1201 2055 1264 2107 τὸ
1284 2056 1377 2107 καὶ
1405 2054 1534 2122 μίαν
1558 2049 1700 2106 εἶναι
1724 2051 1820 2121 τὴν

240 2144 303 2197 ὲν
335 2147 402 2214 τῇ
435 2146 567 2216 ἀγίᾳ
617 2147 808 2216 Τριάδι
841 2146 1093 2219 θεότητα.
1125 2148 1348 2209 Τούτοις
1376 2147 1440 2213 δὴ
1488 2150 1602 2210 τοῖς
1642 2148 1822 2218 γράμ-

245 2254 417 2305 μασιν
438 2240 464 2290 δ
490 2238 745 2305 βασιλεὺς
777 2238 1037 2308 ἐντυχὼν,
1072 2240 1307 2309 βεϐαίως
1336 2238 1602 2308 ἡδράσθη,
1644 2239 1737 2290 καὶ
1756 2238 1823 2310 ἢν

244 2326 364 2399 εἶχε
396 2331 658 2399 περὶτῶν
693 2330 854 2383 θείων
892 2331 1099 2399 γνῶσίν
1132 2348 1190 2384 τε
1226 2332 1320 2385 καὶ
1349 2331 1592 2384 διάθεσιν
1616 2329 1782 2394 ἔδειξε
1804 2345 1817 2359 ⁸

245 2424 379 2485 τοὺς
423 2424 533 2491 γὰρ
564 2421 884 2487 δοξάζοντας
927 2424 989 2477 τὸ
1020 2424 1312 2491 ὁμοούσιον
1350 2424 1418 2476 δι’
1453 2424 1634 2487 αἰδοῦς
1686 2422 1819 2493 εἶχε,

243 2517 341 2567 καὶ
368 2515 561 2585 δώροις
598 2516 898 2587 φιλοτίμως
948 2517 1224 2587 ἠμείϐετο.
1281 2519 1392 2572 Καὶ
1427 2518 1533 2587 γὰρ
1567 2518 1822 2586 πρόθεσις

242 2604 314 2679 ἦν
337 2610 551 2678 ἐκείνῳ,
584 2608 658 2674 ὧς
684 2611 734 2677 γ’
780 2609 925 2679 ἐνῆν,
958 2610 1135 2662 πειθοῖ
1168 2609 1366 2679 μᾶλλον
1397 2610 1429 2680 ἢ
1466 2610 1557 2681 βίᾳ
1579 2610 1677 2678 τὴν
1715 2610 1822 2662 τῶν

243 2700 555 2753 διεστώτων
578 2700 848 2769 ἀνακόψαι
871 2702 1224 2770 φιλονεικίαν,
1244 2704 1340 2755 καὶ
1362 2702 1550 2772 μηδενὶ
1574 2702 1641 2754 δι’
1665 2702 1823 2770 ὖχλου

242 2791 360 2844 τῶν
410 2791 765 2859 ὁπωσδήποτε
798 2794 1090 2861 ᾑρημένων
1110 2793 1384 2845 πιστεύειν
1414 2792 1669 2845 ἔσεσθαι·
1692 2792 1827 2859 ἀγά-

246 2901 357 2952 πης
392 2883 437 2934 δ’
466 2883 740 2935 ἐλλείπειν
773 2883 967 2952 μηδὲν,
1030 2886 1124 2936 καὶ
1166 2886 1247 2947 είς
1277 2884 1339 2935 τὸ
1378 2885 1679 2954 ἀκρότατον
1726 2884 1823 2951 τῆς

243 2978 417 3045 τιμῆς
449 2976 617 3044 ἔχειν,
646 2977 762 3028 ὅσοι
809 2975 874 3045 δὴ
920 2975 1073 3029 ἑνοῦν
1103 2975 1201 3047 τὴν
1245 2975 1574 3044 Ἐκκλησίαν
1625 2975 1824 3044 μᾶλλον

246 3070 622 3121 σπουδάσωσι.
656 3068 829 3121 Τοῦτο
861 3069 916 3122 δὲ
945 3068 1005 3121 οὑ
1042 3068 1203 3137 μόνον
1231 3069 1279 3119 οί
1307 3068 1642 3137 Χριστιανοὶ,
1690 3066 1826 3121 ἀλλά

244 3162 343 3215 καὶ
364 3164 392 3214 ὁ
426 3163 558 3231 παρ’
583 3161 813 3231 Ἕλλησι
870 3160 1196 3231 περιϐόητος
1229 3160 1516 3229 Θεμίστιος
1549 3162 1576 3212 ὀ
1608 3159 1823 3228 φιλόσο-

246 3266 350 3317 φος
380 3246 589 3317 πρᾶξαι
614 3248 775 3300 αὑτὸν
833 3249 1102 3318 μαρτυρεῖ
1132 3248 1189 3299 ὲν
1211 3246 1288 3313 τῷ
1320 3246 1459 3316 πρὸς
1502 3247 1664 3300 αὑτὸν
1683 3246 1826 3318 λόγῳ

245 3342 308 3393 ὃν
344 3337 672 3392 ’Υπατικόν
691 3339 1011 3407 ἐπιγράφει.
1044 3336 1342 3402 Διεξελθὼν
1373 3336 1477 3405 γὰρ
1496 3338 1590 3401 τὰς
1617 3340 1825 3391 ἐκείνου

244 3431 483 3501 ἀρετὰς,
517 3432 611 3482 καὶ
651 3428 1018 3498 ὐπερθειάσας
1052 3429 1199 3497 μάλα
1223 3428 1317 3481 τὸν
1341 3428 1621 3497 ἀνδραςὲν
1652 3430 1827 3500 τούτῳ

251 3524 459 3594 μᾶλλον
514 3524 743 3593 ιξαίρει,
775 3517 855 3586 οἷς
903 3522 1074 3592 ἀνῆκε
1133 3523 1463 3594 θρησκεύειν
1498 3523 1714 3592 ἑκάστῳ
1753 3523 1828 3587 ὼς

249 3619 499 3689 βούλοιτο
527 3632 541 3647 ο
574 3616 645 3670 δι’
674 3611 735 3669 οὗ
766 3633 900 3686 φησι
954 3617 1048 3669 καὶ
1091 3616 1200 3670 τῶν
1230 3617 1474 3670 κολάκων
1498 3618 1590 3670 τὸν
1625 3617 1828 3670 ἀκόλα-

247 3729 380 3766 στον
430 3712 651 3781 ἐνίκησε
681 3713 925 3781 τρόπον’
978 3709 1071 3773 οὓς
1106 3711 1197 3764 καὶ
1245 3710 1546 3774 διαπαίζων
1595 3710 1827 3771 ἀστείως

246 3806 401 3875 μάλα
455 3805 549 3858 καὶ
582 3804 919 3879 περιςανῶς,
950 3805 1164 3857 οἴκοθεν
1212 3804 1409 3866 αὐτοὺς
1455 3802 1826 3873 διελέγχεσθαι

243 3899 403 3965 λέγει
434 3884 729 3965 ἁλουργίδα
748 3895 841 3948 καὶ
865 3896 926 3946 οὗ
949 3895 1082 3948 Θεὸν
1111 3893 1513 3962 θεραπεύοντας
1536 3911 1551 3925 ο
1585 3896 1681 3949 καὶ
1704 3896 1827 3947 κατ’

242 3990 407 4044 οὐδὲν
436 3989 721 4059 διαφέρειν
752 3987 1019 4059 Εὐρίπου,
1051 3988 1146 4041 νῦν
1185 3987 1283 4058 μὲν
1311 3988 1405 4041 ἐπὶ
1437 3986 1614 4051 τοῦτο,
1660 3988 1755 4042 νῦν
1781 3989 1829 4042 δ’

242 4084 338 4135 ἐπ’
375 4083 574 4145 ὲκεῖνο,
609 4083 705 4135 καὶ
748 4082 1058 4134 τούναντίον
1085 4078 1145 4132 τὸ
1184 4078 1362 4147 ῥόθιον
1395 4079 1824 4150 μεταρῤἑοντος.

1922 603 2074 654 eunt,
2103 592 2272 649 fuisse
2300 597 2598 666 aliquando
2627 616 2752 656 cum
2780 621 2887 660 non
2923 606 3112 670 fuerit.
3150 621 3205 666 et
3239 616 3385 681 quod
3420 630 3489 677 ex

1926 698 2032 735 non
2060 686 2452 744 exsistentibus
2477 691 2653 747 factus
2674 695 2878 757 sit,aut
2909 714 2975 754 ex
2995 701 3099 755 alia
3133 704 3487 761 subsistentia

1923 776 2007 828 vel
2040 777 2367 847 substantia,
2422 791 2519 836 aut
2551 785 2696 853 quod
2729 796 2950 845 creatus
2974 793 3060 847 vel
3091 796 3372 851 mutabilis
3406 798 3491 851 vel

1923 867 2224 923 alterabilis
2248 870 2337 933 sit,
2376 875 2730 932 anathemate
2760 877 2888 933 ferit
2917 893 3102 939 saneta
3136 887 3408 943 catholica
3436 900 3495 944 et

1923 960 2223 1027 apostolica
2266 962 2533 1021 Ecclesia.
2577 967 2633 1022 lu
2683 970 2785 1025 hac
2818 973 2943 1035 fide.
2985 975 3075 1032 Dei
3108 982 3492 1036 amantissime

1925 1050 2188 1118 Auguste,
2241 1064 2299 1108 ut
2349 1057 2529 1113 divina
2565 1071 2618 1115 et
2650 1066 2974 1131 apostolica,
3027 1074 3337 1127 necessario
3400 1089 3494 1131 ac-

1924 1139 2348 1206 quieseendum.
2386 1145 2573 1215 Neque
2610 1166 2672 1203 ea
2703 1168 2731 1206 a
2767 1156 3024 1224 quopiam
3058 1163 3349 1226 movenda,
3393 1175 3491 1218 aut

1928 1232 2187 1284 mutanda
2217 1238 2385 1299 venit,
2405 1242 2777 1303 persuasionis
2793 1258 2887 1299 aut
2914 1251 3286 1307 contentionis
3305 1256 3491 1311 verbis

1926 1322 2073 1377 ullis.
2137 1322 2191 1377 Id
2230 1330 2376 1393 quod
2433 1332 2783 1389 Ariomanitze
2828 1340 3067 1407 primum
3102 1343 3375 1411 fecerunt,
3426 1365 3494 1404 ex

1926 1432 2035 1469 non
2070 1417 2467 1477 exsistentibus
2519 1423 2713 1479 Filium
2751 1430 2841 1483 Dei
2897 1447 3041 1494 esse,
3070 1445 3126 1490 et
3171 1436 3347 1493 fuisse
3396 1442 3496 1497 ali-

1924 1506 2147 1573 quando
2208 1525 2331 1561 enm
2386 1527 2493 1565 non
2548 1514 2669 1578 fuit,
2700 1528 2756 1572 et
2785 1524 3068 1577 conditum
3136 1540 3495 1601 creatumque

1927 1606 2093 1666 atque
2151 1602 2287 1654 adeo
2340 1606 2634 1661 mutationi
2692 1610 2990 1668 obnoxium
3041 1632 3163 1673 esse
3221 1621 3492 1680 dicentes.

1934 1690 2089 1761 102
2129 1693 2301 1758 Quam
2339 1697 2409 1751 ob
2466 1714 2685 1755 causam
2719 1705 2907 1769 etiam,
2959 1710 3120 1765 sicuti
3161 1722 3325 1770 antea
3356 1716 3499 1773 dixi-

1930 1800 2071 1849 mus,
2124 1791 2365 1857 synodus
2398 1792 2614 1849 Nicama
2649 1800 2985 1857 anathemati
3032 1806 3269 1877 subjecit
3325 1810 3499 1868 haere-

1924 1879 2024 1932 sim
2064 1894 2205 1946 eam,
2234 1898 2532 1951 veramque
2566 1888 2729 1945 fidem
2769 1897 3156 1966 promulgavit.
3187 1902 3311 1957 Non
3343 1907 3493 1961 enim

1924 1968 2245 2039 simpliciter
2283 1988 2469 2044 patres
2520 1978 2595 2034 illi
2629 1982 2865 2040 similem
2901 1987 3050 2044 Patri
3097 1992 3294 2047 Filium
3326 1996 3479 2052 dixe-

1926 2072 2075 2123 runt,
2111 2079 2179 2117 ne
2211 2065 2534 2135 simpliciter
2570 2073 2678 2128 Deo
2710 2075 2928 2141 similis,
2968 2081 3065 2135 sed
3096 2098 3162 2138 ex
3207 2084 3318 2141 Deo
3350 2089 3495 2143 Deus

1928 2167 2089 2206 verus
2121 2171 2241 2210 esse
2287 2160 2627 2220 crederetur.
2680 2166 2784 2221 Sed
2826 2180 2879 2224 et
2920 2173 3208 2241 ὀμοούσιον
3256 2183 3498 2237 consub-

1925 2248 2236 2303 stantialem
2290 2252 2638 2323 adjecerunt,
2688 2264 2834 2330 quod
2869 2264 2922 2317 id
2960 2269 3244 2336 proprium
3270 2273 3342 2326 sit
3372 2290 3495 2342 ger-

1927 2341 2091 2404 mani,
2122 2344 2347 2411 verique
2384 2362 2449 2401 ex
2498 2366 2630 2404 vero
2658 2365 2716 2407 et
2765 2359 2949 2413 nativo
2994 2362 3155 2418 Patre
3200 2366 3343 2421 Filii.
3378 2368 3493 2424 Non

1924 2432 2088 2486 etiam
2120 2434 2196 2488 illi
2232 2436 2495 2507 Spiritum
2526 2454 2779 2501 sanctum
2811 2452 3123 2510 alienarunt
3165 2473 3195 2510 a
3243 2459 3403 2515 Patre
3437 2472 3494 2516 et

1925 2534 1980 2579 et
2008 2527 2171 2592 Filio,
2215 2530 2310 2584 sed
2363 2534 2548 2600 potius
2591 2552 2718 2591 eum
2749 2555 2872 2594 cum
2905 2544 3064 2600 Patre
3098 2560 3156 2603 et
3190 2550 3325 2605 Filio
3363 2567 3499 2607 con-

1926 2620 2320 2690 glorificarunt,
2367 2627 2422 2680 in
2454 2645 2558 2683 una
2622 2644 2823 2690 sanctae
2876 2637 3160 2697 Trinitats
3194 2644 3298 2699 ﬁde
3320 2680 3339 2711 ,<
3368 2663 3503 2715 pro-

1928 2722 2113 2782 pterea
2154 2717 2299 2784 quod
2351 2734 2457 2772 una
2494 2723 2656 2776 etiam
2691 2726 2764 2779 sit
2811 2728 2864 2781 in
2891 2744 2954 2783 ea
2993 2730 3109 2800 ipsa
3147 2745 3335 2790 saneta
3378 2738 3501 2793 Tri-

1926 2802 2095 2854 nitate
2124 2802 2406 2859 divinitas.
2462 2808 2895 2870 illis-zelitteris
2955 2817 3257 2888 imperator
3314 2825 3493 2888 lectis,

1926 2890 2099 2944 solide
2129 2900 2214 2945 est
2244 2895 2605 2953 confirmatus
2635 2918 2647 2953 :
2673 2911 2729 2954 et
2761 2919 2925 2972 quam
2974 2907 3041 2962 de
3071 2911 3239 2965 rebus
3292 2913 3499 2971 divinis

1928 2983 2169 3039 obtinuit
2199 2986 2546 3044 aﬂ‘ectinnem
2578 3002 2633 3046 et
2677 2999 3005 3054 sententiam
3038 3041 3052 3063 ,
3086 3015 3277 3072 aperte
3313 3010 3496 3064 statim

1930 3073 2245 3129 declaravit.
2279 3077 2380 3144 Qui
2410 3079 2558 3133 enim
2596 3087 3062 3144 consubstantiah
3091 3094 3321 3161 professi
3344 3109 3496 3160 Sunt,

1929 3178 2024 3218 eos
2072 3165 2411 3230 observavit,
2434 3178 2489 3222 et
2526 3171 2829 3228 liberaliter
2873 3188 3195 3234 muneratus
3222 3193 3327 3237 est.
3362 3184 3496 3241 Illud

1928 3272 2147 3327 quoque
2194 3259 2237 3314 is
2278 3264 2617 3331 propositum
2669 3267 2861 3322 habuit
2901 3272 3230 3336 consilium.
3269 3286 3329 3331 ut
3376 3294 3499 3347 pcr-

1927 3348 2184 3403 suasione
2219 3351 2399 3419 potius
2427 3368 2591 3423 quam
2623 3357 2695 3416 vi.
2725 3357 2869 3412 inter
2896 3360 3228 3419 dissidentes
3260 3376 3495 3421 conten-

1933 3439 2104 3493 tionis
2136 3441 2424 3499 dirimeret
2480 3447 2723 3500 stndium
2752 3465 2766 3501 ;
2804 3466 2904 3505 nec
2936 3455 3195 3522 cuipiam,
3256 3461 3501 3526 qualem-

1931 3545 2148 3601 cunque
2207 3534 2424 3589 tandem
2484 3550 2898 3595 consectaretur
2958 3542 3141 3609 fidem,
3192 3551 3498 3607 molestiam

1934 3621 2252 3688 facesseret,
2307 3642 2486 3694 neque
2521 3630 2819 3700 quidquam
2871 3635 2938 3688 ad
2975 3637 3298 3694 charitatem
3349 3659 3502 3698 sum-

1931 3733 2072 3771 mam
2111 3719 2314 3775 fucerct
2352 3722 2570 3793 reliqui.
2615 3725 2707 3780 Eis
2737 3743 2868 3782 vero
2896 3732 2988 3799 qui
3038 3732 3107 3786 ad
3143 3740 3496 3792 concordiam

1927 3819 1982 3864 et
2036 3812 2461 3868 unanimitatem
2516 3816 2816 3872 Eeclesiam
2869 3824 3134 3880 reducere
3187 3829 3497 3895 studerent,

1930 3901 2229 3957 maximum
2259 3905 2548 3962 exhiberet
2589 3909 2877 3965 honorem.
2908 3914 2963 3969 ω
2994 3915 3145 3971 illum
3179 3918 3398 3985 fecisse.
3431 3924 3501 3978 de

1928 4006 1994 4046 eo
2030 4008 2139 4045 non
2191 3995 2366 4048 solum
2407 3996 2747 4065 Christiani,
2773 4019 2961 4058 verum
2997 4009 3164 4063 etiam
3215 4013 3308 4079 qui
3357 4015 3500 4082 apud

1928 4084 2148 4139 Graecos
2185 4088 2415 4142 celebris
2451 4090 2707 4158 habetur,
2751 4094 3089 4153 Themistius
3135 4100 3502 4172 philosophus

244 4186 508 4243 testatur,
536 4179 591 4233 in
619 4177 868 4233 oratione
906 4176 974 4231 ad
1006 4191 1133 4231 eum
1165 4176 1391 4245 scripta,
1431 4190 1594 4244 quam
1622 4174 1962 4234 Consularem
2032 4183 2351 4238 nominavit.
2426 4185 2734 4243 Virtutibus
2797 4192 2943 4248 enim
3011 4196 3131 4264 ejus
3165 4212 3502 4254 commemo-

241 4279 409 4340 ratis,
440 4275 758 4345 divinisque
788 4276 986 4331 additis
1013 4274 1291 4340 laudibus,
1320 4291 1387 4330 eo
1410 4274 1561 4329 illum
1598 4280 1841 4332 nomine.
1862 4279 2206 4348 potissimum
2282 4282 2465 4346 eﬂ'ert,
2522 4287 2672 4354 quod
2750 4290 3052 4360 unicuique
3102 4310 3265 4364 quam
3316 4299 3502 4361 vellet,

241 4376 577 4445 religionem
645 4373 803 4443 sequi
874 4372 1150 4443 permisit.
1188 4371 1307 4439 Qua
1339 4389 1397 4428 re
1429 4372 1582 4427 illum
1612 4373 1966 4442 impotentem
2026 4376 2369 4433 adulatorum
2398 4383 2828 4438 assentationem
2862 4385 3089 4457 fregisse
3153 4391 3314 4446 dicit:
3360 4410 3503 4465 quos

242 4487 522 4545 perquam
596 4470 775 4525 facete
843 4479 900 4525 et
938 4469 1248 4524 luculenter
1275 4469 1535 4534 irridens,
1567 4485 1632 4524 ex
1674 4471 1918 4525 moribus
1964 4488 2160 4528 eorum
2212 4475 2552 4545 deprehendi
2611 4479 2707 4542 ait,
2767 4496 3067 4551 purpuram
3132 4486 3282 4556 ipsos
3332 4492 3505 4561 magis

242 4580 416 4639 quam
488 4566 659 4619 Deum
711 4563 892 4620 colere
924 4584 936 4617 :
987 4577 1166 4634 neque
1232 4564 1416 4633 aliqua
1464 4579 1522 4619 re
1544 4565 1614 4619 ab
1662 4563 1868 4634 Euripo
1900 4567 2143 4632 differre,
2178 4585 2325 4625 nunc
2361 4570 2489 4637 huc,
2516 4587 2664 4627 nunc
2691 4574 2840 4640 illuc,
2875 4587 3041 4646 atque
3075 4578 3131 4632 in
3160 4587 3500 4639 contrarium

243 4662 392 4717 adeo
420 4666 759 4713 momentum
794 4654 1088 4712 reﬂuente.

815 4797 1067 4852 ΚΕΦΑΛ.
1097 4796 1230 4850 ΜΓ*

253 4920 357 4980 Ὠς
392 4919 426 4970 ὁ
454 4913 762 4992 ,ϐασιλείῳ
789 4908 1180 4992 ξζοὸιανὸςργ
1196 4908 1603 4992 Δσρασῃτάνοις
1634 4907 1821 4992 ﬂatur,

314 4978 604 5041 ἐτελεύτα
639 4985 748 5036 τὸν
769 4983 939 5047 βίον,
973 4982 1226 5049 μεγίστη
1270 4978 1444 5048 ζημία
1494 4980 1620 5045 τοῖς
1649 4981 1822 5032 εὐσε-

319 5058 453 5111 ϐέσι
487 5056 838 5125 γενόμενος.
878 5121 882 5123 Α

316 5169 522 5225 Τοῦτον
557 5166 657 5235 μὲν
688 5161 783 5219 οὖν
811 5164 903 5218 τὸν
949 5164 1148 5231 τρόπον
1192 5166 1221 5219 ὁ
1260 5163 1513 5233 βασιλεὺς
1540 5163 1648 5217 τῶν
1670 5181 1824 5233 τηνι-

239 5258 427 5313 καῦτα
462 5254 829 5321 ὲκταράσσειν
874 5255 967 5305 καὶ
1009 5253 1316 5321 ἐρεσχελεῖν
1364 5251 1465 5321 τὴν
1498 5251 1825 5320 Ἐκκλησίαν

238 5352 543 5423 ᾑρημένων
572 5347 632 5398 τὸ
662 5344 864 5415 θράσος
893 5344 1085 5414 ἀνέσχε
1107 5361 1122 5377 ·
1148 5344 1239 5395 καὶ
1261 5344 1293 5412 ὴ
1316 5346 1375 5396 ἐν
1399 5341 1603 5412 Νικιίᾳ
1622 5344 1823 5403 πίστις,

424 5442 600 5494 πολὺν
637 5409 731 5491 τὸν
761 5439 817 5488 ὲν
854 5438 1004 5506 μέσῳ
1025 5409 1225 5505 -γρόνον
1260 5409 1699 5504 πολιορκηθεῖσα,
1736 5433 1828 5484 ἐπὶ

238 5536 344 5603 τῆς
377 5532 661 5605 παρούσης
695 5529 995 5600 ἡγεμονίας
1019 5529 1100 5589 εἰς
1120 5527 1219 5597 τὴν
1254 5527 1418 5597 προτέ
1432 5544 1527 5595 ραν
1554 5526 1821 5595 ἐπανῆλθε

238 5628 407 5691 δόξαν
455 5641 516 5676 τε
543 5624 637 5676 καί
673 5620 988 5692 ὁμολογίαν.
1030 5620 1105 5671 UO
1145 5619 1254 5688 μὴν
1276 5618 1368 5671 ἐπὶ
1402 5619 1650 5670 πλεῖστον
1680 5617 1822 5670 οὕτω

240 5718 537 5791 προελθεῖν
571 5714 791 5785 ἔμελλε,
829 5714 924 5767 καὶ
956 5711 1030 5783 μὴ
1059 5712 1158 5782 τῆς
1197 5710 1391 5781 ὁμοίας
1421 5707 1576 5774 αὖθις
1622 5711 1822 5780 συγχύ-

243 5829 389 5874 σεως
426 5806 780 5879 πειραθῆναι.
830 5804 941 5859 Καὶ
970 5804 1077 5874 γὰρ
1124 5803 1242 5857 οὐδὲ
1270 5805 1382 5867 τοῖς
1418 5804 1509 5855 ἐπὶ
1538 5804 1825 5857 Κωνσταν-

1859 4799 1906 4855 D

2377 4799 2532 4870 103
2570 4799 2799 4857 CAPUT
2843 4803 3031 4859 xuu.

1937 4908 1999 4962 Ut
2036 4910 2325 4980 imperator
2352 4910 2668 4998 Iovinianus
2690 4917 2744 4969 in
2774 4915 3093 4998 Dadas_tnnis
3120 4962 3141 4998 ι
3160 4940 3277 4998 cum
3308 4943 3498 4998 magna

2141 4986 2344 5049 piorum
2374 4987 2605 5037 oumium
2637 4987 2880 5056 jactura,
2912 4992 3072 5043 vitam
3103 4993 3322 5060 ﬁnierit.

2002 5158 2079 5214 Ad
2114 5159 2260 5215 hunc
2302 5160 2522 5215 modum
2569 5160 2890 5217 .loviziianus
2923 5205 2937 5227 ,
2991 5168 3276 5224 audaciam
3306 5186 3499 5227 eorum

1932 5253 2166 5321 quitum
2223 5264 2567 5320 nugamentts
2597 5254 2713 5308 suis
2751 5257 2973 5311 turbare
3024 5257 3320 5314 Ecclesiam
3363 5278 3499 5317 con-

1935 5346 2264 5410 stituerant,
2307 5348 2670 5414 compescuit.
2731 5347 2799 5401 Et
2844 5349 3056 5404 Nicaena
3110 5351 3244 5406 fides
3299 5354 3499 5423 longo,

1936 5438 2082 5506 quod
2120 5439 2440 5502 intervenit,
2469 5449 2714 5507 tempore
2758 5452 3089 5511 oppugnata,
3117 5446 3223 5499 sub
3269 5446 3499 5516 imperio

1930 5531 2050 5598 ejus
2075 5529 2141 5582 ad
2190 5529 2478 5598 pristinam
2514 5531 2678 5585 rediit
2704 5532 2931 5601 gloriam
2979 5542 3034 5587 et
3072 5536 3497 5603 professionem.

1931 5621 2130 5675 Verum
2161 5634 2450 5673 successus
2482 5623 2547 5683 is,
2574 5638 2641 5677 ne
2666 5638 2727 5677 ea
2762 5625 2829 5677 ad
2863 5626 3096 5679 similem
3132 5642 3324 5681 rursus
3355 5624 3499 5683 reci.

1929 5711 2084 5763 deret
2117 5711 2330 5765 turbam
2365 5720 2420 5766 et
2448 5713 2847 5781 confusionem,
2889 5719 3113 5773 niinime
3137 5720 3355 5774 futurus
3376 5733 3497 5774 erat

1930 5805 2245 5858 diuturnus.
2280 5804 2396 5859 Non
2438 5807 2583 5860 enim
2611 5809 2693 5860 eis
2734 5808 2918 5875 rebus,
2964 5826 3082 5879 quae
3107 5810 3364 5867 Ecclesiae
3390 5813 3495 5867 sub
