4288 6438
203 599 582 612 _—————-

1107 451 1699 511 ECCLESIASTlC/E
1739 448 2117 510 IlISTORl/E
2163 445 2304 505 LIB.
2357 443 2455 503 XI.

3308 436 3408 500 536

767 763 1763 897 ΝΙΚΗΦΟΡΟΥ
1840 760 2826 896 ΚΑΛΛΙΣΤΟΥ

1545 995 2048 1051 ΞΔΝΘΟΠΟΥΛΟΥ

541 1162 2140 1283 ΕΚΚΑΗΣΙΑΣΤΙΚΗΣ
2250 1163 3069 1278 ΙΣΤΟΡΙΑΣ

1492 1395 1874 1480 ΤΟΜΟΣ.
1953 1389 2115 1478 ΙΑ’.

1755 1612 1829 1624 ,α

1017 1767 1872 1894 NICEPHORI
1971 1765 2695 1894 GALLISTI

1545 2005 2070 2066 XANTHOPULI

609 2183 1985 2300 ECCLESIASTICXE
2132 2189 2982 2303 HISTORle

1508 2422 1911 2518 TOMUS
1979 2427 2158 2516 XI.

795 2779 1045 2834 ΚΕΦΑΔ.
1090 2783 1172 2835 A'.

188 2870 336 2939 Περὶ
364 2871 597 2936 διαίτης
627 2872 749 2941 ,καὶ
801 2873 1106 2938 πολιτείας
1127 2873 1235 2928 τοῦ
1263 2873 1566 2941 βασιλέως
1611 2877 1764 2930 οὐα-

263 2940 646 3014 λριτινιανοῦ
671 2957 684 2971 ·
721 2942 809 2995 ἔτι
833 2942 901 2993 δὲ
925 2944 1023 2995 καὶ
1063 2943 1196 3011 περὶ
1225 2944 1331 2998 τοῦ
1360 2940 1627 3014 ἀδελφοῦ
1657 2949 1764 3001 αὐ·-

266 3014 373 3063 του
404 3011 767 3075 Οὐάλεντος.

277 3123 421 3175 Ἀλλ’
453 3123 596 3176 οὕτω
623 3124 724 3193 μὲν
754 3124 1066 3193 ἀποστάτης
1096 3125 1392 3197 ἀνῄρηται·
1424 3126 1566 3179 οὕτω
1593 3128 1649 3180 δὲ
1675 3129 1768 3180 καὶ

197 3215 464 3278 ’ῐοϐιανὲς
493 3218 522 3268 ὁ
552 3215 940 3278 εὐσεϐέστατος
977 3216 1230 3286 βασιλεὺς
1273 3220 1331 3269 ὲν
1358 3221 1470 3281 τοῖς
1497 3220 1766 3290 μεθορίοις

185 3307 453 3360 Γαλατῶν
482 3325 542 3359 τε
584 3310 678 3360 καὶ
708 3307 950 3360 Βιθυνῶν
989 3308 1248 3361 ἐτελεύτα
1281 3311 1373 3362 τὸν
1406 3310 1540 3380 βίον.
1598 3313 1690 3364 Ἐκ
1711 3313 1766 3365 δὲ

185 3401 292 3468 τῆς
329 3398 590 3451 Γαλατῶν
624 3400 898 3467 ἑϐδομαῖοι
927 3402 1325 3462 καταλαϐόντες
1358 3403 1455 3472 τὴν
1479 3404 1715 3456 Νίκαιαν
1740 3408 1767 3456 ὁ

187 3489 450 3558 στρατὸς,
480 3487 701 3555 βασιλέα
744 3487 1028 3556 Ῥωμαίων
1058 3489 1482 3558 ἀναγορεύουσιν
1531 3491 1765 3541 Οὐαλεν-

181 3581 469 3634 τινιανόνο
509 3580 564 3642 ὃς
603 3581 671 3633 τά
706 3596 765 3632 τε
795 3581 932 3634 ἄλλα
985 3581 1188 3649 ἀγαθὸς
1233 3580 1307 3634 ὢν
1351 3583 1488 3652 ἀνὴρ
1541 3585 1633 3633 καὶ
1670 3587 1767 3650 τῆς

181 3673 496 3742 ἡγεμονίας
527 3671 674 3735 ἄξιος
702 3674 765 3724 ὲκ
797 3675 1089 3736 Παννονίας
1118 3670 1268 3728 εἷλκε
1305 3676 1362 3727 τὸ
1382 3677 1534 3741 γένος
1553 3695 1564 3706 ·
1603 3675 1769 3728 Κίϐα-

182 3764 271 3825 λις
303 3763 348 3814 δ’
376 3759 442 3832 ἦν
476 3763 622 3832 αὑτῷ
650 3766 682 3833 ἡ
717 3767 938 3833 πατρίς.
964 3765 1134 3827 Πολὺς
1162 3766 1222 3817 δὲ
1254 3766 1351 3819 καὶ
1380 3765 1477 3836 τὴν
1507 3767 1769 3835 τακτικὴν

183 3857 513 3926 ἐπιστήμην
546 3856 842 3925 ἐτύγχανεν
865 3857 928 3908 ἐκ
951 3857 1072 3908 νέου
1100 3861 1166 3924 τῇ
1202 3857 1459 3927 στρατεία
1490 3876 1769 3927 γεγυμνα-

183 3949 393 4015 σμένος
412 3963 427 3976 ·
454 3946 661 4015 χαίρων
701 3946 754 3997 δὲ
792 3945 1169 4015 μεγαλοψυχία
1194 3985 1208 4010 ,
1256 3947 1410 3999 ἐσαεὶ
1439 3947 1538 4016 τῆς
1565 3948 1770 4016 παρού-

185 4056 293 4106 σης
329 4037 496 4106 τύχης
529 4039 733 4106 μείζων
771 4037 964 4090 ἐδόκει.
985 4037 1299 4107 Τηνικαῦτα
1325 4039 1371 4091 δ’
1393 4040 1552 4108 ἔλαχε
1579 4040 1769 4110 παρὼν

182 4130 300 4182 ἀπὸ
330 4129 430 4195 τῆς
465 4130 758 4197 ὑπερορίου
791 4130 990 4198 φυγῆς.
1041 4131 1153 4183 Καὶ
1202 4131 1310 4198 γάρ
1369 4147 1502 4197 φασι
1558 4132 1766 4195 τοῦτον,
1801 4112 1842 4166 Β

183 4221 358 4291 ἡνίκα
386 4220 770 4281 Κωνσταντιος
822 4219 1163 4286 ἐϐασίλευσε,
1198 4221 1309 4273 τῶν
1341 4239 1462 4273 τινα
1497 4221 1771 4274 Σιλεντια-

188 4316 328 4384 pium
360 4313 512 4376 ἰδεῖν,
546 4312 718 4380 πυρὸς
747 4313 922 4380 φλόγα
939 4314 1080 4366 κατᾶ
1109 4313 1168 4365 τὸ
1190 4313 1418 4365 δειλινὸν
1443 4315 1537 4365 τοῦ
1571 4313 1772 4380 στόμα-

181 4425 278 4468 τος
313 4405 570 4472 ἀφιέντα,
597 4407 834 4473 ὁπηνίκα
890 4405 1029 4472 μετὰ
1058 4406 1266 4473 τροφὴν
1302 4407 1380 4466 είς
1426 4404 1592 4456 ὕπνον
1619 4406 1770 4476 ετρέο

183 4510 359 4550 πετο·
392 4488 540 4548 δ’καὶ
580 4497 945 4564 Κωνσταντίῳ
998 4498 1269 4566 ἐσήμηνεν
1296 4513 1311 4526 ο
1347 4497 1441 4548 καὶ
1479 4499 1586 4565 γὰρ
1614 4498 1771 4566 ἔτυχε

183 4587 419 4658 πέμψας
467 4587 655 4649 αὑτὸν,
709 4587 914 4637 ἐκεῖνον
945 4585 1010 4654 δὴ
1047 4585 1512 4654 μεταστείλασθαι
1581 4587 1770 4655 χρείας

181 4679 492 4746 καλούσης.
538 4677 595 4729 Ὀ
626 4677 682 4729 δὲ
713 4677 968 4744 βασιλεὺς
1004 4677 1261 4747 περιδεὴς
1292 4679 1530 4745 γεγονὼς
1566 4682 1630 4748 τῇ
1678 4678 1770 4730 τοῦ

181 4773 468 4834 θεάματος
500 4768 754 4838 ἀγγελίᾳ,
782 4768 1179 4837 παραλυπῆσαι
1213 4769 1312 4838 μὲν
1341 4771 1427 4827 τὸν
1450 4770 1617 4838 ἄνδρα
1649 4770 1773 4841 ἤκι-

182 4881 296 4916 στα
325 4863 535 4914 δίκαιον
566 4860 748 4928 ἔκρινε
771 4877 782 4888 ·
823 4860 883 4912 τό
934 4876 996 4927 γε
1033 4860 1139 4929 μὴν
1167 4859 1285 4922 δέος
1318 4860 1486 4913 αὑτοῦ
1528 4862 1775 4914 ἀνακτώ-

185 4973 384 5026 μενος,
421 4955 552 5022 mp).
586 4955 651 5006 τὰ
676 4954 924 5020 τέρματα
957 4953 1055 5021 τῆς
1096 4953 1381 5020 Ῥωμαίων
1404 4955 1618 5020 ἔπεμπε
1646 4955 1770 5020 γῆς,

177 5050 333 5102 ὥστε
368 5047 630 5115 φρουρεῖν
667 5043 768 5113 μὲν
804 5047 1046 5102 τάκεῖσε,
1084 5046 1182 5106 τὰς
1233 5045 1290 5097 δὲ
1320 5044 1428 5096 τῶν
1481 5043 1774 5114 βαρϐάρων

177 5140 546 5195 ἀναστέλλειν
571 5139 768 5206 ὁρμάς.
788 5137 970 5203 -Λόγος
1002 5136 1047 5189 δ’
1079 5139 1132 5199 ἐς
1156 5135 1403 5206 ὕστερον,
1435 5138 1529 5189 καὶ
1555 5136 1648 5188 τοῦ
1678 5153 1773 5189 κα-

178 5232 430 5299 ταλόγου
474 5227 579 5280 τῶν
603 5227 878 5280 Ἰοϐιανῶν
908 5227 1095 5294 ἄρξαι,
1143 5227 1236 5279 καὶ
1267 5227 1772 5296 συνταγματάρχην

175 5324 268 5393 τῷ
305 5321 586 5390 Ἰουλιανῴ
622 5320 984 5388 καταστῆναι.
1029 5319 1301 5390 Ὀπηνίκα
1350 5319 1394 5369 δ’
1431 5320 1636 5380 ἐκεῖνος
1682 5319 1775 5370 ἐπὶ

1791 2788 1846 2844 Δ

2395 2784 2552 2854 109
2587 2783 2809 2841 CAPUT
2851 2787 2891 2842 ι,

1869 2876 1945 2930 De
1977 2877 2082 2930 vita
2115 2883 2164 2926 et
2201 2875 2429 2928 moribus
2476 2879 2808 2942 imperatoris
2855 2878 3237 2942 Valentiniani,
3284 2890 3333 2934 et
3370 2883 3432 2934 de

2365 2947 2529 3014 fratre
2563 2951 2674 3011 ejus
2710 2947 2773 2998 νη
2786 2948 2940 3000 lente.

1939 3119 2004 3173 Et
2032 3121 2105 3175 ita
2155 3121 2377 3190 quidem
2424 3122 2675 3177 Julianus
2707 3123 2957 3177 desertor
3005 3140 3179 3179 ctesus
3212 3139 3319 3182 est.
3354 3128 3431 3182 Ita

1867 3212 2032 3266 etiam
2092 3212 2355 3268 Jovianus
2423 3214 2703 3282 piissimus
2771 3217 3070 3284 imperator
3111 3219 3164 3271 in
3231 3219 3433 3274 ﬁnibus

1867 3305 2089 3361 Galatia:
2115 3314 2170 3361 et
2198 3306 2463 3376 Bithynia:
2491 3322 2521 3360 e
2560 3306 2668 3360 vita
2697 3309 2954 3361 excessit.
3023 3307 3306 3364 Exercitus
3335 3329 3432 3365 au-

1867 3405 1976 3450 tem
2006 3398 2094 3451 die
2129 3397 2358 3464 septima
2396 3399 2498 3466 (i),
2535 3396 2767 3451 Nicatam
2813 3400 2963 3452 venit
2994 3410 3049 3453 et
3085 3403 3156 3455 ibi
3191 3401 3435 3457 Valenti-

1868 3491 2092 3542 nianum
2118 3489 2486 3542 Romanorum
2518 3489 2907 3558 imperatorem
2944 3493 3311 3547 renuntiavit:
3338 3498 3434 3565 qui

1869 3596 1993 3632 cum
2047 3580 2208 3632 rebus
2259 3581 2378 3633 aliis
2430 3580 2608 3635 bonus
2642 3582 2739 3644 vir,
2775 3589 2886 3634 tum
2919 3583 3147 3651 imperio
3189 3585 3307 3654 ipso
3346 3588 3428 3642 di-

1870 3671 2222 3740 gnus.Cibali
2254 3687 2284 3725 e
2321 3672 2600 3725 Pannonia
2636 3674 2905 3727 oriundus
2931 3675 3050 3738 fuit,
3080 3678 3154 3731 rei
3181 3679 3435 3734 militaris

1871 3764 1951 3830 (ut
1985 3765 2075 3828 qui
2103 3779 2132 3815 a
2161 3763 2400 3831 juvcnali
2430 3772 2587 3817 actate
2622 3766 2673 3817 in
2713 3766 2906 3818 castris
2924 3767 3167 3838 vixisset)
3189 3773 3436 3838 apprime

1871 3853 2100 3921 peritus,
2127 3854 2293 3906 animi
2323 3866 2503 3907 autem
2536 3855 2909 3923 magnitudine
2940 3861 3192 3925 praesenti
3219 3876 3437 3930 semper

1869 3943 2090 3998 fortuna
2124 3947 2465 4012 praestantior
2497 3948 2665 4001 visus.
2704 3947 2873 4001 Aﬂuit
2930 3965 3058 4004 vero
3098 3953 3435 4008 tumNiczea:

1871 4034 1938 4087 ab
1966 4034 2162 4088 exsilio
2197 4050 2470 4089 reversus.
2515 4035 2585 4089 De
2627 4053 2737 4105 quo
2795 4038 2925 4090 lllud
2951 4039 3148 4102 fertur,
3182 4040 3438 4096 Silentia-

1871 4124 2009 4176 rium
2029 4124 2320 4192 quemdam
2350 4139 2475 4177 eum
2507 4125 2646 4194 ignis
2669 4127 2938 4178 ﬂammam
2959 4128 3059 4180 sub
3094 4129 3436 4194 Constantio.

1872 4231 1996 4269 cum
2037 4226 2229 4270 curato
2262 4232 2492 4284 corpore
2543 4218 2788 4271 cubitum
2845 4219 3054 4282 ivisset,
3088 4207 3312 4276 circiter
3341 4240 3436 4278 ve-

1873 4322 2085 4375 speram
2119 4323 2184 4360 ex
2211 4323 2306 4360 ore
2336 4309 2633 4376 spirantem
2667 4310 2890 4364 vidisse.
2911 4311 3255 4368 Silentiarius
3284 4317 3432 4369 enim

1873 4398 1938 4450 ad
1974 4400 2366 4453 accersendum
2403 4417 2528 4453 eum
2581 4402 2782 4469 negotii
2815 4404 3098 4471 cujusdam
3143 4407 3314 4473 gratia
3368 4409 3437 4461 ab

1875 4491 2224 4558 imperatore,
2257 4493 2343 4545 cui
2375 4493 2427 4545 id
2461 4495 2626 4546 etiam
2670 4494 2933 4547 iudicavit
2959 4537 2973 4560 ,
3012 4497 3212 4549 missus
3239 4499 3438 4552 fuerat.

1875 4583 2176 4652 Imperator
2215 4585 2568 4640 Constantius
2589 4586 2821 4655 prodigii
2853 4588 2970 4651 ejus
3006 4591 3202 4642 nuntio
3229 4601 3443 4657 perter-

1876 4675 2032 4737 ritus,
2080 4676 2239 4744 110
2261 4676 2538 4730 oﬂ‘endere
2569 4677 2788 4745 quidem
2819 4685 2876 4730 et
2907 4683 3230 4745 perturbare
3259 4683 3438 4736 virum

1874 4783 1998 4820 cum
2032 4759 2278 4835 iniquum
2313 4783 2431 4820 esse
2493 4769 2728 4821 censuit.
2783 4769 2851 4822 Ut
2888 4781 3069 4824 autem
3125 4774 3307 4827 timori
3341 4789 3441 4827 suo

1877 4859 2215 4920 consuleret,
2249 4860 2314 4911 ad
2349 4857 2575 4913 Romani
2619 4861 2830 4928 imperii
2862 4864 2997 4916 lines
3028 4877 3152 4916 eum
3190 4866 3358 4922 misit.
3385 4875 3444 4919 ut

1878 4951 1950 5004 ibi
2006 4952 2058 5004 in
2092 4952 2347 5019 prmsidio
2389 4962 2553 5014 esset,
2593 4963 2644 5004 et
2680 4953 3042 5007 Barbarorum
3088 4958 3442 5012 excursiones

1878 5041 2213 5110 prohiberet.
2249 5043 2440 5118 Postea
2474 5057 2694 5110 quoque
2729 5043 2930 5111 legioni
2974 5043 3329 5097 Joviauorum
3363 5046 3439 5116 (2)

1877 5131 2185 5201 praefuisse,
2239 5139 2295 5184 et
2323 5133 2576 5184 ordinum
2625 5133 2821 5186 ductor
2847 5148 2973 5186 cum
3004 5134 3220 5188 Juliano
3271 5135 3441 5191 fuisse

1879 5222 2134 5275 traditur.
2173 5222 2240 5276 At
2263 5235 2549 5292 postquam
2601 5225 2691 5277 ille
2726 5240 2909 5280 rerum
2950 5237 3035 5280 est
3087 5228 3316 5296 potitus,
3354 5229 3442 5282 di-

1877 5317 2083 5386 gnitate
2110 5334 2176 5372 ea
2207 5319 2500 5387 spoliatum
2540 5319 2981 5374 Valentinianum
3033 5331 3301 5389 perpetuo
3332 5333 3460 5373 ma-'

176 5417 301 5469 τῶν
329 5416 466 5466 ὅλων
489 5415 727 5478 ἐγένετο,
762 5409 918 5473 αὖθις
939 5411 1213 5464 ἀπελάσαι
1243 5410 1432 5463 τοῦτον
1448 5410 1540 5462 τοῦ
1567 5414 1777 5478 τάγμα-
1803 5451 1844 5507 C

1752 5441 1777 5451 -
1803 5451 1844 5507 Ο
1879 5419 2056 5462 ctasse
2100 5411 2295 5464 exsilio
2339 5411 2565 5475 dicitur,
2624 5413 2719 5465 illo
2759 5412 2979 5480 quidem
3005 5413 3107 5465 sub
3157 5421 3442 5481 pra‘textu,

177 5525 302 5571 τος,
345 5507 442 5556 κατ’ι
487 5505 642 5572 ἀῖδίγ
682 5504 958 5573 ζημιῶσαι
992 5509 1136 5576 φυγῇ
1161 5522 1174 5537 ο
1215 5506 1483 5574 προφάσει
1538 5505 1656 5572 μὲν,
1702 5505 1775 5568 ὡς

182 5597 272 5668 μὴ
308 5596 489 5667 χρεὼν
533 5598 631 5666 τὴν
680 5597 771 5648 ὑπ’
802 5597 964 5648 αὐτὸν
1018 5597 1284 5664 στρατιὰν
1328 5598 1440 5658 τοῖς
1492 5595 1772 5664 πολεμίοις

264 5712 341 5776 Η)
376 5709 663 5763 Februarii
688 5708 758 5762 25
786 5709 892 5763 die.
932 5709 1250 5775 (Socrates.;

1881 5501 2025 5568 quod
2083 5504 2267 5571 copias
2329 5504 2434 5556 sibi
2498 5506 2818 5557 commissas
2875 5520 2981 5557 non
3026 5504 3128 5556 rite
3167 5506 3219 5556 in
3270 5506 3444 5555 aciem

1881 5607 2073 5648 contra
2109 5595 2294 5648 hostes
2321 5595 2569 5650 duxisset
2599 5613 2614 5646 ι
2649 5612 2836 5650 revera
2871 5605 3091 5662 autem,
3118 5612 3242 5649 cum
3276 5595 3448 5650 Julia-

1877 5723 1906 5779 ιι
1945 5708 2278 5764 Diocletiano
2311 5709 2469 5766 Jevio
2507 5731 2520 5767 :
2554 5712 2713 5766 sicuti
2764 5712 2900 5765 alios
2942 5726 2973 5765 a
3025 5710 3206 5779 seipse
3241 5707 3449 5763 Hercu-

263 5783 341 5905 δέ)
393 5779 656 5832 Jovianos
735 5780 1097 5832 Maximianus
1177 5781 1475 5849 imperator
1553 5782 1767 5833 vocavit
1874 5778 2070 5834 liauos.

263 5853 399 5904 iites
447 5864 543 5902 eos
574 5849 665 5905 ιιιιί
705 5848 926 5902 fortiter
955 5851 1008 5904 in
1056 5847 1269 5905 lllvrico
1312 5867 1422 5905 rem
1464 5863 1766 5905 cesserant.

178 5847 399 5907 milites
447 5864 543 5902 eos
574 5849 665 5916 qui
705 5848 926 5902 fortiter
955 5851 1008 5904 in
1056 5847 1269 5918 Illyrico
1312 5867 1422 5905 rem
1464 5863 1766 5921 gesserant,

526 5951 802 6009 PA’I‘BOL.
847 5949 965 6007 (is.
1013 5946 1243 6006 CXLVI

2905 5941 2972 6001 l9
