4288 6438
793 437 895 496 587

2019 437 2440 498 NICEPIICRI
2484 440 2829 499 CALLlo‘Tl

3949 432 4056 494 588

793 569 896 606 nus
937 555 985 603 in
1020 550 1136 604 Call
1168 567 1194 602 a
1238 551 1566 606 occidentali
1598 552 1779 604 adhuc
1809 563 1986 616 esset,
2015 563 2068 605 et
2097 553 2362 620 templum
2394 559 2438 612 Α
2471 571 2486 603 1

2360 577 2362 602 |
2394 559 2438 612 Α
2471 557 3002 622 παραστησάμενον·
3037 552 3096 604 τὸ
3129 551 3175 603 δ’
3205 550 3425 618 ἀληθὲς,
3458 549 3652 617 ὅτιπερ
3680 548 3734 598 ἐν
3765 548 3874 608 τοῖς
3915 563 4053 614 προς

787 646 1061 714 quoddam
1104 646 1178 712 (ί)
1217 643 1471 698 sacriﬁcii
1503 644 1678 714 gratia
1711 655 1944 714 peteret,
1987 645 2368 698 Valentiniano

790 746 1057 803 prasente
1090 739 1268 801 (vetus
1307 736 1455 789 enim
1484 738 1828 790 consuetudo
1867 746 2007 801 erat,
2048 748 2105 790 ut
2143 737 2236 805 qui
2277 737 2366 791 Jo-

792 830 964 882 viame
991 828 1434 907 etHercuIianaz,
1491 830 1561 883 ita
1600 829 1668 883 ab
1689 829 1821 884 Jove
1847 838 1900 884 et
1936 829 2169 884 Hercule
2203 829 2366 884 dictis

787 920 1112 974 cohortibus
1161 932 1488 988 praeessent,
1536 921 1838 988 principem
1887 935 1916 973 a
1954 930 2104 989 tergo
2163 935 2366 988 seque-

789 1017 1021 1084 rentur)
1072 1024 1128 1068 et
1169 1016 1278 1085 jam
1337 1016 1597 1084 templum
1656 1015 2050 1083 ingredientem
2105 1013 2364 1067 sacerdos

787 1107 1074 1159 frondibus
1132 1105 1461 1174 quibusdam
1512 1105 1753 1159 roscidis
1812 1112 2242 1173 conspergeret,
2307 1113 2366 1158 et

786 1206 934 1264 gutta
968 1213 1072 1249 una
1111 1197 1161 1248 in
1188 1195 1554 1249 Valentiniani
1585 1205 1790 1250 vestem
1822 1196 2104 1257 incideret,
2137 1195 2281 1265 quod
2319 1195 2365 1249 is

786 1293 990 1342 laetum
1025 1289 1129 1340 tale
1168 1306 1308 1356 :egre
1335 1289 1538 1349 ferens,
1572 1303 1698 1340 eum
1730 1289 2066 1341 sacerdotem
2095 1289 2362 1342 conviciis

786 1381 1134 1449 prosciderit.
1185 1389 1298 1432 tum
1359 1379 1477 1446 ipso
1527 1378 1749 1431 vidente
1787 1378 2026 1441 Juliauo,
2063 1395 2194 1432 ense
2240 1396 2359 1432 eam

785 1482 992 1539 partem
1020 1472 1208 1534 vestis,
1253 1472 1304 1523 in
1339 1486 1504 1539 quam
1539 1471 1737 1521 humor
1769 1487 1833 1522 ex
1868 1472 2260 1538 conspersione
2294 1486 2357 1524 ea

784 1574 1110 1632 pervenerat
1143 1566 1315 1632 (tanto
1369 1562 1740 1616 Christianam
1784 1564 2041 1631 pietatem
2074 1575 2362 1618 consecta-

784 1659 942 1713 batur
995 1657 1240 1722 ardore)
1309 1655 1596 1709 resciderit
1655 1665 1818 1723 atque
1872 1656 2153 1724 abjecerit.
2205 1656 2359 1710 Unde

781 1747 1040 1816 deinceps
1087 1747 1162 1800 illi
1225 1744 1478 1800 Julianus
1534 1744 1802 1809 infensus,
1847 1761 1954 1799 non
2003 1747 2176 1800 multo
2239 1755 2360 1815 post

781 1864 902 1897 eam
956 1847 1383 1898 condenmatum
1419 1843 1673 1898 Melitina:
1717 1845 1770 1898 in
1797 1846 2052 1899 Armenia
2089 1856 2356 1914 perpetuo

2474 647 2626 698 δύσιν
2666 647 2936 709 Γαλάταις
2964 646 3044 698 ἐτι
3080 644 3154 698 ῶν
3186 643 3500 705 Ἰουλιανὸς,
3559 643 3684 694 ἐπεὶ
3737 642 3876 708 πρός
3932 658 4056 693 τινα.

2475 737 2612 791 νεὼν
2644 734 2778 810 ἧκεν
2821 738 2896 800 ὡς
2928 737 3110 791 θύσων
3147 737 3416 806 παρόντος
3463 736 3558 788 καὶ
3595 733 4054 787 υὺαλεντινιανοῦ

2472 831 2614 898 (ἔθος
2641 831 2752 901 γὰρ
2784 826 2850 902 ἦν
2885 833 2949 884 ἐκ
2979 828 3194 900 μακροῦ
3220 829 3317 882 τοῦ
3349 829 3459 880 τῶν
3481 827 3762 881 Ἰοϐιανῶν
3791 829 3887 879 καὶ
3927 827 4054 894 Ἐρ-

2469 925 2768 978 κουλιανῶν
2827 925 3106 993 τάγματος
3163 923 3514 992 ἡγουμένου·
3584 920 3956 991 στρατιωτικὰ
3993 920 4054 971 δὲ

2469 1018 2726 1088 τάγματα
2772 1017 2961 1081 ταῦτα,
2997 1017 3059 1068 τὸ
3093 1018 3190 1085 μὲν
3242 1017 3351 1068 ἀπὸ
3390 1016 3533 1077 Διὸς.
3572 1015 3631 1066 τὸ
3670 1013 3714 1068 δ’
3741 1013 3834 1079 ἀφ’
3881 1013 4053 1082 Ἠρα-

2468 1111 2660 1172 κλέους
2691 1109 2790 1179 τὴν
2836 1111 3214 1178 προσηγορίαν
3275 1109 3626 1176 κτησάμενα·
3681 1106 3910 1158 κατόπιν
3971 1105 4051 1171 τῷ

2466 1203 2684 1273 βασιλεῖ
2711 1202 3075 1268 ἓπεσθαι),ὡς
3103 1199 3200 1252 τοῦ
3228 1191 3334 1252 νεὼ
3366 1201 3468 1269 ἠδη
3501 1198 3805 1252 ἐπιϐαίνειν
3831 1195 4052 1265 ἔμελλε,

2468 1294 2590 1346 καθ’
2621 1294 2862 1363 Ἕλληνα
2898 1295 3060 1360 νόμον
3088 1292 3214 1352 τοὺς
3239 1293 3510 1352 είσιοντας
3539 1290 3756 1350 θαλλοῖς
3795 1304 3905 1340 τισι
3932 1288 4053 1340 δια-

2467 1386 2685 1454 ϐρόχοις
2717 1385 2918 1454 ῥαίνων
2942 1386 2968 1436 ὁ
2997 1383 3198 1454 ἱερεύς.
3231 1383 3340 1434 Καὶ
3377 1382 3443 1452 δὴ
3485 1383 3614 1450 μιᾶς
3640 1380 3746 1431 τῶν
3774 1379 4054 1444 σταγό-ιων

2465 1478 2809 1548 ἐμπεσούσης
2860 1478 2937 1546 τῷ
2994 1479 3240 1546 ίματίῳ,
3321 1473 3769 1532 Οὑαλεντινιανὺς
3830 1472 4050 1542 βαρέως

2463 1574 2666 1642 ἤνεγκε
2691 1612 2705 1636 ,
2769 1574 2863 1624 καὶ
2902 1570 3284 1638 διελοιδορεῖτο
3323 1570 3400 1640 τῷ
3445 1569 3716 1636 ραίνοντι³
3750 1565 4049 1635 ὑπερφυῶς

2463 1668 2573 1734 γὰρ
2594 1666 2660 1718 τὰ
2694 1665 3034 1733 Χριστιανῶν
3057 1663 3356 1733 ἠσπάζετο.
3390 1664 3501 1716 Καὶ
3535 1662 3736 1726 τοίνυν,
3771 1660 3866 1713 τοῦ
3893 1659 4052 1729 βασι-

2461 1760 2592 1822 λέως
2625 1758 2882 1828 ὁρῶντος,
2917 1755 3191 1826 περιελὼν
3226 1757 3475 1826 μαχαίρᾳ
3501 1757 3623 1808 ὅσον
3659 1757 3723 1808 ὲκ
3748 1755 3845 1823 τῆς
3873 1755 4048 1821 ψεκά-

2461 1853 2549 1915 δος
2601 1851 2909 1921 διάϐροχον,
2965 1851 3064 1920 τῆς
3119 1850 3342 1919 ὲσοῆτος
3397 1850 3727 1918 ἀπὲρῤιπτε.
3764 1848 3966 1909 Κακῶς
4005 1845 4051 1899 δ’

779 1941 1031 1993 exsulare
1077 1940 1285 2007 jussit:
1334 1953 1453 1990 eam
1506 1952 1670 2006 quam
1734 1938 1970 1991 diximus
2051 1949 2355 2006 przetexens
2394 1914 2472 1998 Bt

2394 1914 2431 1969 Β
2464 1945 2714 1998 ἐντεῦθεν
2770 1944 3035 2005 διατεθεὶς
3071 1943 3384 2007 Ἰουλιανὸς,
3435 1943 3496 1994 ού
3533 1944 3676 1995 πάνυ
3719 1942 3906 2011 πόρρω
3951 1958 4050 1992 κα-

781 2048 1023 2092 causam,
1062 2031 1204 2099 quod
1238 2030 1438 2083 milites
1473 2030 1596 2098 ejus
1624 2029 1868 2098 segniter
1897 2045 2010 2082 rem
2041 2029 2354 2098 gessissmtt.

779 2129 896 2187 Qua
930 2124 981 2175 in
1013 2139 1069 2175 re
1090 2124 1136 2176 ei
1172 2122 1417 2189 martyrii
1456 2121 1746 2184 honorem,
1777 2122 1921 2190 quod
1957 2138 2054 2188 pro
2091 2122 2358 2190 religione

787 2213 1200 2268 Valentinianus
1244 2212 1534 2265 subiturus
1575 2211 1772 2276 fuerat,
1813 2211 2026 2264 invidit.
2058 2207 2193 2265 Nam
2237 2227 2356 2265 eam

782 2311 851 2361 ob
882 2323 1102 2362 causam
1139 2307 1260 2360 aliis
1289 2321 1508 2374 quoque
1531 2305 1860 2359 Christianis
1887 2304 2130 2372 pepercit
2157 2343 2172 2364 ,
2211 2305 2355 2371 quod

779 2417 875 2453 eos
931 2415 994 2451 ex
1047 2399 1308 2466 periculis
1370 2397 1684 2464 bujusmodi
1755 2396 1971 2448 laudem
2031 2407 2086 2449 et
2129 2396 2356 2465 gloriam

782 2495 1044 2559 t'mtsequi
1085 2493 1566 2545 animadverteret.
1619 2489 1721 2543 Ubi
1771 2499 1951 2541 autem
1981 2488 2242 2542 Jovianus
2293 2489 2358 2541 ad

781 2573 1071 2655 imperium
1109 2584 1377 2654 pervenit,
1409 2583 1692 2636 ιιιιρχδίιίο
1721 2593 1801 2635 est
1844 2589 2152 2635 revocatus.
2186 2581 2359 2634 Porro

780 2682 1010 2735 Joviano
1055 2679 1336 2741 defuncto,
1391 2678 1582 2731 Nicaeae
1642 2677 1811 2730 totius
1850 2679 2124 2729 exercitus
2169 2687 2225 2730 et
2260 2691 2363 2728 eo-

785 2793 905 2829 rum
961 2776 1195 2829 maxime
1248 2774 1342 2842 qui
1405 2771 1692 2840 primarius
1725 2772 1990 2840 gerebant
2040 2769 2356 2838 dignitates,

783 2874 835 2924 in
893 2869 1086 2940 primis
1127 2877 1307 2920 autem
1351 2865 1492 2918 Dalii
1555 2864 1790 2932 patricii,
1817 2863 1908 2930 qui
1942 2877 2009 2915 ex
2049 2861 2258 2915 Galatia
2290 2859 2356 2913 ad

783 2980 907 3017 eum
947 2963 1160 3015 litteras
1209 2959 1436 3012 dederat
1466 2999 1478 3014 .
1510 2955 1744 3009 Secundi
1795 2952 2056 3021 pra-fecti,
2109 2953 2358 3004 Arinthei

784 3059 962 3119 (lucis,
995 3065 1050 3109 et
1077 3053 1292 3119 Glaiphi
1320 3095 1331 3116 ,
1372 3054 1464 3118 qui
1499 3049 1813 3102 domesticis
1851 3047 2091 3116 praefuit,
2125 3045 2358 3099 consilio

781 3164 839 3208 et
873 3153 1156 3206 voluntate
1203 3151 1504 3217 imperator
1555 3154 1639 3198 est
1688 3145 1915 3198 electus.
1958 3140 2110 3209 ιιι
2143 3140 2355 3192 Etcum

2460 2038 2750 2102 τεὸίκαζεν
2805 2038 2971 2091 αὑτὸν
3001 2036 3099 2105 τὴν
3139 2039 3238 2106 τῆς
3285 2035 3580 2104 Ἀρμενίας
3614 2034 3908 2101 Μελιτινὴν
3970 2036 4050 2095 εἰς

2461 2132 2521 2184 τὸ
2549 2131 2795 2200 διηνεκὲς
2833 2132 3114 2182 κατοικεῖν
3165 2145 3177 2158 ·
3215 2128 3494 2197 πρόφασιν
3521 2126 3774 2196 εὑρηκὼς
3803 2125 3902 2193 τὴν
3937 2126 4048 2177 τῶν

2464 2225 2594 2290 περὶ
2625 2223 2786 2276 αὑτὸν
2815 2221 3163 2298 στρατιωτῶν
3194 2220 3504 2291 ῥαστώνην.
3533 2221 3640 2272 Καὶ
3669 2217 3776 2287 γὰρ
3807 2219 4048 2286 ἐφθόνει,

2466 2319 2542 2385 μὴ
2593 2315 2680 2366 διὰ
2728 2314 2826 2384 τὴν
2883 2313 3183 2383 θρησκείαν
3232 2313 3402 2380 τιμῆς
3465 2312 3630 2363 αὑτὸν
3696 2312 4050 2379 μαρτυρικῆς

2463 2408 2777 2473 ἀξιώσειεν·
2821 2409 2940 2459 ἐπεί
2996 2406 3076 2458 τοί
3103 2423 3167 2472 γε
3211 2405 3447 2458 καὶτῶν
3490 2404 3666 2456 ἄλλων
3703 2385 4053 2473 Χριστιανῶν

2466 2504 2523 2568 ἐξ
2547 2503 2724 2563 αἰτίας
2752 2501 3009 2568 τοιαύτης
3065 2501 3308 2567 ἐφείδετο
3328 2514 3342 2528 ’
3375 2496 3573 2548 ἐννοῶν
3603 2497 3678 2557 ὡς
3720 2501 3833 2559 τοῖς
3865 2498 4051 2548 κινδύο

2466 2612 2576 2656 νοις
2614 2595 2673 2646 τὸ
2725 2595 2966 2654 εὐκλεεῖς
3004 2588 3146 2643 εἶναι
3189 2590 3533 2660 πορίζονται.
3571 2589 3658 2652 Ὠς
3705 2589 3762 2642 δὲ
3792 2589 4056 2650 Ἰοϐιανὸς

2464 2699 2561 2764 τὴν
2601 2695 2879 2765 βασιλείαν
2915 2691 3213 2759 παρέλαϐε,
3272 2690 3671 2758 μετάπεμπτον
3703 2687 3960 2739 κάκεῖνον
3992 2690 4055 2739 ἐκ

2464 2790 2565 2856 τῆς
2594 2789 2894 2858 ὑπερορίας
2920 2787 3155 2837 ποιεῖται
3178 2798 3191 2812 '
3227 2783 3366 2851 πρὸς
3402 2782 3643 2835 Νίκαιαν
3667 2782 3723 2834 δὲ
3743 2783 4055 2848 γεγονότος,

2467 2882 2682 2950 συμϐὰν
2723 2883 2926 2932 ἐκεῖνον
2948 2877 3039 2930 τὸν
3074 2877 3191 2945 βίον
3225 2877 3540 2939 ἀπολιπεῖν,
3574 2873 3738 2944 βουλῇ
3766 2873 3859 2925 τοῦ
3887 2889 4056 2940 στρα-

2467 2975 2693 3026 τοπέδου
2742 2973 2967 3033 παντὸς,
3031 2969 3124 3021 καὶ
3152 2969 3264 3020 τῶν
3313 2969 3412 3028 τὰς
3453 2965 3698 3036 μεγάλας
3753 2967 4057 3017 διεπόντων

2467 3069 2660 3136 ἀρχὰς,
2697 3067 2790 3118 καὶ
2829 3065 3066 3133 μάλιστα
3106 3062 3303 3114 Λατίου
3335 3060 3428 3112 τοῦ
3459 3061 3751 3128 πατρικίου
3783 3063 3846 3112 ἐκ
3881 3059 4058 3110 Γαλα-

2466 3164 2586 3219 τίας
2639 3156 3117 3225 διαμηνυσαμένου
3147 3194 3161 3218 ,
3198 3152 3494 3205 Σεκούνδου
3528 3170 3587 3204 τε
3630 3152 3724 3203 τοῦ
3780 3152 4057 3222 ἐπάρχου,

785 3247 1133 3317 imperatoris
1163 3243 1396 3309 sumptis
1430 3239 1732 3310 insignibus
1781 3238 1833 3290 in
1884 3237 2093 3305 clypeo,
2136 3233 2356 3286 militari
2389 3247 2432 3308 ς
2468 3269 2478 3304 π

2389 3247 2432 3308 C
2468 3255 2560 3304 καὶ
2602 3250 2910 3314 Ἀρινθαίου
2961 3247 3055 3298 τού
3109 3245 3446 3314 στρατηγοῦ,
3501 3246 3592 3296 καὶ
3633 3243 3896 3311 Γλαῒψου,
3949 3245 4057 3296 τῶν

783 3357 956 3404 mere,
1001 3337 1477 3394 circumferretur,
1515 3332 1795 3385 exercitus
1840 3344 1966 3382 eum
1996 3366 2010 3390 ,
2047 3328 2238 3389 utsihi
2264 3327 2366 3379 itit-

783 3434 919 3502 perii
953 3430 1163 3485 socium
1198 3427 1514 3488 ascisceret,
1555 3423 1786 3493 rogavit.
1843 3424 2019 3489 Atque
2058 3421 2148 3474 ille
2199 3435 2363 3472 manu

780 3531 880 3588 eis,
902 3539 959 3578 ut
993 3525 1239 3584 silerent,
1260 3523 1516 3581 innucns,
1547 3520 1697 3588 gravi
1735 3525 1790 3569 et
1830 3513 2103 3584 imperiali
2130 3521 2364 3566 senten-

785 3631 875 3681 tia,
916 3637 934 3667 ει
972 3616 1226 3668 Vestrum
1259 3612 1505 3681 quidem,
1530 3610 1728 3678 inquit,
1755 3609 1857 3661 fuit
1887 3615 1945 3659 ut
1973 3608 2242 3674 privatum
2280 3620 2364 3658 inc

782 3718 847 3766 ad
886 3709 1230 3780 imperialem
1260 3706 1598 3761 extolleretis
1640 3703 1962 3771 dignitatem
2008 3717 2021 3752 :
2061 3715 2148 3752 res
2180 3712 2362 3751 autem

784 3804 1194 3863 administrare,
1227 3816 1333 3853 non
1364 3800 1472 3869 jam
1509 3796 1698 3858 vestri,
1753 3794 1847 3846 sed
1883 3792 2151 3862 principis
2192 3791 2366 3859 ipsius

788 3898 1002 3950 arbitrii
1039 3910 1182 3956 esse,
1217 3907 1315 3945 vos
1349 3891 1450 3958 ipsi
1482 3906 1699 3958 quoque
1727 3888 2000 3941 dixeritis.
2048 3886 2240 3953 Itaque
2272 3899 2367 3935 vos

787 3991 1049 4057 deinceps
1114 3986 1382 4054 imperata
1443 3983 1624 4035 facere
1674 3991 1732 4034 et
1795 3978 2016 4048 quietos
2064 3991 2224 4040 esse,
2282 3989 2367 4027 me

787 4094 992 4144 autent,
1028 4079 1159 4149 quid
1195 4077 1338 4130 facto
1377 4091 1516 4142 Opus
1551 4076 1642 4137 sit,
1670 4088 1861 4126 curare
1887 4071 2065 4125 decet.
2091 4089 2106 4120 ι
2147 4069 2366 4123 Actum

788 4174 1008 4242 quidem
1042 4171 1309 4224 militibus
1335 4184 1440 4219 non
1478 4168 1643 4219 cessit
1674 4183 1686 4218 :
1727 4175 2016 4233 postquam
2054 4177 2187 4216 vero
2227 4161 2368 4216 Con-

791 4264 1204 4332 stantinopolim
1250 4260 1428 4322 venit,
1467 4259 1744 4311 tricesimo
1780 4274 1807 4309 a
1841 4264 2099 4324 suscepto
2130 4254 2369 4322 imperio

788 4365 899 4424 die,
923 4361 1133 4414 socium
1156 4359 1258 4412 sibi
1292 4355 1507 4424 imperti
1545 4355 1769 4406 fratrem
1802 4350 2083 4405 Valentem
2099 4350 2370 4418 adjunxit.

792 4457 856 4509 Et
888 4453 1203 4524 provincias
1250 4449 1545 4502 orientales
1568 4487 1581 4508 ,
1615 4455 1667 4499 et
1715 4443 1982 4513 quasdam
2010 4445 2175 4495 etiam
2220 4441 2370 4494 occi-

792 4549 1042 4607 dentales
1074 4547 1138 4599 ad
1173 4545 1451 4613 lllyricum
1499 4555 1671 4607 usque
1705 4537 1858 4590 fratri
1890 4535 2201 4588 concessit:
2241 4532 2370 4584 reli-

792 4658 930 4710 quas
987 4642 1052 4693 ad
1093 4636 1492 4691 occidentalem
1549 4631 1828 4685 Oceanum
1887 4628 2264 4696 pertinentes,
2318 4634 2371 4677 et

792 4737 1164 4789 continentem
1203 4745 1268 4782 ex
1303 4728 1535 4781 adverso
1555 4738 1793 4787 onmem,
1812 4737 1984 4790 usque
2008 4722 2072 4773 ad
2096 4732 2374 4773 extremos

795 4829 1012 4897 Libyes,
1048 4823 1152 4878 sibi
1191 4820 1464 4882 attribuit,
1505 4828 1563 4871 ut
1595 4816 1694 4869 toti
1723 4815 2024 4884 imperaret
2062 4811 2370 4867 Occidenti.

791 4921 948 4974 Brevi
974 4918 1138 4972 etiam
1165 4913 1365 4968 deinde
1395 4910 1717 4966 Gratianum
1757 4909 1930 4960 lilium
1976 4905 2158 4959 adhuc
2185 4902 2374 4957 adole-

791 5012 1129 5070 scentulum.
1163 5009 1228 5060 ad
1266 5004 1555 5073 imperium
1591 5010 1882 5064 evectum,
1918 4998 2166 5051 moribus
2207 4995 2370 5050 insti-

794 5109 1032 5175 tutisque
1107 5103 1223 5158 suis
1275 5097 1586 5153 assuefecit.
1665 5093 1919 5147 Sedenim
1973 5091 2174 5143 fratres
2217 5089 2376 5144 ambo

791 5198 1086 5254 Christiani
1113 5195 1334 5264 quidem
1379 5190 1491 5258 jam
1545 5185 1670 5239 inde
1708 5185 1776 5238 ab
1806 5183 1962 5237 initio
1992 5183 2170 5244 fuere,
2222 5179 2375 5233 cultu

792 5307 925 5347 vero
945 5289 1133 5345 divino
1172 5296 1227 5341 et
1260 5286 1504 5339 moribus
1540 5279 1842 5334 variarunt.
1877 5276 2012 5330 Nam
2044 5273 2271 5338 Valens,
2310 5273 2379 5326 ab

794 5384 1042 5439 Eudoxio
1096 5379 1302 5434 Ariano
1354 5377 1709 5443 baptizatus,
1760 5387 1886 5424 acer
1947 5369 2048 5421 fuit
2110 5366 2379 5435 dogmatis

794 5479 978 5533 Ariani
1014 5473 1322 5538 amulator,
1384 5468 1787 5532 ntolcstumque
1837 5464 1886 5514 ei
1937 5461 2061 5526 fuit,
2094 5460 2238 5528 quod
2271 5472 2380 5510 non

796 5586 987 5626 omnes
1025 5567 1275 5624 eamdem
1332 5562 1488 5630 sequi
1541 5556 1874 5614 sententiam
1913 5564 2155 5623 cogeret.
2187 5552 2383 5606 Valen-

799 5667 1036 5718 tinianus
1071 5669 1282 5720 autem,
1327 5655 1559 5709 Nicwna:
1584 5648 1939 5719 professionis
1988 5655 2382 5716 propugnator,

797 5757 1070 5811 ornandos
1111 5751 1328 5820 quidem
1368 5747 1645 5815 religionis
1679 5749 1791 5796 sute
1841 5743 2136 5811 populares
2202 5739 2382 5803 duxit,

871 5919 946 5982 il)
979 5913 1268 5982 Templum
1301 5911 1572 5966 Fortunze.
1609 5904 1887 5974 (Ειιιι-υιο.)

2467 3337 2804 3411 δομεστίκων
2835 3341 2878 3392 δ’
2909 3333 3065 3402 οὗτος
3092 3341 3301 3409 ἠγεῖτο,
3341 3340 3422 3398 είς
3458 3341 3518 3389 τὸ
3543 3337 3847 3406 βασιλεύειν
3876 3339 4058 3405 αἱρεῖ-

2469 3454 2582 3490 ται.
2621 3437 2729 3487 Καὶ
2768 3434 2833 3503 δὴ
2858 3435 2926 3486 τὰ
2983 3432 3231 3502 σύμϐολα
3281 3432 3667 3500 περιῡέμενον,
3701 3432 3793 3482 καὶ
3835 3431 3929 3481 ἐπὶ
3958 3431 4057 3497 τῆς

2469 3529 2716 3591 ἀσπίδος,
2751 3527 2829 3590 ώς
2863 3525 3008 3590 ἔθος,
3044 3525 3364 3594 ὀχούμενον,
3399 3526 3427 3576 ὀ
3462 3523 3694 3594 στρατὸς
3734 3524 3908 3573 ἐδεῖτο
3944 3539 4057 3572 κοι-

2469 3623 2636 3674 νωνόν
2688 3637 2812 3673 τινα
2842 3621 2910 3688 τῇ
2971 3620 3118 3687 ἀρχῇ
3155 3615 3589 3685 προσλαϐέσθαι.
3633 3615 3692 3665 '0
3721 3612 3777 3665 δὲ
3811 3616 3874 3680 τῇ
3911 3630 4057 3681 χειρι

2473 3715 2631 3784 σιγᾷν
2665 3711 2986 3781 ἐπιτρέψας,
3006 3712 3226 3780 ἀτρέμα
3243 3711 3300 3762 δὲ
3324 3712 3422 3761 καὶ
3456 3707 3721 3777 βασιλικῷ
3748 3706 3824 3774 τῷ
3851 3710 4052 3776 φρονῇ·

2474 3826 2623 3876 ματι,
2667 3826 2685 3859 ι
2732 3807 3030 3875 Ὕμέτερον
3064 3804 3184 3873 μὲν,
3214 3804 3339 3872 ἔφη,
3367 3803 3424 3868 ἐξ
3458 3803 3670 3855 ἰδιώτου
3703 3803 3800 3869 ἐμὲ
3831 3801 4061 3870 βασιλέα

2473 3903 2646 3952 ποιεῖν
2667 3915 2680 3930 ⁸
2717 3899 2778 3951 τύ
2798 3915 2861 3965 γε
2901 3899 3007 3969 μὴν
3029 3897 3097 3949 τὰ
3130 3899 3380 3966 πρακτέα
3405 3896 3704 3949 διευθετεῖν
3732 3895 3792 3946 οὑ
3819 3896 3930 3946 τῶν
3963 3895 4064 3959 ἀρ-

2473 3995 2736 4062 χομένων,
2775 3992 2866 4044 τοῦ
2901 3990 2957 4043 δὲ
2993 3989 3379 4060 βασιλεύοντος
3418 3991 3450 4058 ή
3497 3988 3700 4056 κρίσις,
3741 3988 3966 4048 παντως
3995 3989 4062 4046 civ

2473 4088 2567 4140 καὶ
2604 4088 2759 4157 ὑμεῖς
2797 4086 3018 4154 φαίητε.
3062 4086 3152 4135 Δεῖ
3172 4081 3264 4137 οὖν
3321 4083 3464 4151 ὑμᾶς
3489 4081 3584 4133 τοῦ
3618 4080 3810 4132 λοιποῦ
3845 4081 3936 4132 ὑπ’
3963 4081 4066 4150 ἁρ-

2474 4182 2572 4247 χὴν
2599 4179 2774 4243 ὄντας,
2812 4180 3044 4247 ἡσυχίαν
3072 4178 3227 4242 ἄγειν
3252 4193 3264 4205 ·
3308 4177 3432 4243 ἐμοὶ
3465 4175 3520 4226 δὲ
3553 4174 3648 4225 τού
3678 4175 3936 4243 ποιητέου
3967 4191 4067 4240 με·

2473 4273 2652 4340 λήσει.
2681 4289 2699 4322 ι
2745 4272 2854 4322 Καὶ
2884 4271 3006 4321 τότε
3059 4270 3157 4337 μὲν
3192 4269 3294 4320 οὑκ
3325 4263 3433 4327 εἶξε
3493 4269 3606 4328 τοῖς
3659 4265 4023 4330 στρατιώταις
4045 4279 4060 4292 ο

2475 4366 2532 4416 ἐν
2557 4365 2614 4417 δὲ
2644 4365 2711 4432 τῇ
2747 4361 3164 4416 Κωνσταντίνου
3221 4363 3536 4428 γενόμενος,
3594 4359 3734 4427 μετὰ
3765 4357 4068 4426 τριάκοντα

2475 4459 2688 4527 ἡμέρας
2747 4456 2845 4524 τῆς
2906 4452 3300 4523 ἁνακηρύξεως
3357 4449 3774 4523 προσλαμϐάνει
3820 4451 3888 4516 τῇ
3920 4450 4068 4517 ἀρχῇ

2481 4555 2572 4605 καὶ
2603 4551 2690 4601 τὸν
2722 4547 2949 4615 ἀδελφὸν
2988 4547 3290 4600 Οὐάλεντα.
3354 4546 3468 4597 Καὶ
3499 4546 3565 4596 τὰ
3602 4542 3702 4611 μὲν
3754 4542 3891 4612 πρὸς
3949 4543 4070 4593 ἁνι-

2480 4657 2679 4711 σχοντα
2701 4639 2855 4708 ἥλιον
2884 4637 3138 4706 τάδελφῷ
3172 4637 3504 4701 διενείματο,
3563 4637 3783 4701 καὶτῆς
3820 4634 4068 4701 ἑσπέρας

2477 4735 2637 4801 ἄχρις
2693 4731 3010 4798 Ἱλλυριῶν·
3070 4731 3138 4781 τα
3175 4729 3219 4780 δ’
3279 4728 3488 4781 ἐκεῖθεν
3540 4730 3631 4780 ἐπὶ
3669 4726 3760 4778 τὸν
3807 4727 4073 4794 ἑσπέριον

2477 4823 2718 4875 ώκεανὸν
2771 4825 2869 4874 καὶ
2904 4821 3125 4874 Λιϐύων
3157 4861 3170 4884 ,
3221 4821 3321 4888 τὴν
3376 4817 3605 4887 ἀντικρὺ
3643 4818 3878 4888 ἦπειρον
3908 4819 4075 4884 ἄχρις

2478 4915 2721 4983 ἐσχάτων
2751 4916 2926 4966 πᾶσαν
2949 4911 3127 4979 ἑαυτῷ
3150 4911 3538 4980 ἀπεκλήρωσε,
3554 4909 3758 4977 καὶτῆς
3797 4909 4075 4978 Ἐσπέρας

2479 5003 2798 5056 ἐϐασίλευσε
2837 5005 3040 5070 πάσης.
3083 5003 3215 5054 Μετ’
3244 5001 3306 5053 οὑ
3344 5000 3478 5052 πολὺ
3509 4999 3565 5051 δὲ
3593 5001 3688 5050 καὶ
3719 4999 3883 5050 παῖδα
3927 4997 4071 5066 Γραο

2477 5097 2658 5149 τιανον
2688 5096 2768 5146 ἔτι
2798 5099 3084 5164 μειράκιον
3123 5095 3187 5164 τῇ
3225 5092 3480 5162 βασιλείᾳ
3511 5091 3870 5153 ἐπιϐιϐάσας,
3910 5092 4076 5164 Δπρὸς

2480 5194 2571 5242 τὸν
2621 5159 2816 5240 ὲαυτού
2853 5159 3114 5255 συνήσκει
3165 5159 3401 5254 τρόπον.
3454 5159 3670 5252 ⁷Ἄμφω
3704 5182 3760 5234 δὲ
3815 5159 4075 5249 ταδἐλςρὼ

2482 5279 2803 5350 Χριστιανοὶ
2834 5277 2934 5346 μὲν
2962 5272 3102 5346 ἦσαν
3133 5274 3190 5327 τὸ
3232 5274 3292 5338 ἐξ
3325 5273 3530 5343 ἀρχῆς·
3579 5277 3680 5340 τήν
3710 5289 3773 5338 γε
3833 5272 3940 5340 μὴν
3977 5273 4078 5324 καὶ

2486 5371 2787 5441 θρησκείαν
2814 5372 2904 5421 τὸν
2944 5372 3144 5438 τρόπον
3174 5368 3453 5437 διάφοροι·
3483 5368 3699 5436 Οὑαλης
3737 5369 3835 5435 μὲν
3869 5367 3979 5435 γὰρ
4003 5366 4085 5433 τῷ

2499 5463 2762 5531 Ἀρειανῴ
2797 5462 3030 5531 roseae?
3061 5462 3410 5529 χρησάμενος
3458 5461 3748 5529 βαπτιστῇ,
3809 5459 4086 5528 διάπυρος

2485 5549 2553 5623 ἦν
2613 5553 2860 5623 ζηλωτὴς
2895 5554 3002 5606 τῶν
3037 5553 3246 5622 Ἀρείου
3296 5554 3610 5622 δογμάτων,
3672 5553 3767 5604 καὶ
3818 5553 3876 5602 ὲν
3915 5550 4087 5620 δεινῷ

2487 5649 2746 5708 ἐποιεῖτο,
2784 5646 2858 5715 μὴ
2916 5647 3120 5709 πάντας
3155 5645 3442 5714 βιάζεσθαι
3477 5647 3544 5698 τὰ
3588 5648 3678 5697 ἶσα
3704 5644 3900 5713 ἐκείνῳ
3947 5660 4090 5712 φρυ-

2491 5742 2600 5792 νεῖν
2623 5753 2635 5766 ⁸
2671 5740 3116 5801 Οὑαλεντινιανος
3141 5740 3195 5791 δὲ
3224 5739 3324 5809 τῆς
3371 5742 3427 5792 ἐν
3462 5739 3668 5809 Νικαίᾳ
3704 5739 4090 5805 ὑπερισταμε-
