4288 6438
221 355 323 416 589

1146 341 1746 409 ΕεαιΕςῑΑδτιοΑῖ
1785 339 2178 400 HISTORUE
2215 335 2362 398 LIB.
2407 335 2513 396 XI.

3380 330 3486 393 590

215 489 304 531 νος
327 467 589 531 πίστεως,
624 466 752 527 τοὺς
787 462 1078 534 ὁμοδόξους
1116 462 1348 531 ὠφελεῖν
1382 465 1481 532 μὲν
1516 460 1796 530 ἐπειρᾶτο,
1834 460 1872 513 Α
1905 471 1908 503 ῖ

1788 500 1796 519 ,
1834 460 1872 513 Α
1905 454 2044 507 nihil
2101 463 2285 508 autem
2340 451 2423 507 eis
2451 449 2742 513 molestiae,
2775 447 2868 518 qui
2905 446 2973 501 ab
3006 462 3071 500 eo
3104 445 3481 510 dissentirent,

212 563 370 615 οὐδὲν
396 560 452 612 δὲ
476 562 591 622 τοῖς
628 558 801 622 ἄλλως
835 557 1122 622 δοξάζουσι
1153 558 1466 628 διηνώχλει.
1505 559 1710 626 Ἄμφω
1740 555 1798 608 δὲ

212 657 342 726 περὶ
375 656 473 724 τὴν
507 655 618 707 τῶν
641 655 818 710 ἄλλων
851 657 1196 725 πραγμάτων
1219 655 1484 726 διοίκησιν
1506 652 1800 724 παραπλή·

212 768 321 802 σιοι
352 749 605 819 ἀλλήλοις
631 747 782 812 ὄντες
813 750 1135 820 ἐτύγχανον.

846 861 1112 917 ΚΕΦΑΝ.
1137 863 1194 915 Β.

221 955 394 1019 Τίνες
430 955 763 1021 τηνικαῦτα
790 954 913 1009 τῶν
939 954 1221 1022 μεγάλων
1248 955 1488 1007 πόλεων
1516 953 1633 1018 τὴν
1672 952 1800 1004 ἐπι-

398 1027 634 1093 τροπὴν
672 1026 824 1079 κατὰ
853 1024 1148 1093 διαδοχὴν
1175 1024 1622 1091 ἐκληρώσαντο.

296 1137 446 1190 Κατὰ
480 1138 674 1189 τοῦτον
721 1137 777 1190 δὲ
826 1136 919 1188 τὸν
974 1137 1189 1205 χρόνον,
1225 1138 1322 1204 τῆς
1376 1135 1476 1204 μὲν
1516 1135 1804 1203 Ῥωμαίων

231 1231 569 1300 Ἐκκλησίας
617 1233 716 1294 τὰς
779 1230 934 1300 ἡνίας
983 1226 1097 1298 εἶχε
1152 1229 1428 1297 Λιὸἐριος,
1478 1229 1538 1292 ὃς
1582 1229 1805 1282 Ἰούλιον

215 1323 525 1388 διείἐξατο·
564 1325 669 1393 πρὸ
709 1324 920 1374 ἐκείνου
954 1322 1009 1375 δὲ
1045 1321 1368 1388 Σίλὸεστρος
1391 1321 1485 1373 ἐπὶ
1515 1322 1806 1374 Κωνσταν-

214 1419 369 1468 ’πίνου
413 1416 686 1483 ἡγήσατο.
727 1413 853 1466 Ἐπὶ
885 1413 941 1466 δὲ
989 1417 1088 1482 τῆς
1135 1411 1496 1481 Ἀλεξάνδρου
1553 1412 1654 1478 τῆς
1706 1411 1806 1480 μὲν

215 1509 514 1577 ὁμοουσίου
569 1508 810 1569 πίστεως
867 1508 894 1559 ὁ
933 1507 1099 1565 πολὺς
1132 1503 1453 1567 Ἀθανάσιος
1516 1506 1812 1574 προειστή-

218 1615 332 1658 κει,
369 1596 646 1666 Γεώργιον
686 1600 781 1648 καὶ
812 1596 1120 1666 Γρηγόριον
1167 1599 1291 1656 τοὺς
1320 1597 1656 1666 αἱρεσιώτας
1691 1596 1806 1648 δια-

217 1689 521 1756 δεξάμενος
545 1703 558 1717 ·
587 1688 636 1740 οἳ
669 1687 833 1741 πάλιν
867 1689 1034 1742 αὐτὸν
1074 1689 1418 1750 Ἀθανάσιον,
1452 1688 1510 1751 ὃς
1549 1687 1811 1754 Ἀλέξανο

218 1782 384 1848 ερον·
423 1779 782 1848 Ἀλέξανδρος
834 1782 892 1834 δὲ
954 1782 1208 1850 Ἀχιλλᾶν
1232 1800 1245 1814 '
1301 1785 1330 1835 6
1362 1782 1419 1836 δὲ
1459 1783 1666 1852 Πέτρον
1717 1784 1810 1838 τὸν
1843 1807 1888 1862 Β

219 1875 316 1924 ἐπὶ
362 1872 714 1940 Μαξιμιανοῦ
767 1877 1228 1944 μαρτυρήσαντα.
1263 1876 1384 1928 Τῶν
1430 1877 1478 1928 δ’
1515 1877 1572 1927 ἐν
1605 1877 1811 1929 Ἀντιο-

218 1964 348 2033 χεία
368 1964 470 2032 τῆς
494 1966 594 2033 μὲν
612 1966 830 2034 Ἀρείου
855 1965 1154 2034 θρησκείας
1179 1967 1419 2032 socero;
1437 1970 1774 2036 ὑπερίστατο
1795 1987 1809 2002 ο

218 2058 323 2123 τῆς
379 2057 437 2109 δὲ
491 2060 782 2124 ὁμοουσίου
818 2061 1056 2119 πίστεως
1091 2061 1216 2130 διχῆ
1270 2061 1530 2130 διῄρηντο
1568 2064 1618 2114 oi
1675 2079 1812 2132 προ-

219 2149 422 2201 στάται
451 2166 466 2181 ⁶
497 2149 608 2202 τῶν
643 2151 747 2218 μὲν
786 2152 896 2222 γάρ
942 2153 1208 2215 Παυλῖνος
1256 2155 1466 2222 ἡγεῖτο,
1520 2154 1630 2207 τῶν
1683 2157 1741 2208 δέ
1783 2159 1814 2208 6

218 2241 368 2302 Caio;
393 2241 681 2304 Μελέτιος.
711 2237 874 2296 Οὗτοι
896 2243 954 2296 δὲ
985 2244 1096 2296 τῶν
1122 2243 1182 2310 ἐξ
1214 2246 1432 2312 Ἀρείου
1461 2242 1604 2317 ἦσαν
1633 2247 1815 2300 διάδοο

216 2351 349 2399 χοι·
407 2327 484 2387 ὧν
538 2338 566 2387 6
620 2339 722 2403 μὲν
769 2338 1047 2406 προσεχὴς
1100 2339 1356 2406 Μελετίῳ
1414 2339 1665 2404 Εὑδόξιος
1720 2337 1809 2411 ἦν,

214 2423 482 2485 Λεόντιος
513 2425 571 2477 δὲ
605 2427 712 2494 πρὸ
747 2427 984 2482 ἐκείνου.
1020 2430 1134 2498 Πρὸ
1180 2431 1236 2482 δὲ
1288 2430 1480 2483 τούτου
1512 2433 1808 2500 Στέφανος,

214 2513 274 2574 ὃς
306 2513 598 2575 Φλάκιτον,
632 2516 895 2579 Φλάκιτος
923 2518 980 2571 δὲ
1007 2520 1326 2588 Εὐφρόνιον,
1359 2516 1514 2584 οὗτος
1546 2523 1592 2576 δ’
1628 2524 1803 2576 Εὑλά-

216 2607 340 2656 ὶιον
379 2606 676 2668 διεδέξατο.
709 2608 917 2670 Πάντες
949 2609 994 2660 δ’
1029 2604 1176 2662 οὗτοι
1213 2613 1310 2679 τῆς
1345 2613 1563 2682 Ἀρείου
1609 2614 1811 2683 λύσσης

214 2693 365 2765 ἦσαν
403 2700 683 2767 ἀνάπλεῳ.
736 2700 852 2771 Πρὸ
887 2701 943 2753 δὲ
991 2702 1087 2754 τοῦ
1123 2703 1388 2757 Εὐλαλίου
1440 2707 1740 2765 Εὐστάθιος
1785 2711 1812 2762 ὁ

219 2790 401 2857 μέγας
439 2789 684 2852 εὐσεϐῶς
711 2790 814 2858 τῆς
844 2790 1126 2861 Ἀντιόχου
1152 2796 1364 2860 ἡγεῖτο,
1403 2796 1497 2849 τοῦ
1533 2798 1812 2868 μάρτυρος

213 2879 541 2946 Φιλογονεου
581 2880 830 2950 διάδοχος
859 2897 872 2910 ⁸
905 2881 1002 2934 τοῦ
1055 2883 1111 2934 δὲ
1161 2885 1474 2952 Φιλογονίου
1513 2892 1812 2957 προηγεῖτο

213 2975 496 3033 Batauo;
531 2973 655 3025 Τῶν
681 2972 727 3024 δ’
753 2975 811 3024 ἐν
853 2972 1251 3043 Ἰεροσολύμοις
1283 2977 1551 3044 Κύριλ).ος
1575 2979 1670 3032 ἐπὶ
1699 2982 1811 3033 τῶν

218 3066 392 3136 ίερῗλν
429 3065 633 3118 οἰάκων
668 3060 823 3126 αὖθις
871 3067 1114 3135 καθῆστο
1142 3083 1156 3097 ⁶
1194 3069 1251 3130 ὃς
1285 3071 1506 3139 πρῶτον
1544 3072 1645 3134 μὲν
1683 3074 1807 3126 Μά-

1906 544 2110 599 intulit.
2165 544 2439 599 Caeterum
2497 541 2551 594 in
2585 540 2752 596 rebus
2813 536 3270 592 administrandis
3323 553 3484 606 pares

1906 642 2079 696 fuere.

2527 837 2752 896 CAPUT
2795 835 2860 891 ll.

1908 939 2010 1004 Qui
2032 955 2092 992 eo
2114 948 2345 1007 tempore
2371 938 2424 989 in
2451 938 2656 1004 magnis
2682 933 2898 987 urbibus
2920 930 3270 1007 ecclesiarum
3302 946 3489 984 curam

2271 1023 2366 1076 per
2393 1007 2774 1059 successionem
2797 1005 2970 1058 sortiti
3005 1005 3133 1055 sint.

1984 1122 2059 1175 Ea
2115 1129 2439 1188 tempestate
2491 1117 2752 1174 Ecclesia:
2807 1117 3068 1172 Romanas
3119 1119 3493 1187 gubernacula

1912 1216 2089 1270 tenuit
2121 1215 2401 1278 Liberius,
2437 1214 2569 1269 Julii
2607 1228 2919 1269 successor.
2967 1214 3107 1267 Ante
3144 1229 3270 1267 eum
3308 1221 3494 1266 autem

1914 1310 2193 1380 Sylvcster
2223 1309 2326 1363 sub
2356 1307 2724 1364 Constantino
2761 1307 3067 1362 Ecclesiam
3102 1322 3222 1360 eam
3252 1318 3494 1361 rexerat.

1910 1403 2255 1459 Alexandria:
2319 1403 2416 1472 (l)
2473 1412 2660 1456 autem
2729 1403 3225 1458 consubstantialis
3281 1403 3494 1471 profes-

1911 1495 2054 1550 Sinni
2107 1511 2338 1563 magnus
2373 1496 2595 1564 praefuit
2627 1494 2986 1560 Athanasius,
3016 1494 3252 1564 Georgio
3281 1505 3338 1549 et
3365 1493 3495 1549 Gre-

1915 1590 2070 1658 gorio
2112 1589 2393 1645 haereticis
2441 1593 2814 1657 subrogatus:
2850 1591 2943 1657 qui
3000 1599 3183 1643 tamen
3217 1600 3274 1642 et
3313 1589 3414 1659 ipsi
3447 1589 3499 1643 ei

1914 1692 2322 1736 successerant.
2379 1680 2520 1736 Ante
2569 1679 2930 1736 Athanasium
2987 1681 3322 1747 Alexander,
3375 1695 3498 1737 ante

1920 1774 2294 1829 Alexandrum
2327 1774 2593 1838 Achillas,
2627 1775 2784 1842 112
2813 1785 2942 1828 ante
2977 1775 3123 1828 hunc
3154 1776 3372 1839 Petrus,
3405 1777 3500 1844 qui

1916 1864 2018 1920 sub
2068 1863 2402 1917 Maximiano
2443 1864 2708 1932 martyrio
2741 1871 2828 1917 est
2861 1863 3178 1927 defunctus,
3212 1865 3503 1934 episcopus

1916 1954 1990 2009 ibi
2034 1955 2161 2009 fuit.
2197 1956 2370 2010 Porro
2413 1955 2724 2009 Antiochia:
2757 1956 2977 2010 Arianis
3017 1958 3194 2025 praciit
3236 1958 3499 2012 Euzwius.

1914 2046 2423 2102 Cousubstantialis
2448 2057 2630 2100 autem
2664 2049 3028 2117 professionis
3062 2049 3176 2102 duo
3215 2060 3375 2103 erant
3406 2067 3505 2103 an-

1919 2140 2122 2194 tistites
2155 2159 2169 2195 :
2201 2140 2358 2194 alteri
2414 2155 2656 2209 namque
2703 2140 2843 2208 parti
2895 2140 3182 2202 Paulinus,
3217 2141 3379 2196 alteri
3418 2142 3504 2197 di-

1919 2250 2020 2288 vus
2065 2233 2286 2303 pra-,fuit
2342 2234 2611 2287 Meletius.
2659 2234 2751 2287 lsti
2796 2245 2980 2287 autem
3024 2234 3245 2288 Arianis
3280 2250 3504 2290 succes-

1919 2343 2064 2382 sere.
2113 2326 2178 2379 Et
2231 2326 2397 2395 hujus
2450 2327 2676 2394 quidem
2734 2327 2994 2379 decessor
3050 2329 3337 2395 proximus
3387 2328 3502 2382 Eu-

1915 2417 2138 2480 dosius,
2182 2416 2333 2470 illius
2366 2425 2552 2470 autem
2590 2416 2859 2470 Leontius
2907 2416 3111 2471 fuerat.
3165 2422 3312 2473 Ante
3351 2420 3500 2474 hunc

1916 2511 2298 2577 episcopatum
2336 2510 2410 2562 ibi
2446 2520 2693 2577 gesserat
2725 2509 3063 2578 Stephanus,
3101 2510 3189 2564 cui
3224 2514 3503 2580 praecessit

1919 2602 2182 2664 Placitus,
2217 2601 2424 2654 l’lacito
2457 2600 2837 2668 Euphronius,
2875 2603 3198 2667 Euphronio
3225 2602 3498 2671 Eulalius,

1917 2693 2012 2760 qui
2045 2707 2240 2745 omnes
2268 2693 2470 2744 Ariana
2509 2691 2659 2745 rabie
2706 2692 2900 2760 repleti
2937 2692 3173 2746 fuerant.
3210 2694 3354 2749 Ante
3390 2695 3500 2749 Ett-

1917 2786 2107 2838 lalium
2139 2799 2370 2853 magnus
2402 2783 2729 2838 Eustathius
2755 2785 2841 2852 pie
2870 2784 3174 2839 Ecclesium
3200 2787 3501 2843 Antioche—

1917 2893 2041 2930 nam
2093 2877 2442 2945 gubernavit,
2484 2877 2796 2945 Philogonii
2847 2878 3105 2948 martyris
3158 2895 3499 2936 successor:

1916 2970 2306 3038 Philogonium
2345 2985 2475 3023 vero
2521 2970 2712 3023 Vitalis
2761 2972 3066 3038 praecessit.
3103 2970 3501 3046 Hierosolymis

1918 3071 2102 3115 autem
2137 3061 2379 3130 Cyrillus
2412 3061 2596 3115 denuo
2635 3061 3003 3132 episcopalem
3041 3064 3285 3118 obtinuit
3315 3066 3501 3136 digni-

215 3161 384 3226 ξιμον
410 3157 683 3221 διεδέξατο
705 3175 720 3190 ·
762 3159 869 3227 πρὸ
894 3159 949 3212 δὲ
985 3161 1242 3228 Μαξίμου
1273 3166 1300 3216 6
1332 3164 1499 3226 πολὺς
1525 3167 1812 3237 Μακάριος
1843 3145 1885 3202 C

1804 3145 1885 3230 ἰ(Σ
1921 3163 2126 3216 talem,
2181 3155 2277 3222 qui
2335 3155 2573 3222 primum
2633 3156 2857 3223 quidem
2917 3156 3154 3212 Maximo
3210 3157 3497 3215 streeessit.

216 3249 608 3317 καθηγήσατο.
663 3251 1046 3320 Μακάριοςδέ
1091 3254 1338 3323 διάδοχος
1372 3256 1665 3324 Ἕρμωνος
1698 3256 1766 3330 ἦν
1794 3277 1808 3290 ·

214 3342 316 3394 τὸν
340 3342 399 3393 δὲ
426 3342 700 3411 Κύριλλον
731 3343 1006 3413 Ἐρέννιος
1030 3345 1308 3416 διεδέχετο
1333 3365 1345 3379 ·
1378 3348 1438 3402 ὃν
1455 3350 1776 3418 Ἡράκλειος
1795 3369 1807 3383 ·

215 3435 316 3485 τὸν
345 3435 392 3486 δ’
436 3435 670 3503 Ἰλάριος
696 3453 709 3466 ο
747 3436 942 3489 τοῦτον
973 3437 1019 3490 δ’
1051 3437 1211 3501 αὖθις
1239 3440 1301 3491 τὸ
1326 3441 1589 3504 τηνικάδε
1618 3443 1645 3495 6
1668 3443 1813 3496 θειό-

213 3543 391 3588 τατος
441 3527 737 3597 Κύριλλος.
776 3526 898 3581 Τῶν
949 3528 1007 3581 δὲ
1034 3530 1134 3598 τῆς
1174 3533 1812 3598 Κωνσταντινουπόλεως

215 3616 542 3685 ἐκκλησιῶν
569 3617 876 3687 τηνικαῦτα
907 3621 1133 3689 ἐκράτει
1165 3621 1440 3688 Εὑδόξιος,
1465 3624 1566 3691 τὴν
1597 3624 1811 3693 Ἀρείου

213 3707 387 3770 δόξαν
412 3708 561 3775 μάλα
594 3709 942 3778 πρεσϐεύων.
964 3711 1028 3761 Ol.
1058 3711 1116 3764 δὲ
1139 3714 1236 3781 τῆς
1262 3714 1556 3782 ὀμοοὺσίου
1576 3716 1815 3778 πίστεως

212 3801 374 3854 ενδον
422 3801 524 3869 τῆς
564 3801 774 3864 πόλεως
808 3803 1041 3873 οἰκίσκῳ
1070 3803 1400 3877 βραχυτάτῳ
1429 3808 1528 3871 τὰς
1562 3825 1812 3879 συναγω-

211 3896 326 3958 γὰς
370 3892 682 3946 ἐποιοῦντο.
712 3893 828 3963 Τῆς
855 3895 916 3949 δέ
941 3895 1360 3969 Μακεδονιανῆς
1392 3900 1694 3972 Θρησκείας
1728 3903 1810 3957 ἔτι

208 3984 366 4036 κατὰ
400 3987 502 4046 τὰς
540 3985 728 4046 πόλεις
760 3987 870 4038 τῶν
897 3988 1213 4059 εὐκτηρίων
1244 3993 1408 4045 οἴκων
1438 3994 1492 4046 οί
1532 3996 1590 4047 ἐν
1618 3996 1816 4049 Σελευ-

209 4079 348 4147 κείᾳ
380 4076 676 4140 ἐκράτουν,
706 4078 1050 4147 διδαχθέντες
1074 4081 1109 4133 ἃ
1136 4085 1187 4134 oi
1221 4084 1353 4153 περὶ
1386 4085 1669 4141 ’Λκάκιον.
1704 4089 1812 4142 Εὐ-

206 4165 394 4230 ὃὸξιος
426 4166 482 4219 δὲ
536 4168 878 4223 Μακεδόνων
929 4171 1203 4237 διεδέξατο
1224 4191 1238 4206 ⁸
1294 4177 1400 4247 πρὸ
1439 4178 1497 4230 δὲ
1524 4212 1527 4215 -
1558 4179 1752 4234 τούτου
1785 4184 1813 4234 6

209 4257 568 4329 ὀμολογητὴς
600 4259 816 4323 Παῦλος
846 4264 948 4330 τὴν
975 4265 1287 4337 ἐπισκοπὴν
1320 4269 1621 4340 ἐκληροῦτο
1643 4289 1656 4302 ·
1688 4273 1812 4327 τού.

208 4366 315 4401 του
353 4349 412 4401 δὲ
448 4350 626 4419 προῆν
651 4352 680 4402 6
706 4353 989 4423 ’Δρειανὸς
1016 4358 1080 4409 ἐκ
1113 4358 1490 4428 Νικομηδείας
1523 4362 1808 4428 Εὐσέόιος.

207 4434 394 4504 οὗτος
451 4441 510 4494 δέ
559 4442 920 4514 Ἀλέξανδρον
948 4446 1260 4518 διεδέχετοο
1291 4451 1347 4513 ὃς
1408 4454 1808 4526 Μητροφάνους
1843 4484 1887 4539 η

203 4535 465 4604 διάδοχος
501 4537 898 4605 ἐχρημάτιζεν.
941 4539 1098 4593 Οὕτω
1133 4543 1234 4610 μὲν
1272 4543 1341 4597 τὰ
1370 4546 1480 4600 τῶν
1501 4548 1810 4620 ἐκκλησιῶν

202 4626 528 4698 τηνικαῦτα
564 4629 815 4698 ἐφέρετο.

836 4748 1060 4801 ΚΕΦΑΛ
1073 4789 1085 4803 .
1119 4748 1192 4804 1".

201 4850 357 4920 Περὶ
377 4850 502 4924 τῆς
550 4853 621 4906 ἐν
655 4852 967 4922 Λαμψάκῳ
994 4856 1321 4924 γενομένης
1348 4859 1619 4915 συνόδου
1647 4879 1660 4895 ο
1710 4864 1809 4917 καί

355 4923 438 4987 ὡς
458 4926 765 4990 ὐπερόριοι
792 4928 847 4978 οι
870 4925 976 4978 τοῦ
998 4923 1328 4992 ὀμοουσίου
1357 4929 1659 4996 ἐγένοντο.

293 5035 457 5086 Ἐπεὶ
482 5034 531 5088 δ’
562 5037 594 5103 ὴ
625 5035 733 5090 τῶν
763 5037 1039 5106 ἑσπερίων
1070 5043 1419 5109 πραγμάτων
1464 5051 1687 5113 φροντὶς
1716 5049 1810 5101 ἐπὶ

213 5121 450 5193 Ῥώμην
497 5124 684 5177 ἐκάλει
742 5126 834 5176 τὸν
895 5125 1366 5193 Οὐαλεντινιανὸν,
1423 5133 1518 5183 καὶ
1565 5133 1652 5187 διὰ
1706 5133 1807 5204 τῆς

195 5215 440 5285 Θρᾴκης
499 5213 594 5266 ίὼν
650 5216 992 5284 ἐπορεύετο·
1033 5219 1080 5270 oi
1127 5218 1232 5272 ἀνὰ
1286 5223 1385 5290 τὴν
1423 5224 1679 5278 Βιϐυνίαν
1714 5231 1807 5280 καὶ

192 5309 303 5359 τὸν
353 5307 756 5375 Ἑλλήσποντον
811 5307 1004 5376 ἱερεῖς,
1041 5310 1135 5360 καὶ
1169 5310 1318 5364 ἄλλοι
1350 5315 1464 5366 ὅσοι
1497 5316 1574 5384 τῷ
1604 5319 1805 5384 ὁμοου-

197 5400 316 5468 σίῳ
352 5398 740 5466 προσέκειντο,
785 5397 1104 5470 ’Υπατιανῷ
1156 5402 1232 5472 τῷ
1271 5405 1371 5471 τῆς
1410 5408 1678 5477 Περίνθου
1714 5413 1807 5464 Ἦ-

282 5557 361 5623 (l)
390 5556 742 5610 Alexandriae
788 5566 903 5611 tum
943 5556 1166 5616 Ariauis
1195 5564 1373 5631 prwiit
1417 5563 1644 5621 Lucius.
1676 5568 1802 5638 (So.

187 5637 609 5778 crgiRSoe‘rat.
642 5697 741 5778 lib.
778 5715 850 5760 tv,
875 5715 996 5778 cap.
1025 5701 1082 5764 2.
1120 5703 1542 5778 hlacedoniattos
1585 5709 1801 5778 episeo-

189 5784 303 5839 pus
331 5773 609 5838 synodum
639 5771 798 5822 istam
831 5771 1058 5838 petiisse
1087 5789 1117 5828 a
1154 5775 1381 5832 Valente
1410 5771 1647 5834 scribit}
1695 5780 1802 5834 Va-

1919 3246 2218 3300 Naximum
2249 3256 2433 3300 autem
2469 3263 2701 3317 magnus
2732 3248 3002 3304 Macarius
3029 3253 3328 3319 praecessit,
3363 3253 3497 3307 Her-

1919 3337 2099 3390 monis
2150 3351 2461 3390 suecessor.
2518 3337 2726 3407 Cyrillo
2786 3338 3065 3394 Erennius
3123 3342 3496 3408 substitutus,

1917 3439 2084 3498 atque
2125 3431 2256 3483 huic
2297 3445 2520 3484 rursum
2566 3431 2875 3498 lleraclius,
2926 3433 3180 3489 Heraclio
3233 3438 3497 3503 Hilarius,

1917 3522 2006 3575 cui
2045 3532 2160 3576 tum
2195 3538 2388 3576 rursus
2421 3523 2585 3578 divus
2616 3527 2886 3581 successit
2964 3527 3223 3598 Cyrillus.
3253 3532 3321 3583 At
3359 3530 3502 3585 Con-

1917 3611 2280 3679 stantinopoli
2301 3612 2603 3667 Ecclesiam
2624 3630 2693 3669 eo
2720 3625 2972 3685 tempore
2993 3620 3172 3672 tenuit
3193 3620 3498 3688 Eudoxius.

1918 3718 2152 3772 magnus
2199 3705 2421 3761 Arianae
2472 3708 2755 3776 opinionis
2795 3721 3198 3780 propugnator.
3247 3714 3501 3771 Consub-

1916 3797 2193 3850 stautialis
2227 3806 2412 3852 autem
2447 3798 2794 3867 professores
2833 3801 2980 3856 intra
3017 3804 3209 3860 urbem
3244 3805 3298 3860 in
3332 3824 3499 3878 parva

1917 3887 2084 3942 domo
2130 3903 2441 3946 conventus
2487 3894 2748 3962 agebant.
2801 3893 3048 3964 Templis
3094 3898 3500 3958 Macedonians:

1917 3982 2199 4052 religionis
2255 3985 2308 4037 in
2358 3984 2591 4040 urbibus
2639 3988 2918 4058 plerisque
2957 3980 3152 4046 adhuc
3207 3981 3319 4049 tum
3364 4012 3500 4066 prae—

1915 4073 2165 4137 fuerunt,
2202 4077 2296 4145 qui
2341 4076 2394 4130 in
2447 4078 2696 4134 Seleucia
2753 4083 2878 4136 tldei
2920 4085 3212 4141 formulam
3257 4093 3499 4157 promul-

1915 4178 2198 4236 gaverant,
2229 4169 2422 4224 eadem
2451 4188 2573 4238 qua:
2603 4176 2837 4230 Aeacius
2864 4181 3189 4234 sentientes.
3221 4181 3500 4239 Eudoxius

1915 4259 2239 4316 Macedonio
2278 4277 2647 4326 successerat.
2682 4267 3040 4323 Macedonius
3076 4273 3244 4327 Paulo
3284 4277 3498 4331 confes-

1915 4352 2050 4415 sori,
2083 4351 2288 4407 Paulus
2321 4353 2732 4412 Nicotuediensi
2775 4361 3016 4416 Eusebio
3043 4364 3272 4428 Ariano,
3327 4368 3495 4424 Euse-

1917 4441 2042 4498 bius
2095 4445 2447 4511 Alexandro,
2517 4466 2681 4518 quem
2744 4456 3024 4521 praacessit
3083 4457 3490 4528 Metrophanes.

1918 4536 2019 4592 llic
2053 4541 2277 4610 quidem
2313 4551 2426 4597 tum
2467 4545 2839 4602 Ecclesiarum
2870 4549 2976 4604 fuit
3006 4560 3210 4607 status.

2413 4745 2569 4815 113
2608 4745 2835 4804 CAPUT
2878 4750 2964 4804 Ill.

1912 4854 1988 4907 De
2024 4853 2243 4908 concilio
2271 4855 2831 4937 Lampsqceuo,_c{_ut
2866 4848 2918 4937 iu
2953 4866 3194 4919 exsilium
3226 4871 3363 4937 pulsi
3388 4874 3491 4923 sint

2329 4930 2794 4984 consubstantialis
2822 4933 3066 4988 cultores.

1982 5036 2280 5107 Postquam
2324 5039 2399 5109 (Ξ)
2450 5055 2584 5093 vero
2636 5058 2819 5096 rerum
2874 5046 3304 5103 occidentalium
3358 5067 3490 5105 cura

1913 5127 2365 5185 Valentinianum
2394 5131 2621 5186 Romam
2649 5138 2892 5203 vocavit,
2931 5151 3093 5207 atque
3123 5142 3168 5194 is
3200 5159 3296 5211 per
3318 5144 3491 5198 Thra-

1911 5225 2050 5276 ciam
2104 5225 2211 5278 iter
2251 5225 2419 5290 l‘ecit,
2473 5227 2566 5296 qui
2617 5229 2669 5279 in
2725 5229 2979 5302 Bithynia
3026 5247 3081 5289 et
3136 5237 3492 5307 Hellesponto

1911 5316 2085 5378 luere,
2125 5316 2329 5384 aliique
2384 5317 2509 5371 item
2548 5321 2815 5391 episcopi,
2873 5325 2966 5376 τοῦ
3017 5328 3328 5393 ίμοουσίου,
3360 5346 3489 5381 cou-

1910 5407 2313 5474 substantialis,
2347 5409 2471 5463 litlei
2505 5413 2736 5479 addicti,
2772 5416 2840 5469 ub
2879 5415 3184 5488 llypatiauo
3217 5421 3489 5477 Heraclea:

1905 5569 2248 5646 letttemqne,
2283 5585 2391 5624 non
2420 5582 2663 5646 gravate,
2699 5585 2755 5628 ut
2787 5591 2848 5627 ea
2902 5592 3217 5646 cogeretur.
3244 5597 3484 5636 consen-

1907 5639 2066 5702 sisse,
2106 5651 2394 5709 prepterea
2432 5639 2593 5708 quod
2645 5639 3046 5702 existimaverit
3103 5641 3215 5705 rem
3265 5668 3482 5706 onmem

1908 5709 1981 5762 ibi
2019 5725 2086 5763 ex
2121 5713 2394 5765 sententia
2429 5710 2656 5766 Eudoxii
2692 5726 2746 5768 et
2784 5717 2964 5771 Acaeii
2999 5733 3177 5774 actum
3213 5722 3303 5776 iri.
