4288 6438
747 374 840 436 591

1978 381 2398 442 NICEPIIORI
2443 384 2784 445 CALLISTI

3902 400 4008 458 592

747 497 860 546 sive
898 493 1140 546 Perinthi
1177 494 1463 564 episcoiio,
1494 504 1552 548 ut
1583 494 1648 549 ad
1686 495 2077 566 imperatorem
2118 500 2319 567 legatus

2355 506 2404 562 Α
2434 499 2692 567 ρακλείας
2721 501 2968 570 ἀρχιερεῖ
3006 502 3343 571 προσιόντες,
3383 502 3566 569 ᾑξίοιν
3605 502 3734 572 πρὸς
3777 504 4006 572 βασι).ἐὲι

749 589 872 648 iret,
925 587 1226 653 petierunt,
1265 594 1324 639 ut
1363 587 1657 656 episcopos
1704 602 1896 642 omnes
1943 590 2316 644 constituendi

744 679 1017 745 dogmatis
1046 680 1217 746 gratia
1252 679 1306 732 in
1346 696 1511 732 unum
1543 681 1724 734 locum
1751 683 2051 736 convenire
2073 683 2316 750 juberet.

745 773 844 836 Qui
884 772 972 823 ubi
1008 770 1074 823 ad
1120 771 1508 840 imperatorem
1549 772 1875 842 legationem
1909 789 2028 826 eam
2067 774 2316 842 pertulit,

747 865 1047 931 imperator
1082 865 1194 930 (i),
1236 883 1253 912 σ
1293 864 1445 925 Mihi,
1499 864 1696 932 inquit,
1752 865 1983 932 negotiis
2027 877 2316 935 occupato,

745 967 792 1010 et
823 957 1138 1024 reipublicae
1161 958 1311 1011 curis
1338 957 1600 1021 distento,
1625 973 1712 1010 res
1735 958 2007 1025 ejusmodi
2035 959 2320 1027 inquirere

667 1113 670 1116 ,
746 1064 852 1100 non
903 1049 1059 1100 facile
1100 1058 1202 1100 est.
1239 1048 1347 1099 Vos
1380 1057 1590 1110 autem,
1621 1047 1825 1115 quibus
1856 1050 1971 1102 haec
2003 1050 2319 1117 procuratio

747 1142 1004 1196 mandata
1054 1152 1172 1206 est,
1222 1157 1556 1210 quocunque
1607 1142 1773 1195 vultis
1819 1143 1938 1196 loco
1985 1151 2319 1196 conventum

742 1238 912 1304 agite,
949 1246 1004 1288 et
1035 1235 1103 1290 de
1137 1236 1304 1289 rebus
1341 1236 1597 1288 omnibus
1645 1235 1733 1303 pie
1775 1236 2094 1290 deliberate.
2143 1255 2159 1287 ι
2206 1236 2319 1290 Hoc

743 1338 972 1396 accepto
1006 1342 1292 1395 responso,
1332 1326 1612 1395 Lampsaci
1649 1342 1977 1390 convenere,
2012 1335 2066 1380 et
2102 1327 2319 1381 duobus

743 1420 1030 1474 mensibus
1071 1431 1216 1488 post,
1255 1420 1322 1473 de
1372 1419 1541 1472 rebus
1589 1419 1862 1488 plerisque
1898 1429 2145 1473 statuere
2180 1422 2319 1486 (erat

742 1522 924 1566 autem
965 1513 1008 1564 is
1049 1526 1225 1564 annus
1254 1527 1282 1564 a
1313 1511 1523 1581 synodo
1555 1511 1853 1564 Seleucena
1886 1510 2196 1580 septimus),
2261 1511 2314 1562 in

746 1605 957 1670 primis,
995 1612 1054 1656 ut
1086 1603 1240 1656 irrita
1279 1613 1483 1664 essent,
1521 1619 1642 1671 qua:
1681 1603 2160 1674 ConstantinOpoli
2213 1604 2320 1656 Eu-

742 1697 891 1748 doxii
944 1705 998 1750 et
1042 1697 1226 1749 Acacii
1279 1697 1635 1764 suggestione
1673 1696 1880 1749 saucita
1917 1705 2110 1758 erant;
2153 1705 2317 1764 atque

747 1803 805 1845 ut
836 1793 1001 1846 etiam
1036 1793 1350 1845 aboleretur
1375 1807 1436 1844 ea
1469 1790 1592 1844 fidei
1628 1790 1883 1856 formula,
1914 1805 2035 1859 qua:
2074 1790 2147 1844 ibi
2185 1805 2316 1860 pro-

2432 589 2783 659 πρεσϐεύειν,
2820 589 2959 643 ὥστε
2993 592 3377 662 προτραπῆναι
3429 591 3673 653 ἅπαντας
3714 594 3792 653 εἰς
3828 590 3885 643 ἓν
3917 611 4009 643 co-

2432 681 2640 734 νελθεῖν
2669 681 2760 733 ἐπὶ
2783 682 3069 752 διορθώσει
3098 684 3194 735 τοῦ
3225 685 3517 752 δόγματος.
3548 682 3657 736 Τοῦ
3683 683 3737 735 δὲ
3757 685 4008 752 προσιόν-

2431 791 2544 836 τος,
2575 777 2670 827 καὶ
2693 775 2793 844 τὴν
2823 776 3121 842 πρεσϐείαν
3143 776 3252 827 τῶν
3278 776 3594 828 ἐπισκόπων
3619 775 4007 842 ἀγγείλαντος,

2429 871 2456 919 ὀ
2483 867 2758 936 βασιλεὺς,
2792 889 2808 918 ι
2835 867 3017 935 Ἐμοὶ,
3057 870 3212 938 φησὶ,
3243 870 3569 937 πράγμασιν
3599 866 4004 937 ἐνειλημμένιει,

2430 960 2524 1012 καὶ
2555 961 2624 1012 τὰ
2648 960 2741 1012 τοῦ
2770 960 3008 1030 πλήθους
3033 961 3524 1031 ἐπιτετραμμένῳ,
3556 962 3655 1013 ούκ
3684 961 3908 1030 εὐχερὲς
3937 962 4008 1014 τά

2428 1051 2651 1104 τοιαῦτα
2676 1052 3087 1122 διερευνᾶσθαι.
3131 1053 3297 1120 Ὑμῖν
3325 1053 3378 1104 δὲ
3405 1048 3482 1114 οἷς
3509 1053 3668 1105 τοῦτο
3692 1054 3867 1120 μέλει,
3893 1055 4004 1121 ὅπη

2430 1143 2684 1212 βούλεσθε
2721 1145 2845 1197 καθ’
2871 1146 3104 1208 ἑαυτοὺς
3153 1146 3459 1214 γενόμενοι,
3500 1145 3763 1213 θεοφιλῶς
3792 1145 4005 1198 ἕκαστα

2426 1237 2813 1306 διασκέψασθε.
2858 1258 2874 1289 ι
2917 1239 3074 1291 Κατὰ
3113 1237 3176 1308 δὴ
3208 1239 3413 1306 ταύτην
3465 1239 3562 1307 τὴν
3615 1241 3913 1304 ἀπόκρισιν
3948 1241 4004 1300 ἐς

2426 1329 2730 1398 Λάμψακον
2756 1329 3064 1396 γεγονότες,
3100 1329 3191 1380 ἐπὶ
3225 1331 3349 1380 δυσὶ
3376 1329 3509 1396 μησί
3544 1327 3644 1397 τὴν
3673 1328 3854 1397 ψῆφον
3882 1328 4006 1399 ἑξή-

2428 1438 2629 1488 νεγκαν
2652 1437 2666 1452 ⁶
2704 1422 2863 1473 τοῦτο
2893 1421 2937 1472 δ’
2962 1417 3030 1490 ἦν
3061 1421 3294 1488 ἕϐδομον
3327 1421 3444 1482 ἔτος
3476 1422 3582 1472 ἀπὸ
3606 1421 3703 1489 τῆς
3734 1424 3789 1473 ἐν
3815 1422 4006 1472 Σελευ-

2427 1513 2550 1578 κείᾳ
2589 1511 2834 1564 συνόδου.
2883 1513 2995 1564 Καὶ
3036 1510 3471 1580 προηγουμένως
3509 1512 3608 1578 μὲν
3657 1511 3837 1578 ἄκυρα
3860 1509 4002 1563 εἶναι

2425 1603 2717 1667 ἐθέσπιζον
2755 1604 2824 1655 τὰ
2874 1605 2931 1654 ἐν
2992 1603 3577 1655 Κωνσταντινουπόλει
3631 1605 4004 1671 πεπραγμένα

2429 1696 2634 1765 σπουδῇ
2697 1695 2806 1748 τῶν
2860 1696 2986 1764 περὶ
3016 1693 3272 1757 Εὐδόξιον
3308 1695 3405 1747 καὶ¹
3437 1696 3696 1748 Ἀκάκιον
3721 1711 3735 1726 ο
3775 1697 3868 1747 καὶ
3901 1695 4002 1763 τὴν

2425 1789 2493 1858 ἣν
2532 1789 2712 1839 ἐκεῖσε
2748 1786 3126 1856 προεκόμισαν
3177 1789 3417 1849 πίστεως
3473 1787 3718 1849 ἔκθεσιν,
3765 1786 3842 1849 ὡς
3887 1791 4004 1848 τοῖς

743 1887 907 1937 ducta
939 1884 1141 1944 fuerat,
1175 1884 1401 1952 perinde
1439 1891 1602 1946 atque
1643 1881 1712 1933 ab
1741 1882 2017 1949 episcopis
2064 1881 2319 1935 occiden-

2355 1891 2394 1949 Β
2426 1879 2706 1950 ἑσπερίοις
2727 1878 3197 1950 ὑπαγορευθεῖσαν
3219 1879 3545 1942 ἐπισκόποις
3571 1897 3586 1911 ο
3621 1882 3687 1949 ἦν
3719 1880 3813 1932 καί
3841 1898 4002 1942 τινας

748 1975 949 2027 talibus
979 1973 1221 2035 dictata;
1255 1972 1342 2024 cui
1376 1972 1541 2023 etiam
1576 1971 1826 2024 nonnulli
1855 1971 2318 2038 subscripserant,

745 2065 1112 2132 promissione
1165 2080 1227 2117 ea
1268 2063 1528 2122 adducti,
1590 2078 1710 2131 qum
1749 2063 1882 2131 ipsis
1936 2062 2004 2115 de
2051 2062 2322 2115 abolenda

743 2156 1202 2212 dissimilitudine
1223 2157 1532 2210 secundum
1559 2156 1930 2209 substantiam
1956 2155 2096 2208 facta
2119 2154 2318 2217 fuerat,

741 2268 848 2321 qua
900 2261 1082 2303 tamen
1128 2251 1182 2303 in
1223 2265 1280 2302 re
1333 2250 1733 2318 promissorum
1779 2248 2064 2303 mendacio
2108 2249 2321 2318 decepti

741 2351 922 2396 erant.
974 2342 1456 2410 Aequieseendnm
1514 2352 1698 2393 autem
1742 2355 1864 2394 esse
1905 2340 2198 2400 sententiae
2245 2339 2317 2402 ei,

740 2452 862 2504 quae
906 2437 1142 2488 similem
1196 2433 1503 2488 substantia
1559 2434 1705 2487 Patri
1759 2433 1954 2486 Filium
1993 2432 2318 2502 profitetur;

740 2516 890 2597 quod
944 2543 1186 2598 peropus
1245 2537 1394 2581 esset
1439 2536 1496 2578 et
1549 2527 1948 2583 necessarium.
1987 2536 2047 2579 ut
2087 2526 2139 2577 in
2194 2525 2318 2579 fidei

742 2622 971 2674 formula
1009 2620 1073 2673 ad
1121 2620 1510 2672 subsistentias
1545 2619 1968 2673 diseriminatim
2011 2618 2322 2686 significan-

740 2718 836 2768 das
877 2715 1104 2767 verbum
1158 2712 1371 2777 ὁμοίου,
1412 2713 1514 2765 hoc
1568 2724 1675 2772 est,
1721 2711 1942 2773 similis,
2000 2710 2317 2763 adderetur.

741 2809 924 2862 Solam
963 2823 1093 2860 vero
1146 2806 1198 2859 in
1242 2805 1508 2859 Ecclesiis
1558 2803 1818 2857 omnibus
1853 2803 2190 2872 frequentari
2228 2803 2320 2855 de-

742 2900 894 2955 bere.
925 2915 1047 2966 qua:
1081 2895 1348 2950 Seleucia:
1389 2894 1614 2963 quidem
1653 2893 1996 2954 confirmata,
2031 2901 2189 2944 antea
2227 2907 2321 2943 au-

741 3005 848 3045 tem
877 2989 1184 3044 Antiochia:
1213 2987 1557 3057 promulgata
1590 2995 1755 3047 esset,
1795 2985 1982 3046 fidem,
2012 2999 2135 3036 cum
2172 2986 2223 3035 in
2256 2998 2319 3036 ea

745 3084 878 3137 urbe
920 3082 1165 3135 ecclesia:
1199 3079 1475 3133 dedicatio
1511 3087 1595 3132 est
1629 3078 1924 3130 celebrata.
1963 3076 2212 3141 Insuper,
2263 3084 2321 3125 ut

740 3177 832 3243 qui
867 3173 1093 3226 sedibus
1125 3171 1239 3224 suis
1274 3170 1341 3223 ab
1376 3170 1463 3224 eis
1497 3170 1706 3237 expulsi
1752 3179 1932 3229 erant,
1976 3172 2068 3236 qui
2121 3166 2316 3220 Filium

743 3269 887 3320 l’atri
952 3265 1279 3319 dissimilem
1340 3277 1463 3316 esse
1520 3262 1916 3330 opinarentur,
1971 3259 2320 3327 episcopatus

741 3373 870 3417 suos
914 3359 1257 3426 reciperent,
1291 3356 1436 3422 quod
1491 3354 1774 3422 illegitime
1809 3352 2018 3405 scilicet
2048 3366 2119 3404 ex~
2145 3351 2320 3403 eccle-

739 3454 836 3505 siis
867 3451 983 3505 suis
1011 3457 1196 3504 essent
1226 3447 1526 3501 deturbati.
1575 3445 1731 3511 Quod
1762 3445 1804 3498 si
1833 3445 1958 3512 quis
1988 3458 2319 3512 quemquam

740 3547 807 3597 ile
851 3558 908 3596 re
945 3541 1130 3609 aliqua
1169 3553 1429 3594 accusare
1477 3537 1665 3597 vellet,
1705 3543 1764 3587 ut
1805 3535 1855 3588 ei
1893 3535 1942 3588 id
1979 3535 2160 3587 facere
2195 3549 2319 3586 cum

738 3634 1060 3689 cotulitione
1116 3633 1206 3684 illa
1260 3631 1487 3693 liceret,
1540 3638 1601 3682 ut
1665 3628 1807 3681 idem
1856 3637 1913 3680 et
1952 3628 2068 3695 ipse
2108 3626 2322 3679 subiret

741 3729 1067 3796 perieulum.
1121 3725 1346 3780 Iudices
1406 3732 1589 3777 autem
1652 3722 1798 3774 inter
1851 3735 1950 3775 eos
2003 3728 2063 3773 ut
2134 3727 2322 3773 essent

741 3821 1039 3890 provinciae
1096 3819 1215 3887 ejus
1270 3815 1539 3884 episcopi,
1581 3814 1913 3868 sententiam
1973 3821 2177 3865 rectam
2237 3825 2322 3863 se-

739 3925 994 3982 quentes.
1044 3911 1236 3964 Testes
1271 3919 1455 3961 autem
1491 3907 1739 3974 episcopi
1778 3922 1844 3959 ex
1905 3905 2157 3958 finitimis
2195 3918 2324 3972 pro-

741 4011 1081 4062 ducerentur
1110 4003 1454 4072 regionibus,
1482 4002 1686 4068 quibus
1713 4001 1982 4070 cujusque
2012 3998 2120 4050 vita
2152 3997 2321 4066 probe

741 4101 958 4168 cognita
982 4105 1150 4149 esset.
1179 4092 1338 4162 114
1361 4091 1521 4146 Hisce
1542 4091 1782 4145 decretis
1807 4089 1986 4154 factis,
2009 4089 2320 4142 Eudoxium

743 4199 1154 4256 sectatoresque
1187 4191 1307 4254 ejus
1338 4197 1620 4249 evocatos,
1645 4185 1883 4254 primum
1913 4184 1978 4237 ad
2013 4183 2321 4236 facinorum

742 4297 932 4336 eorum
965 4295 1085 4348 quae
1117 4287 1553 4347 perpetrassent,
1583 4277 1962 4345 pcenitentiam
1997 4275 2320 4326 invitarunt.

744 4373 844 4426 Ubi
880 4372 957 4423 illi
992 4381 1175 4422 autem
1217 4369 1267 4421 id
1303 4377 1710 4434 contempsere,
1746 4383 1833 4418 res
1867 4375 2015 4417 aetas
2041 4366 2106 4416 ad
2141 4363 2326 4416 Eccle-

742 4480 852 4529 διῃς
884 4478 1076 4523 omnes
1108 4460 1574 4528 perscripserunt.
1601 4457 1872 4510 Caeterum
1909 4456 2090 4518 veriti,
2118 4471 2182 4507 ne
2216 4455 2324 4507 Eu-

743 4565 944 4616 doxius
967 4561 1144 4615 aulam
1172 4553 1512 4628 its-perialem
1533 4551 1637 4604 sibi
1665 4551 2167 4615 conciliaretatque
2191 4547 2324 4613 ipsis

743 4655 1075 4707 calumniam
1098 4652 1431 4713 intenderet,
1451 4643 1713 4716 plac-ilum
1740 4643 1915 4693 eiscst
1939 4651 2054 4692 acta
2076 4639 2322 4706 Lampsa-

743 4764 877 4801 ecna
907 4747 971 4800 ad
1002 4747 1390 4813 imperatorem
1419 4741 1642 4794 referre.
1673 4741 1851 4807 Atque
1876 4733 1949 4786 ita
1976 4732 2208 4794 Valenti,
2230 4731 2321 4798 qui

747 4847 970 4894 fratrem
997 4837 1060 4891 ad
1085 4847 1322 4889 veterem
1344 4836 1571 4888 Romam
1593 4832 2036 4901 proficiscentem
2057 4839 2234 4888 usque
2258 4823 2322 4875 ad

748 4934 1017 5002 Illyricum
1043 4929 1342 4982 comitatus
1367 4926 1726 4995 produxerat,
1750 4921 2026 4982 redeunti,
2049 4920 2113 4971 ad
2137 4914 2324 4970 Perin-

747 5029 900 5079 tliuai
940 5024 1186 5077 Thraciae
1221 5035 1332 5073 rem
1371 5033 1589 5070 onmem
1620 5029 1944 5082 exposuere.
1978 5014 2178 5065 Verum
2213 5011 2322 5064 Eu-

747 5117 945 5169 doxius
964 5131 1083 5167 cum
1108 5111 1465 5181 pepularibus
1483 5107 1596 5162 suis
1617 5121 1713 5160 eos
1734 5113 2095 5174 praevenerat,
2111 5114 2164 5155 et
2187 5103 2324 5157 aula:

747 5207 926 5261 studia
988 5206 1091 5258 sibi
1146 5201 1437 5256 conciliata
1489 5198 1746 5252 habebat.
1802 5196 1985 5263 Itaque
2026 5196 2326 5262 imperator

751 5297 1136 5367 Lampsacenis
1160 5296 1454 5363 lcgatis,ue
1477 5293 1543 5344 ab
1563 5291 1809 5344 Eudoxio
1829 5289 2181 5346 dissiderent,
2201 5302 2327 5340 sua-

749 5397 838 5444 sit.
865 5382 1040 5457 Aique
1066 5388 1154 5440 ubi
1186 5387 1264 5440 illi
1287 5383 1522 5439 Eudoxii
1553 5397 1659 5443 res,
1687 5396 1823 5448 quas
1847 5377 2323 5445 Constantinopoli

751 5499 910 5551 atque
942 5482 1106 5535 etiam
1148 5481 1201 5533 in
1236 5477 1445 5548 synodo
1480 5475 1742 5530 Seleucia:
1790 5472 2174 5527 fraudulenter
2207 5488 2327 5540 ege-

824 5648 901 5714 (f)
930 5643 1102 5699 Verba
1140 5637 1452 5714 licccapud.
1490 5636 1612 5690 Soz.
1643 5634 1739 5714 lib.
1774 5649 1996 5714 v'i,_cap.
2031 5634 2082 5693 7,
2116 5632 2194 5684 sic
2231 5631 2330 5711 lia-

752 5702 917 5770 leilt’:
959 5714 1111 5782 Ἐμοὶ
1144 5712 1278 5780 μετὰ
1307 5702 1436 5782 λαοῦ
1465 5705 1790 5782 ,τεταγμένῳ
1820 5705 1880 5782 ού
1913 5702 2330 5782 θέμιςιτοιαύτα

758 5770 1262 5854 ,Ὦππραῇμο-ίείν.
1294 5782 1354 5832 ΟΞ
1379 5780 1433 5831 δὲ
1461 5770 1654 5847 ἱερεῖς,⁷
1673 5770 1976 5854 οἷςτούτου
2002 5773 2176 5840 μέλει,

756 5843 978 5918 ἑαυτοὺς
1013 5843 1117 5915 ὅπη
1161 5852 1441 5917 βούλονται
1489 5843 1812 5900 συνίτωσαν.
1859 5843 1972 5896 Hoc
2015 5853 2097 5896 cst
2138 5861 2148 5894 :
2183 5843 2328 5906 Mihi,

2422 1971 2651 2024 ἔπεισαν
2686 1971 3010 2041 ὑπογράψαι
3034 1972 3129 2023 ἐπὶ
3154 1971 3448 2040 ὑποσχέσει
3481 1974 3580 2041 τῆς
3609 1973 3705 2025 τοῦ
3737 1975 4004 2042 ἀνομοίου

2423 2064 2547 2116 κατ’
2582 2063 2773 2116 ούσίαν
2819 2064 3239 2134 ἀποκηρύξεως,
3276 2063 3306 2115 ὃ
3349 2065 3709 2130 διεψεύσαντο
3741 2066 3960 2118 ἀθετεῖν
3987 2083 4002 2097 ·

2427 2156 2678 2226 στέργειν
2699 2155 2756 2207 δὲ
2790 2157 2869 2217 τὸ,
2927 2158 3114 2224 ὅμοιον
3152 2155 3292 2209 εῖναι
3326 2156 3447 2208 κατ’
3481 2157 3671 2207 οὐσίαν
3720 2158 3815 2209 τὸν
3879 2160 4005 2209 Υίὺν

2422 2249 2501 2319 τῷ
2533 2251 2707 2319 Πατρί
2733 2265 2746 2279 ⁸
2781 2247 2922 2302 εἶναι
2979 2249 3086 2318 γὰρ
3141 2248 3228 2301 ἐπ’
3259 2250 3508 2318 ἀνάγκης
3554 2249 3652 2319 τὴν
3688 2249 3780 2302 τοῦ
3813 2248 4003 2319 ὁμοίου

2423 2339 2746 2410 προσθήκην
2774 2337 2864 2391 διὰ
2899 2338 2999 2408 τὴν
3027 2341 3303 2408 σημασίαν
3329 2341 3436 2392 τῶν
3474 2341 3833 2392 ὺποστάσεων
3857 2358 3868 2368 ·
3900 2345 4005 2408 μὸ-

2424 2447 2522 2498 νην
2559 2430 2617 2482 δὲ
2681 2428 3065 2482 πολιτεύεσθαι
3125 2429 3311 2482 πίστιν
3359 2431 3545 2499 ἁπάσῃ
3577 2434 3642 2500 τῇ
3677 2430 4002 2499 Ἐκκλησία,

2419 2521 2519 2591 τὴν
2550 2522 2604 2572 ἐν
2634 2521 2930 2589 Σελευκείᾳ
2964 2523 3062 2588 μὲν
3120 2522 3179 2572 τὸ
3212 2520 3380 2590 κῦρος
3430 2522 3739 2590 δεξαμένην
3773 2525 3868 2574 καὶ
3912 2524 4006 2592 βε-

2423 2615 2775 2676 ὁαιωθεῖσαν,
2803 2613 3074 2683 πρότερον
3103 2613 3149 2667 δ’
3169 2616 3540 2684 ἐνἈντιοχεία
3560 2615 3908 2681 ἐκτεθεῖσαν,
3945 2619 4008 2685 ὴ-

2422 2707 2549 2760 νίκα
2581 2710 2612 2776 ὴ
2647 2709 2827 2760 ἐκεῖσε
2862 2707 2927 2775 δὴ
2979 2705 3286 2774 Ἐκκλησία
3342 2707 3441 2776 τὴν
3495 2709 3805 2776 ἀφιέρωσιν
3854 2710 4008 2778 ἔσχε.

2422 2801 2562 2861 Τοὺς
2587 2799 2643 2850 δὲ
2676 2800 2784 2851 τῶν
2809 2800 3019 2869 θρόνων
3052 2798 3408 2861 ἀπωσθέντας
3439 2801 3589 2868 παρά
3617 2800 3725 2852 τῶν
3750 2803 4012 2870 ἀνόμοιον

2423 2892 2514 2942 τὸν
2544 2891 2669 2943 Υίον
2699 2892 2776 2959 τῷ
2810 2891 2987 2961 Πατρὶ
3013 2891 3352 2955 δοξαζόντων
3395 2892 3808 2960 ἀναλαμόάνειν
3847 2894 4010 2956 αὖθις

2423 2983 2522 3052 τὴν
2578 2985 2906 3054 ἱερωσύνην,
2957 2985 3033 3045 ὡς
3086 2984 3344 3052 ἀθέσμως
3378 2986 3487 3036 τῶν
3536 2986 3754 3036 οἰκείων
3802 2986 4012 3056 θρινων

2425 3076 2820 3138 ἁπελαθέντας.
2860 3078 2917 3128 Ei
2966 3077 3022 3129 δέ
3056 3094 3140 3140 τις
3184 3077 3313 3131 ἀλλο
3347 3094 3400 3129 τι
3449 3079 3631 3131 αὐτῶν
3679 3083 4012 3150 κατηγορεῖν

2426 3168 2693 3238 βούλοιτο,
2731 3169 2892 3220 τοῦτο
2923 3170 3185 3237 πράττειν
3217 3170 3311 3221 τὸν
3349 3170 3466 3221 ἴσον
3500 3171 3748 3224 κίνδυνον
3781 3176 4012 3243 ἀναρρί-

2348 3237 2391 3296 C
2426 3237 2630 3315 πτοντα
2654 3278 2668 3293 ·
2715 3261 2978 3321 δικαστὰς
3015 3261 3058 3312 δ’
3114 3257 3412 3324 εἶναιτοὺς
3439 3261 3576 3331 ὀρθά
3613 3267 3832 3331 φρονεῖν
3865 3237 4010 3334 τέρή-

2429 3355 2622 3424 μένους
2652 3352 2762 3405 τῶν
2796 3354 3112 3406 ἐπισκόπων
3139 3353 3218 3423 τῷ
3253 3353 3398 3405 ἐθνει
3420 3370 3437 3385 ο
3467 3356 3591 3414 τοὺς
3623 3356 3677 3408 δὲ
3715 3357 4011 3426 μάρτυρας

2424 3449 2488 3499 ἐκ
2525 3448 2636 3498 τῶν
2668 3447 2832 3508 πέλας
2863 3445 3005 3498 εἶναι
3041 3446 3347 3514 ἐπαρχιῶν,
3386 3446 3435 3498 οἳ
3463 3448 3530 3499 τά
3566 3449 3782 3516 ἑκάστῳ
3811 3449 4007 3516 βεϐιω-

2428 3540 2568 3606 μένα
2602 3538 2797 3589 εἰδεῖεν
2827 3540 2892 3589 ἂν
2920 3541 2976 3599 ἐς
3005 3538 3169 3590 ταυτὸ
3205 3539 3502 3601 συνιόντες.
3533 3539 3719 3591 Ταῦτα
3747 3541 4008 3605 διαταξὰ-

2427 3647 2601 3698 μενοι,
2634 3631 2759 3690 τοὺς
2786 3629 2916 3696 περὶ
2950 3627 3208 3692 Εὐδόξιον
3245 3630 3670 3698 συγκαλοῦντες,
3709 3634 4006 3700 μετάνοιαν

2424 3719 2664 3788 ἁπῄνουν
2690 3718 2797 3770 τῶν
2822 3719 3233 3786 πεπραγμένων
3273 3721 3565 3790 πρότερον.
3609 3721 3699 3783 Ὠς
3729 3721 3774 3773 δ’
3803 3721 4008 3790 ἥκιστα

2425 3812 2644 3877 ἤκουον,
2678 3811 2795 3870 ταῖς
2823 3810 3144 3878 ἁπανταχοῦ
3173 3812 3496 3880 ἐκκλησίαις
3528 3815 3594 3865 τὰ
3629 3816 4002 3882 πεπραγμένα

2425 3903 2670 3972 ἐδήλουν.
2699 3902 2790 3953 Ἐν
2820 3901 2894 3972 νῷ
2924 3902 2980 3954 δὲ
3015 3902 3240 3971 θέμενοι
3271 3906 3362 3956 τὸν
3390 3905 3464 3974 μὴ
3499 3903 3588 3972 ὑφ’
3623 3907 3817 3958 ἐαυτὸν
3839 3911 4000 3977 ποιή-

2429 4014 2588 4064 σηται
2619 3997 2686 4048 τὰ
2725 3997 2998 4066 βασίλεια,
3039 4000 3134 4050 καὶ
3191 4001 3246 4062 ἐς
3289 3999 3548 4071 διαϐολὴν
3604 4002 3785 4054 αὐτῶν
3831 4019 4008 4055 κατα-

2427 4091 2608 4159 σταίη,
2641 4090 2888 4157 ἔγνωσαν
2921 4090 3137 4158 βασιλεῖ
3185 4091 3252 4144 τὰ
3307 4093 3365 4144 ἐν
3392 4093 3687 4163 Λαμψάκῳ
3737 4094 4013 4160 γενόμενα

2426 4183 2743 4251 ἀναφέρειν.
2781 4183 2891 4235 Καὶ
2917 4181 2982 4251 δὴ
3028 4182 3311 4235 ἐπανιόντι
3344 4184 3606 4236 Οὐάλεντι
3641 4185 3772 4253 περὶ
3805 4187 3907 4253 τὴν
3951 4190 4012 4236 ἐν

2425 4274 2614 4348 Θρᾴκῃ
2671 4275 2934 4344 Πέρινθον
2993 4276 3331 4341 ἐντυχόντες,
3368 4277 3434 4329 τὰ
3476 4277 3852 4347 πεπραγμένα
3883 4277 4013 4344 ἐδή-

2427 4364 2578 4416 λουν.
2614 4365 2704 4432 Τῷ
2733 4365 2843 4435 γὰρ
2873 4366 3089 4435 ἀδελφῷ
3114 4365 3489 4435 ἀποδημοῦντι
3520 4367 3577 4426 ἐς
3611 4367 3712 4435 τὴν
3766 4369 4015 4435 πρεσϐυ-

2429 4460 2594 4528 τέραν
2609 4459 2852 4531 Ῥώμην,
2888 4463 3054 4533 μέχρι
3079 4465 3177 4532 τῆς
3211 4463 3512 4533 Ἰλλυρίδος
3541 4464 3829 4532 συνῆλθεν.
3854 4465 4016 4517 Ἀ).λά

2362 4572 2403 4626 ι)
2429 4555 2718 4624 προλαὸὼν
2753 4558 3002 4622 Εὑδὸξιος
3031 4561 3129 4613 σὺν
3162 4562 3276 4622 τοῖς
3301 4559 3440 4629 ἀμφ’
3484 4561 3672 4627 αὑτὸν,
3708 4561 3783 4624 ὡς
3814 4563 4018 4631 ἐκείνῳ

2428 4647 2604 4700 ἐδόκει
2634 4649 2843 4702 διέθετο
2873 4652 2938 4703 τὰ
2973 4651 3275 4721 ἀνάκτορα.
3311 4654 3420 4705 Καὶ
3449 4653 3513 4722 δὴ
3541 4653 3650 4705 τῶν
3684 4656 3746 4706 ἐκ
3776 4655 4018 4723 Λαμψά-

2428 4754 2525 4790 κου
2563 4738 2850 4807 πρέσϐεων
2877 4732 3097 4810 βασιλεῖ
3125 4743 3489 4810 προσιόντων,
3546 4743 3620 4813 μὴ
3645 4743 4014 4814 διαφέρεσθαι

2429 4829 2568 4898 πρὸς
2619 4830 2868 4897 Εὐδόξιον
2907 4833 3151 4895 ἐκείνους
3212 4833 3387 4904 ἠξίου.
3423 4834 3511 4898 Ὠς
3541 4836 3596 4888 δὲ
3639 4838 3740 4906 τὴν
3771 4839 3830 4888 ἐν
3863 4842 4023 4889 λω-

2433 4925 2874 4976 σταντινουπόλει
2922 4928 3225 4996 γενομένην
3275 4929 3492 4995 ἀπάτην
3535 4927 3612 4996 τῷ
3642 4929 3902 4996 Εύδοξίῳ,
3935 4930 4022 4982 ἔτι

2428 5010 2484 5064 δὲ
2530 5013 2624 5063 καὶ
2673 5014 2743 5065 τὰ
2792 5015 2932 5066 κατά
2993 5015 3096 5082 τῆς
3155 5018 3212 5067 ἐν
3256 5017 3552 5086 Σελευκείᾳ
3599 5018 3821 5071 συνόδου
3876 5021 4023 5090 ἐπῃ-

2427 5103 2624 5158 τιῶντο
2651 5117 2665 5133 ’
2695 5106 2772 5168 είς
2824 5105 2995 5174 θυμὸν
3024 5109 3052 5159 ὁ
3082 5107 3337 5175 βασιλεὺς
3373 5111 3694 5181 ἐκτραπεὶς,
3741 5115 3869 5172 τοις
3917 5113 4022 5175 μὲν

2431 5197 2692 5265 πρέσϐεις
2729 5197 3033 5267 ὑπερορίαν
3061 5201 3236 5252 οἰκεῖν
3263 5202 3587 5265 κατεδίκαζε
3615 5217 3628 5231 °
3661 5203 3775 5264 τοῖς
3803 5203 3861 5254 δὲ
3889 5205 4024 5270 περί

2431 5292 2683 5357 Εὑδόξιον
2714 5294 2813 5354 τὰς
2852 5293 3148 5360 ἐκκλησίας
3181 5295 3519 5362 προσέταττε
3551 5294 3822 5348 δίδοσθαι.
3845 5296 4023 5355 Αὐτὸς

2430 5383 2486 5435 δὲ
2533 5385 2632 5451 τὴν
2669 5386 2775 5437 τῶν
2812 5385 3001 5455 Σύρων
3031 5386 3448 5455 κατελάμϐανεν
3497 5387 3834 5455 Ἀντιόχειαν
3858 5402 3872 5416 ·
3905 5388 4032 5439 ἐδε-

2431 5475 2534 5528 δίει
2559 5479 2686 5544 γὰρ,
2729 5478 2804 5546 μὴ
2835 5479 2884 5528 οἱ
2943 5477 3153 5547 Πέρσαι
3188 5479 3286 5540 τὰς
3337 5479 3433 5530 ἐπὶ
3468 5475 3734 5530 Ἰοϐιανοῠ
3766 5494 4031 5547 τριακον-

2433 5633 2522 5700 qui
2552 5632 2717 5686 laicus
2748 5650 2888 5694 sum,
2917 5633 3050 5685 talia
3077 5634 3279 5687 curiose
3329 5634 3596 5702 inquirere
3644 5633 3725 5700 fas
3756 5647 3858 5683 non
3890 5641 3970 5702 est
4012 5647 4032 5683 :

2433 5703 2658 5770 episcopi
2691 5719 2835 5768 vero,
2860 5706 3044 5772 quibus
3074 5706 3168 5758 hoc
3210 5713 3285 5756 est
3331 5700 3495 5770 currv,
3533 5720 3635 5772 quo
3669 5703 3851 5756 volunt
3912 5700 4031 5754 loco

2435 5782 2743 5828 conventum
2771 5784 2952 5842 agant.
