4288 6438
261 413 367 473 597

874 529 1124 584 ΚΕΦΑΛ.
1158 532 1233 586 Ε⁸.

259 619 403 693 Περί
436 612 759 693 Ἔλευσιου
789 622 896 677 τοῦ
926 623 1201 688 Κυζῒκου,
1244 624 1341 677 καί
1385 626 1718 693 Εὐνομίου·
1752 627 1837 679 ἔτι

331 688 401 742 δὲ
430 692 529 770 καί
551 694 685 761 περὶ
726 694 988 762 Ἀγελίου
1014 694 1119 748 τοῦ
1143 695 1481 751 ἐπισκόπου
1503 688 1621 749 τῶν
1648 699 1843 751 Ναυα-

331 777 574 815 uarum.

345 871 409 927 Ὀ
432 872 492 926 δὲ
526 873 786 944 βασιλεὺς
818 875 1037 947 Οὐάλης
1072 876 1376 948 τηνικαῦτα
1412 879 1491 949 τῷ
1523 882 1665 934 κατά
1698 882 1841 948 Προ-

258 966 459 1024 κοπίου
494 967 719 1039 πολέμῳ
750 970 1146 1041 ίνευτυχήσας,
1199 974 1344 1026 κατά
1378 973 1479 1039 τῆς
1510 974 1842 1045 Ἐκκλησίας

257 1056 419 1122 αὖθις
452 1060 751 1127 ὡπλίζετο,
798 1065 982 1118 πᾶσαν
1034 1068 1334 1136 θρησκείαν
1384 1068 1588 1139 Ἀρείῳ
1642 1070 1840 1139 ἐπίσης

258 1155 483 1222 φρονεῖν
519 1155 669 1224 μάλα
704 1156 1133 1228 ἐκϐιαζόμενον
1170 1160 1409 1228 μάλιστα
1439 1162 1495 1215 δὲ
1542 1162 1843 1233 ὑπερφυῶς

259 1249 408 1302 κατά
453 1250 566 1303 τῶν
599 1252 661 1305 ιν
719 1252 1011 1324 Λαμψάκῳ
1062 1254 1431 1309 συνελθόντων
1478 1258 1737 1325 ὲπρίετοο
1780 1260 1841 1313 οὐ

261 1345 430 1411 μόνον
462 1344 546 1398 ὅτι
575 1345 703 1406 τοὺς
737 1345 1177 1416 ’Δρειανίζοντας
1206 1347 1317 1401 τῶν
1347 1350 1668 1403 ἐπισκόπων
1693 1351 1846 1405 ἀπώ-

258 1451 451 1501 σαντο,
484 1435 623 1489 ἀλλά
652 1435 747 1490 καὶ
770 1438 871 1507 τὴν
905 1439 964 1490 ὲν
991 1439 1261 1509 Ἀριμίνῳ
1282 1442 1381 1507 τῆς
1414 1445 1654 1506 πίστεως
1686 1444 1842 1498 ἔκθεσ

258 1545 351 1581 σιν
376 1528 764 1600 ἀπεκήρυξαν.
809 1532 921 1585 Καὶ
949 1532 1067 1601 δῆτ’
1099 1534 1163 1585 ἐκ
1193 1534 1433 1598 Νικαίας
1465 1537 1710 1603 ἀπάρας,
1746 1555 1846 1592 κα-

256 1621 607 1690 ταλαμϐάνει
637 1624 738 1692 τὴν
768 1624 1167 1695 Νικομήδειαν.
1198 1627 1443 1681 Ἐκεῖθεν
1499 1630 1554 1683 δὲ
1597 1630 1841 1701 πέμψας,

259 1711 390 1775 ἄγει
414 1711 548 1782 παρ’
581 1713 761 1784 ἑαυτῷ
794 1714 885 1767 τὸν
916 1717 1160 1785 Κυζίκου
1206 1716 1508 1783 Ἐλεύσιον,
1536 1720 1595 1784 ὃς
1628 1724 1694 1791 τῇ
1724 1723 1843 1776 Μα-

255 1802 504 1858 κεδονίου
536 1807 731 1877 γνώμῃ
787 1807 990 1875 μᾶλλον
1018 1809 1375 1878 προσέκειτοο
1437 1812 1534 1865 καὶ
1580 1812 1844 1880 σύλλογον

1215 417 1813 479 ΕΕΟιΕΞΙΑὸΤΙΟΕ
1848 418 2233 481 HlS'l'Ol’tl/E
2269 424 2409 485 LIB.
2460 426 2568 485 Xl.

1874 536 1917 589 Α

3422 424 3526 490 598

2549 536 2778 594 CAPUT
2811 538 2873 591 V.

1952 629 2028 682 De
2061 631 2275 685 Etensio
2327 630 2581 702 Cyziceno
2633 641 2680 684 et
2726 630 3031 695 Eunomia;
3075 629 3197 683 item
3232 636 3296 683 de
3348 628 3527 697 Agelio

2431 702 2477 755 Ν
2485 707 2732 756 ovaliuno
2765 703 3023 771 episcopo.

2021 884 2321 952 Imperator
2363 882 2582 946 Valens,
2612 883 2760 938 bello
2803 891 2996 937 contra
3035 878 3365 948 Procopium
3404 891 3530 945 pro-

1952 992 2112 1048 spere
2143 986 2297 1047 gesto
2329 979 2530 1036 elatus,
2562 976 2833 1033 adversus
2877 973 3167 1029 ecclesiam
3207 985 3399 1026 rursus
3436 985 3528 1022 ar-

1952 1085 2038 1125 ma
2076 1072 2307 1139 paravit,
2339 1072 2448 1125 vim
2497 1069 2856 1140 religionibus
2899 1066 3180 1128 omnibus,
3213 1074 3273 1119 ut
3316 1078 3374 1118 se
3413 1062 3526 1117 Arii

1952 1163 2196 1234 dogmati
2241 1163 2756 1225 accommodarent,
2810 1159 3074 1215 inferens.
3124 1156 3353 1211 Maxime
3396 1169 3530 1209 vero

1952 1263 2144 1310 contra
2210 1270 2305 1309 eos
2367 1253 2459 1323 qui
2525 1252 2811 1321 Lampsaei
2871 1260 3206 1306 conventum
3266 1256 3530 1317 egerant,

1952 1344 2264 1406 frendebat,
2296 1343 2442 1413 quod
2471 1357 2581 1396 non
2608 1342 2773 1395 modo
2802 1341 3018 1396 Arianis
3045 1339 3323 1409 episcopis
3355 1337 3532 1407 digiti-

1955 1451 2122 1494 tatem
2156 1438 2533 1504 abrogassent,
2566 1436 2659 1490 sed
2703 1436 2868 1489 etiam
2912 1433 3039 1487 fidei
3086 1433 3378 1486 formulam
3410 1428 3533 1484 Ari-

1951 1531 2085 1586 mini
2125 1528 2523 1599 promulgatam
2576 1528 2957 1583 damnassent.
3006 1526 3074 1580 Et
3116 1525 3295 1580 Nicma
3350 1522 3534 1591 profe-

1952 1632 2095 1688 ctus,
2123 1621 2497 1676 Nicomediam
2530 1620 2703 1679 venit.
2738 1627 2903 1687 atque
2932 1632 2999 1672 eo
3027 1617 3309 1672 Eleusium
3344 1614 3531 1684 Cyzici

1951 1716 2276 1784 episcOpum
2320 1713 2385 1768 ad
2420 1730 2481 1768 se
2510 1712 2732 1774 accivit,
2772 1711 2865 1781 qui
2902 1710 3205 1763 Macedonii
3241 1710 3533 1762 sententia:

1952 1809 2129 1879 magis
2176 1806 2435 1862 addictus
2489 1815 2630 1859 erat.
2689 1804 3146 1874 Congregatoque
3194 1801 3530 1855 Arianorum

271 1898 730 1967 Ἀρειανιζόντων
748 1901 1065 1955 ἐπισκόπων
1095 1904 1380 1974 ἁθροίσας,
1400 1909 1681 1959 κοινωνεῖν
1702 1907 1847 1960 ὲκεί-
1879 1897 1921 1954 Β
1949 1919 1964 1958 ε

1830 1936 1847 1947 -
1879 1897 1921 1954 Β
1949 1904 2341 1973 episcoporum
2380 1909 2550 1963 coetu,
2595 1908 2656 1953 ut
2694 1914 2822 1971 cum
2858 1898 2965 1952 illis
2996 1895 3243 1950 eamdem
3277 1908 3523 1947 commu-

256 2007 378 2056 νοις
412 1992 509 2060 τῆς
543 1994 787 2058 πίστεως
820 1994 1075 2060 ἐσιάζετο
1100 2013 1115 2030 ο
1141 1999 1169 2049 ὁ
1192 1998 1252 2051 δὲ
1285 1998 1352 2052 τά
1384 2000 1483 2070 μὲν
1512 1999 1706 2069 πρῶτα
1727 2017 1851 2068 γεν-

257 2083 431 2148 ναίως
463 2080 581 2156 εἶχε
627 2089 725 2141 καὶ
767 2088 1032 2157 ἀνδρείως
1079 2090 1359 2144 ἀντέτεινε
1404 2090 1506 2161 τὴν
1556 2092 1849 2146 κοινωνίαν

255 2175 631 2246 ἀπαγορεύων
654 2193 670 2207 ⁸
712 2178 788 2241 ὡς
835 2180 880 2231 δ’
917 2180 1215 2251 ὑπερόριον
1250 2184 1426 2235 ποιεῐν
1482 2182 1578 2235 καὶ
1614 2184 1679 2237 τά
1711 2201 1848 2256 προσ

257 2267 424 2319 adv-:1
473 2271 522 2321 οί
553 2270 913 2341 ἀφαιρεῖσθαι
940 2274 1183 2343 ἠπείλει,
1213 2273 1421 2337 δείσας,
1450 2275 1596 2328 ἑκὼν
1630 2278 1848 2332 ἀέκοντί

251 2379 325 2431 γε
359 2363 520 2433 θυμῷ
558 2366 619 2417 τὸ
651 2367 1003 2435 προσταχθὲν
1053 2368 1135 2431 είς
1180 2369 1355 2437 πέρας
1379 2363 1484 2439 ἦγε
1510 2369 1588 2438 τῷ
1610 2369 1844 2439 βασιλεῖ.

254 2456 373 2509 Καὶ
431 2456 594 2517 εὐθὺς
640 2458 939 2529 μεταμέλῳ
992 2461 1236 2528 εχρῆτο,
1298 2461 1394 2521 καὶ
1443 2461 1541 2515 ἐπὶ
1599 2462 1846 2520 Κυζίκου

253 2542 576 2611 γενόμενος.
605 2546 964 2614 ἐκκλησιάζει
1013 2549 1077 2601 τὸ
1111 2548 1319 2618 πλῆθος
1341 2590 1359 2616 ,
1389 2552 1487 2604 καὶ
1544 2553 1644 2620 τὴν
1671 2554 1851 2621 ἀμαρ-

254 2639 385 2689 τίαν
434 2640 726 2710 εττιιρῤησίᾳ⁵
758 2640 1057 2710 ἐξήγγελλε
1083 2659 1097 2673 ⁸
1156 2643 1473 2712 προσετίθει
1515 2661 1580 2711 γε
1612 2646 1720 2715 μὴν
1754 2646 1849 2699 καὶ

254 2730 453 2799 ἕτερον
478 2733 783 2791 ἐπίσκοπον
816 2735 1176 2789 ἐκκαλεῖσθαι
1200 2753 1214 2766 ’
1244 2737 1427 2808 ἑαυτῷ
1464 2738 1576 2809 γάρ
1612 2740 1688 2810 μὴ
1715 2758 1851 2808 προ-

256 2826 453 2893 σήκειν
493 2824 589 2877 τοῦ
634 2826 825 2879 λοιποῦ
880 2828 1159 2895 ἱερᾶσθαι,
1195 2831 1296 2900 τὴν
1328 2834 1603 2904 σφετέραν
1658 2835 1849 2888 πίστιν

254 2918 668 2987 προδεδωκότα.
704 2920 862 2975 Eii-Io:
907 2922 964 2975 δὲ
995 2922 1062 2976 τά
1096 2923 1335 2993 μάλιστα
1369 2925 1518 2991 αὒτῷ
1544 2925 1699 2990 δντες
1732 2928 1849 2981 Κυ-

253 3009 477 3080 ζικηνοὶ
503 3051 517 3074 .
555 3012 656 3079 τὴν
706 3013 817 3082 γὰρ
860 3014 1073 3067 ἐκείνου
1116 3016 1401 3069 πολιτείαν
1454 3018 1754 3087 κατάκρως
1784 3019 1849 3089 ῂο

253 3104 473 3164 δοῦντο,
506 3104 700 3175 ἕτερον
730 3107 883 3175 ίερέα
932 3108 1030 3177 οὐχ
1082 3108 1313 3172 εἴλοντο,
1344 3107 1471 3162 οὔτε
1510 3111 1618 3181 μὴν
1673 3110 1847 3181 ἑτέρῳ

255 3196 628 3266 παρεχώρουν
681 3197 783 3265 τῆς
819 3196 1195 3266 Ἑκκλησίαςο
1253 3199 1350 3253 ὑπ’
1400 3201 1552 3270 αὐτῷ
1602 3200 1660 3255 δὲ
1707 3197 1848 3268 ἦσαν

254 3289 591 3356 ταττόμενοι
620 3288 719 3358 τῆς
755 3290 967 3350 οἰκείας
999 3290 1159 3359 δόξης
1222 3292 1643 3361 μετατιθέμενοι
1689 3294 1848 3347 οὐδα-

261 3379 404 3449 μῶς.
447 3379 535 3443 Ὠς
562 3380 619 3432 δὲ
649 3381 807 3433 ταῦτ’
838 3382 1087 3446 Εὑδόξιος
1112 3383 1275 3451 ἔγνω,
1301 3385 1401 3453 τῆς
1441 3385 1734 3455 Ἀρειανῆς
1765 3386 1849 3438 ai—

257 3473 471 3539 ρέσεως
493 3475 552 3524 ὲν
583 3474 1155 3528 Κωνσταντινουπόλει
1192 3478 1574 3545 προεστηκὼς,
1605 3496 1847 3547 χειροτο-

252 3566 340 3616 νεί
392 3564 582 3627 αὐτοῖς
634 3563 728 3618 τὸν
782 3564 1094 3636 Εὐνόμιον·
1133 3566 1275 3637 ᾤετο
1329 3572 1439 3637 γὰρ
1482 3569 1657 3622 sum
1715 3571 1846 3623 ὄντα

253 3658 471 3724 λέγειν,
506 3656 705 3711 θᾶττον
737 3660 1100 3729 μεταπείσειν
1138 3661 1508 3729 Κυζικηνοὺς,
1543 3665 1845 3717 πειθοῖτινι

250 3750 517 3822 δαιμονίᾳ
567 3751 705 3819 πρὸς
739 3752 840 3821 τὴν
875 3756 1152 3823 σφετέραν
1203 3754 1612 3820 ίφελκύσασθαι
1666 3757 1846 3822 δόξλν.

267 3845 428 3896 Ἐπεὶ
458 3844 515 3898 δὲ
546 3844 626 3906 είς
660 3844 903 3908 Κύζικον
949 3839 1088 3915 ἧκεν
1123 3845 1417 3913 Εὑνόμιος,
1456 3849 1846 3918 προστάγματι

257 3935 534 4003 βασιλέως
565 3935 675 3988 τῶν
713 3936 814 4005 μὲν
847 3936 1154 4004 ἐκκλησιῶν
1179 3939 1475 4009 ἐκράτησε,
1518 3941 1609 3993 τοῦ
1654 3942 1846 3995 Ἐλευ-

258 4031 384 4082 οίου
432 4028 825 4093 ἕξελαθὲντος·
888 4031 935 4083 οί
989 4030 1036 4084 δ’
1089 4031 1284 4101 ἐκείνῳ
1341 4034 1681 4103 πειθόμενοι,
1744 4036 1848 4103 ἔξω

253 4124 463 4192 τειχῶν
493 4123 805 4190 γενόμενοι.
841 4124 950 4191 πρὸ
978 4124 1079 4190 τῆς
1115 4123 1325 4187 πόλεως
1359 4126 1460 4187 τὰς
1517 4128 1847 4194 συναγωγὰς

252 4216 578 4283 ποιούμενοι
627 4215 1013 4284 ἐκκλησίαζον.
1047 4215 1212 4269 Ἀλλά
1270 4218 1398 4287 περὶ
1445 4218 1543 4285 μὲν
1579 4218 1848 4290 Εὑνομίου

253 4312 354 4362 καὶ
383 4310 487 4378 τῆς
518 4307 818 4376 ἐπωνύμου
864 4309 1044 4378 τούτῳ
1074 4310 1342 4378 αἱρέσεως
1380 4313 1579 4379 μικρόν
1620 4313 1850 4382 ὕστερον

249 4404 401 4455 κατά
431 4402 621 4473 χώραν
654 4400 767 4469 ἐρῶ
788 4414 801 4428 ·
836 4401 898 4453 οὐ
959 4402 1121 4471 μόνον
1144 4402 1199 4454 δὲ
1253 4402 1673 4465 Μακεδονιανοὶ,
1711 4406 1849 4459 ἀλλά

249 4497 350 4548 καὶ
380 4495 428 4545 οί
466 4494 528 4545 τὸ
576 4493 758 4560 δόγμα
787 4492 897 4545 τῶν
930 4494 986 4544 εν
1010 4493 1219 4562 Νικαίᾳ
1272 4494 1647 4548 συνελθόντων
1679 4514 1851 4564 πρεσ-

1953 2010 2189 2064 nemque
2240 1994 2403 2048 ﬁdem
2444 1992 2929 2062 complecteretur,
2983 1988 3299 2057 imperavit.
3361 1984 3533 2038 Porro

1951 2087 2210 2147 Eleusius
2266 2086 2507 2155 primum
2564 2098 2833 2154 generose
2900 2089 2956 2137 et
3019 2081 3237 2135 fortiter
3308 2078 3530 2132 illorum

1951 2178 2403 2233 communionem
2465 2184 2792 2243 aspernatus
2854 2174 3057 2228 restitit
3112 2193 3125 2227 :
3182 2170 3277 2227 ubi
3346 2178 3531 2224 autent

1953 2270 2255 2339 imperator
2286 2267 2542 2323 exsilium
2576 2268 2627 2320 ei
2664 2268 3051 2332 bonorumque
3106 2262 3531 2332 publicationem

1953 2365 2192 2415 minatus
2231 2370 2336 2424 est,
2374 2372 2522 2425 metu
2572 2358 2882 2427 perculsus,
2926 2358 3108 2411 libens
3155 2356 3401 2424 quidem.
3437 2353 3530 2408 sed

1952 2471 2059 2509 non
2114 2455 2307 2509 libenti
2365 2454 2570 2517 animo,
2613 2451 2758 2520 quod
2808 2451 3113 2519 imperator
3150 2450 3337 2519 jussit,
3379 2448 3529 2500 fecit.

1920 2534 1921 2537 ¹
1952 2547 2156 2603 Verum
2186 2546 2478 2603 confestim
2514 2545 2841 2615 pmnitentia
2873 2544 3095 2604 ductus,
3123 2558 3247 2594 cum
3272 2539 3531 2612 Cyzicum

1950 2642 2216 2705 venisset,
2251 2638 2398 2710 apud
2435 2638 2850 2694 mallitudinem
2894 2637 2947 2689 in
2990 2643 3266 2689 conventu
3308 2631 3532 2701 publico

1953 2741 2240 2801 peccatum
2274 2744 2432 2784 suum
2472 2729 2749 2799 propalant
2788 2739 2874 2783 est
2904 2727 3188 2781 confessus
3226 2743 3239 2778 :
3274 2723 3407 2778 illud
3446 2724 3531 2777 in-

1951 2839 2119 2893 super
2155 2822 2365 2877 addens
2398 2823 2494 2891 (l),
2534 2832 2593 2875 ut
2633 2822 2801 2875 alium
2850 2819 2952 2874 sibi
3000 2834 3284 2874 sacrorum
3327 2818 3535 2888 delige-

1951 2928 2075 2971 rent
2121 2918 2461 2982 antistitem;
2503 2916 2605 2970 sibi
2650 2916 2798 2970 enim
2844 2915 3107 2984 deinceps
3153 2914 3536 2983 episcopatum

1951 3027 2160 3082 gerere,
2199 3011 2345 3079 quod
2400 3011 2560 3063 tidem
2612 3024 2767 3063 suam
2820 3007 3145 3079 prodiderit,
3185 3010 3367 3060 minus
3405 3021 3535 3060 cnn-

1950 3106 2165 3157 venire.
2209 3104 2374 3173 118
2418 3102 2671 3173 Cyziceni
2710 3110 2917 3162 autem,
2954 3102 3099 3169 quod
3148 3114 3363 3155 summa
3406 3114 3532 3151 cum

1873 3233 1918 3295 Ο
1953 3200 2464 3267 complecterentur
2518 3195 2941 3259 benevolentia,
2999 3204 3058 3249 et
3110 3194 3534 3249 conversatione

1950 3292 2072 3362 ejus
2122 3290 2500 3360 maximopere
2538 3290 2975 3355 delectarentur,
3002 3288 3327 3359 episcOpum
3364 3287 3531 3340 alium

1952 3399 2060 3437 non
2104 3393 2452 3452 receperunt,
2488 3398 2671 3452 neque
2712 3382 2804 3435 alii
2841 3381 3143 3435 Ecclesium
3184 3379 3479 3449 regendam
3517 3395 3529 3431 :

1951 3478 2046 3533 sed
2104 3478 2208 3547 ipsi
2263 3472 2488 3532 Eleusio
2549 3476 2797 3540 subditi,
2864 3475 3194 3530 sententiam
3258 3474 3531 3542 permise-

1952 3579 2083 3624 runt
2116 3585 2273 3625 suam
2326 3569 2556 3624 minime
2610 3579 2848 3623 mutare.
2892 3567 3050 3633 Quod
3092 3568 3185 3621 uhi
3244 3567 3535 3621 Eudoxius

1948 3662 2165 3717 Arianae
2200 3672 2364 3716 sectae
2394 3661 2875 3730 Constantinopoli
2922 3660 3215 3729 pra-fectus
3250 3659 3531 3729 cognovit,

1949 3755 2275 3823 episcopum
2311 3754 2418 3808 illis
2437 3753 2720 3808 ordinavit
2749 3751 3106 3806 Eunomium.
3138 3752 3355 3805 l’ntavit
3382 3759 3533 3803 nam-

1950 3861 2060 3915 que
2093 3846 2232 3908 fore,
2271 3854 2332 3899 ut
2378 3847 2424 3899 is
2467 3845 2787 3913 eloquentia
2836 3859 2938 3898 sua
2984 3844 3136 3898 brevi
3174 3859 3270 3912 per
3321 3844 3534 3899 felicem

1950 3938 2248 4008 quamdam
2297 3937 2666 4006 persuadendi
2722 3938 2830 3990 vim
2879 3936 3182 4007 Cyzicenos
3221 3935 3535 4001 ,demulsos

1951 4033 2019 4085 ad
2078 4032 2398 4101 opinionem
2462 4046 2616 4084 suam
2680 4031 3049 4100 pertraheret.
3116 4030 3182 4083 Et
3242 4038 3532 4109 postquam

1953 4123 2263 4177 Eunomius
2286 4121 2544 4192 Cyzicum
2575 4124 2750 4185 venit,
2792 4122 3055 4175 ecclesias
3083 4121 3335 4189 quidem,
3370 4122 3533 4175 Eleu-

1952 4218 2035 4271 sio
2086 4216 2440 4283 imperatoris
2481 4215 2640 4283 jussu
2694 4214 2967 4284 expulso,
3034 4229 3238 4269 vacuas
3284 4216 3533 4284 recepit,

1952 4309 2110 4379 plebs
2129 4318 2340 4371 autem,
2375 4306 2595 4361 Eleusio
2623 4308 2956 4375 obsequens,
2986 4315 3142 4361 extra
3177 4306 3370 4361 urbem
3402 4322 3537 4362 con-

1952 4412 2154 4457 ventus
2189 4401 2410 4470 agebat.
2462 4399 2570 4454 Sed
2620 4399 2689 4453 de
2749 4399 3029 4453 Eunomio
3074 4408 3133 4453 et
3174 4400 3296 4468 ejus
3336 4401 3532 4457 haeresi

1952 4510 2054 4550 suo
2081 4495 2204 4549 loco
2236 4494 2400 4563 paulo
2444 4502 2570 4561 post
2612 4491 2817 4547 dicam.
2848 4492 3055 4546 Verum
3084 4494 3376 4547 enimvero
3414 4510 3524 4547 non

250 4586 515 4650 ίεῦοντες
545 4586 657 4638 τῶν
688 4586 825 4639 ίσων
866 4586 1057 4638 κακῶν
1087 4587 1232 4640 κατά
1266 4588 1367 4656 τὴν
1398 4589 1847 4643 Κωνσταντινού-
1870 4580 1925 4640 D

1838 4580 2116 4642 -Dmodo
2173 4586 2580 4650 Macedoniani,
2622 4588 2718 4640 sed
2777 4586 2943 4640 etiam
3000 4586 3285 4641 Nieaennm
3334 4586 3531 4654 dogma

247 4683 417 4735 πολιν
447 4679 771 4749 ἔπειρῶντο.
802 4680 1033 4748 Ἐπίσης
1060 4680 1117 4733 δὲ
1146 4682 1331 4745 αὐτοῖς
1360 4684 1456 4735 καί
1482 4684 1532 4735 ot
1557 4682 1627 4735 τὰ
1661 4682 1848 4736 Ναυά-

245 4794 348 4827 τ”ιυ
383 4773 737 4845 φρονοῦντες,
770 4774 869 4827 an
900 4774 965 4844 δὴ
1006 4774 1105 4829 καὶ
1149 4769 1297 4829 οὗτοι
1328 4777 1395 4845 τῇ
1428 4775 1524 4829 τοῦ
1549 4778 1843 4846 ὀμοουσίου

243 4870 378 4937 δόξῃ
417 4869 819 4936 προσκείμενοι
842 4883 855 4899 ⁸
893 4861 969 4922 ὧν
998 4868 1065 4939 δὴ
1096 4871 1192 4922 καί
1213 4868 1313 4932 τὰς
1343 4870 1648 4940 ἐκκλησίας
1670 4876 1841 4940 ἀφαι-

250 4960 469 5029 ρεῖσθαι
494 4960 716 5013 ἐκέλευε
745 4960 1030 5030 βασιλεύςο
1058 4961 1188 5023 τοὺς
1211 4962 1269 5014 δὲ
1295 4962 1490 5024 ἄλλους
1519 4964 1841 5017 ἀποκλείειν

243 5054 351 5107 οὐκ
388 5049 571 5122 εἶχεν·
605 5053 708 5123 ήδη
741 5053 851 5123 γάρ
873 5055 938 5106 ὲκ
970 5053 1175 5106 πολλοῦ
1212 5055 1403 5119 ἀφεῖλε
1434 5055 1841 5120 Κωνστάντιος.

246 5147 360 5200 Τὸν
407 5146 452 5199 δ’
507 5145 815 5199 ἐπίσκοπον
868 5132 1095 5199 ἐκείνων
1142 5145 1411 5214 ’Λγίλιον,
1474 5147 1534 5211 ὃς
1586 5149 1697 5202 ἀπὸ
1732 5150 1845 5204 τῶν

245 5238 675 5292 Κωνσταντίνου
709 5237 921 5306 χρόνων
944 5239 1042 5308 τῆς
1071 5238 1184 5291 τῶν
1218 5238 1582 5292 Ναυατιανῶν
1613 5239 1847 5312 Ἐκκλη-

246 5330 379 5393 σίας
438 5329 651 5399 ἠγεῖτο.
687 5331 785 5381 καὶ
844 5329 1138 5401 ὑπερόριον
1193 5329 1475 5383 ἱποιεῖτοθ
1525 5330 1750 5395 ἐλέγετο
1786 5332 1844 5384 δὲ

244 5416 430 5483 οὗτος,
462 5421 540 5484 ὡς
574 5422 857 5487 Σωκράτει
888 5421 1061 5486 δοκεῖ,
1096 5421 1421 5491 θαυμασίοις
1466 5423 1641 5493 βιοῦν.
1676 5425 1751 5477 Τό
1783 5440 1841 5477 τε

246 5519 365 5585 γὰρ
396 5517 456 5569 ὲν
499 5516 797 5587 φιλοσοφίᾳ
823 5518 1086 5587 μέγιστον
1111 5516 1399 5587 ἐκέκτητο,
1427 5519 1671 5587 κτήσεως
1694 5518 1841 5571 ἀπά-

1954 4678 2382 4750 comprobantes
2432 4678 2915 4748 ConstantinOpoli
2956 4678 3165 4733 eisdem
3217 4678 3535 4734 adicieban-

1954 4784 2045 4828 tur
2076 4773 2236 4828 malis
2268 4791 2281 4828 :
2318 4787 2499 4840 neque
2537 4787 2605 4827 eo
2644 4772 2830 4826 minus
2876 4773 3040 4828 etiam
3082 4773 3402 4835 Novatiani,
3433 4775 3529 4843 qui

1951 4878 2009 4923 et
2047 4867 2155 4937 ipsi
2203 4866 2697 4922 consubstantialis
2738 4866 3146 4936 professionem
3193 4869 3532 4935 complecte-

1951 4962 2191 5027 bantdr;
2244 4968 2586 5030 quapropter
2638 4960 2720 5015 eis
2768 4976 2994 5030 quoque
3044 4960 3312 5015 ecclesias
3360 4960 3530 5013 adimi

1953 5056 2257 5126 imperator
2316 5064 2678 5123 praeceperat.
2734 5053 2887 5108 Alios
2937 5063 3401 5123 pra‘terea,‘quos
3432 5069 3530 5107 ex-

1953 5145 2223 5209 cluderet,
2265 5159 2375 5199 non
2425 5144 2694 5207 habebat;
2738 5156 2899 5198 antea
2943 5145 3093 5197 enim
3130 5144 3341 5199 dudum
3386 5145 3533 5201 Con-

1953 5238 2192 5294 stantius
2250 5237 2529 5293 bzereticis
2592 5237 2824 5307 reliquis
2885 5239 3154 5293 ecclesias
3224 5240 3529 5309 eripuerat.

1953 5333 2202 5403 Agelium
2265 5347 2487 5402 quoque
2551 5334 2904 5403 episcopum,
2959 5335 3052 5403 qui
3102 5350 3131 5389 a
3178 5334 3527 5390 Constantini

1953 5426 2320 5497 temporibus,
2364 5426 2431 5480 ad
2476 5440 2607 5481 eum
2661 5442 2835 5497 usque
2884 5429 3053 5491 diem,
3092 5429 3527 5484 Novatianorurn

1948 5518 2202 5574 ecclesiis
2259 5529 2530 5589 praeerat,
2578 5521 2631 5574 in
2685 5523 2939 5575 exsilium
2991 5523 3187 5578 Valens
3237 5524 3369 5591 egit.
3425 5523 3528 5589 Qui

247 5626 354 5683 σοῖς
380 5612 477 5665 καί
505 5612 814 5682 χρημάτων
839 5611 1122 5682 ἐλεύθερος
1155 5610 1233 5665 ὧν
1254 5627 1266 5641 ·
1299 5613 1395 5665 καὶ
1424 5614 1458 5681 ἡ
1507 5612 1703 5683 ἀγωγὴ
1747 5614 1841 5666 τὸν

1834 5630 1841 5661 l
1950 5628 2115 5674 sane,
2169 5613 2634 5681 quemadmodum
2689 5614 2898 5669 Socrati
2953 5618 3197 5679 videtur,
3249 5616 3527 5670 admiran-

244 5705 496 5774 ἐργάτην
546 5704 797 5758 ἐδείκνυο
834 5706 916 5758 ἑνὶ
963 5706 1074 5775 γὰρ
1136 5705 1450 5777 χιτωνίσκῳ
1500 5707 1841 5775 σκεπόμενος

1833 5723 1841 5767 ς
1949 5706 2073 5759 dam
2118 5705 2232 5774 egit
2276 5706 2467 5761 vitam.
2502 5707 2638 5761 Nam
2680 5708 2733 5762 in
2770 5724 2857 5773 eo,
2891 5710 3038 5779 quod
3082 5711 3136 5763 in
3179 5708 3526 5779 philosophia

321 5892 398 5959 (Ι)
436 5891 502 5947 lit
530 5889 697 5947 simul
727 5891 795 5946 dc
827 5892 876 5946 vi
920 5892 1028 5950 sibi
1059 5893 1209 5949 illata
1243 5902 1603 5963 conquestus.
1633 5891 1789 5948 Socr.
1836 5892 1933 5949 lib.
1977 5908 2052 5959 tv,
2087 5906 2209 5964 cap.
2246 5894 2295 5950 θ.
