4288 6438
781 361 885 425 599

776 485 830 523 m

775 574 882 625 quc
913 563 1215 631 quidquam
1259 579 1507 639 pecunite
1542 582 1754 640 habuit.
1791 589 1855 642 Et
1895 592 2015 648 vita:
2047 596 2167 666 ejus
2198 563 2352 654 insti-

776 662 954 708 tutum
1016 659 1067 710 id
1124 667 1358 722 maxime
1414 671 1734 733 declaravit.
1795 681 1962 739 Unica
2013 693 2158 743 enim
2201 704 2350 747 veste

771 760 1068 804 conuentus
1101 754 1236 820 fuit,
1296 771 1350 812 et
1392 769 1726 838 evangelieis
1777 775 2018 834 decretis
2064 783 2348 853 insistens,

771 839 1162 898 calceamentis
1209 866 1339 904 usus
1391 871 1499 910 non
1541 871 1644 915 est.
1691 863 1961 923 Caeterum
2019 890 2126 927 non
2177 879 2351 933 multo

772 941 922 996 post,
957 935 1026 988 ab
1063 940 1255 993 exsilio
1293 959 1608 1017 revocatus,
1644 958 1913 1014 ecclesias
1952 979 2080 1019 suas
2117 971 2350 1036 recepit,

769 1032 823 1073 et
875 1025 1048 1082 libere
1104 1032 1154 1083 in
1204 1036 1285 1088 eis
1335 1054 1643 1099 conventus
1687 1051 1817 1117 egit.
1862 1054 2015 1115 Quod
2063 1070 2121 1110 ut
2169 1025 2345 1124 fieret,

769 1113 1082 1174 Marcianus
1112 1126 1333 1193 quidam
1368 1132 1569 1194 elIecit,
1605 1139 1687 1190 vir
1719 1142 1824 1193 vita
1859 1146 2019 1198 simul
2053 1159 2107 1201 et
2135 1151 2349 1205 doctri-

769 1223 838 1259 na
877 1211 1172 1268 admodum
1207 1233 1508 1288 spectatus,
1564 1231 1658 1296 qui
1694 1233 1901 1287 dudum
1935 1239 2154 1303 quidem
2188 1259 2348 1298 suum

771 1303 821 1353 in
879 1304 1231 1372 imperatoria
1276 1317 1399 1368 aula
1461 1321 1784 1380 obtinuerat
1828 1329 2049 1396 locum,
2097 1343 2209 1387 tum
2255 1354 2352 1391 au-

769 1411 876 1450 tem
929 1407 1072 1469 apud
1126 1407 1456 1466 Novalianos
1496 1416 1547 1469 in
1595 1422 2043 1490 presbyterorum
2092 1428 2346 1483 ordinem

767 1505 1082 1561 cooptatus,
1127 1501 1478 1570 imperatoris
1525 1511 1662 1565 tilias
1703 1513 2050 1571 Auastasiam
2087 1529 2142 1573 et
2178 1522 2349 1576 Caro-

765 1598 880 1638 sam
923 1593 1294 1653 grammaticae
1342 1610 1614 1670 praecepta
1664 1604 1922 1669 docebat,
1971 1611 2074 1665 sub
2109 1630 2344 1682 quarum

767 1679 992 1733 nomine
1053 1685 1270 1749 publica
1333 1689 1549 1747 lavacra
1611 1695 2088 1772 Constantinopoli
2147 1707 2348 1762 Valens

766 1776 1095 1828 construxit.
1154 1779 1314 1850 119
1365 1782 1496 1852 Ejus
1550 1789 1646 1841 viri
1696 1796 1868 1859 gratia
1915 1796 2344 1854 Novatianorum

2016 392 2094 454 Nl
2105 395 2438 459 CEPHORI
2480 399 2824 465 CALLISTI

835 488 1072 589 axmlllllll
1105 488 1209 544 est,
1244 483 1344 538 fuit
1376 505 1388 541 :
1423 497 1801 557 possessiones
1834 503 1981 557 enim
2030 508 2209 563 nullas
2261 525 2359 564 ne-
2389 517 2434 574 Α
2466 513 2528 567 διε

2352 541 2359 552 -
2389 517 2434 574 Α
2466 513 2697 568 διετέλει
2723 557 2738 580 ,
2771 520 2881 579 τοῖς
2914 519 3062 589 ὅροις
3116 518 3212 572 τοῦ
3243 518 3580 585 Εὐαγγελέου
3641 516 3890 584 στοιχῶν,
3945 520 4045 569 καὶ

3941 403 4049 464 600

2460 605 2830 676 ὑποδημάτων
2860 609 2982 678 δίχα
3001 610 3178 664 διόλου
3207 611 3474 674 ἐϐάδιζεν.
3508 610 3583 663 Οὐ
3606 607 3791 676 πο).λῷ
3811 608 3866 660 δὲ
3890 606 4045 660 ὓστε-

2465 713 2556 766 ρον
2594 701 2984 770 μετακληθεὶς,
3005 703 3106 762 τὰς
3131 701 3222 755 ὑπ’
3254 704 3417 756 αὑτὸν
3457 702 3760 771 ἐκκλησίας
3780 701 4042 768 κατέσχε,

2461 793 2554 842 καὶ
2609 793 2780 855 ἀδεῶς
2814 795 3170 863 ἐκκλησίαζε.
3215 797 3483 865 Πρόξενος
3528 795 3582 847 δὲ
3635 794 3844 846 τούτων
3888 789 4043 858 αύτῷ

2434 870 2777 951 ’Μαρκιανὸς
2816 903 2868 936 τι
2907 888 3149 952 ἐγένετο,
3204 890 3345 957 ἀνὴρ
3388 886 3485 956 βίῳ
3513 888 3608 938 καὶ
3650 884 3798 954 λόγῳ
3825 883 4044 949 θαυμα-

2459 974 2586 1036 σίως
2615 977 2794 1038 συζῶν
2817 995 2830 1008 ο
2870 979 2928 1039 ὃς
2959 980 3126 1032 πάλαι
3152 981 3251 1049 μὲν
3295 982 3351 1031 ὲν
3381 983 3492 1042 τοῖς
3520 980 3845 1045 ἀνακτόροις
3872 993 4041 1043 στρα-

2454 1068 2606 1130 τείας
2639 1069 2940 1137 ἐπείληπτο
2964 1089 2976 1102 ·
3014 1074 3132 1125 τότε
3184 1073 3230 1124 δ’
3262 1074 3513 1142 ἱερᾶσθαι
3549 1072 3731 1140 λαχὼν
3758 1069 4038 1123 Ναυατια-

2454 1159 2584 1221 νοῖς,
2650 1161 2750 1220 τὰς
2813 1159 3081 1227 βασιλέως
3137 1161 3472 1234 Φηγατέρας,
3519 1161 3886 1214 Ἀναστασξαν
3939 1161 4037 1211 καὶ

2453 1249 2750 1319 Καρῶςαν,
2788 1252 2979 1320 λόγους
3041 1255 3468 1323 γραμματικοὺς
3525 1254 3911 1316 ὲξεπαὶδευενο
3959 1247 4034 1304 ὧν

2455 1340 2548 1392 καὶ
2611 1344 2680 1394 τὰ
2737 1343 2975 1412 δημοσία
3027 1349 3228 1415 λουτρὰ
3281 1349 3343 1415 τῇ
3408 1347 3822 1399 Κ‹.)νσταντίνου
3867 1361 4036 1396 κατα-

2457 1437 2827 1500 σκευασθέντα
2890 1426 3106 1506 Οὖάλης
3159 1440 3358 1493 ἐποίει.
3415 1439 3563 1491 Δίδοῖ
3596 1439 3777 1491 τοίνυν
3809 1437 4036 1506 τάνδρὸς

2458 1528 2595 1594 πρὸς
2631 1529 2811 1596 ὀλίγον
2848 1532 2903 1582 αἱ
2950 1533 3058 1582 τῶν
3118 1530 3479 1586 Ναυατιανῶν
3537 1532 3830 1601 ἐκκλησίαι
3881 1537 4034 1582 κλει-

2457 1622 2669 1674 σθεῖσαι
2727 1621 2883 1686 αὖθις
2950 1627 3234 1695 ὴνοίγοντο
3261 1643 3276 1658 ⁶
3313 1627 3374 1680 οὗ
3415 1629 3598 1695 μέντοι
3647 1627 3739 1678 καὶ
3767 1623 3912 1677 οὕτω
3938 1628 4038 1692 τῆε

2455 1716 2516 1766 ὲκ
2547 1717 2656 1767 τῶν
2689 1719 2995 1787 Ἀρειανῶν
3024 1719 3274 1792 ταραχῆς
3308 1720 3656 1773 παντάπασιν
3700 1713 3841 1790 ἦσαν
3886 1716 4040 1768 ἐλεύ-

2463 1803 2614 1875 Θεροι
2642 1823 2654 1836 ·
2699 1810 2786 1861 διὰ
2821 1810 3010 1878 μίσους
3041 1812 3150 1880 γὰρ
3179 1807 3322 1881 ἦσαν
3357 1813 3562 1874 αὐτοῖς,
3597 1811 3790 1879 ὅτιπερ
3815 1809 3943 1869 τοὺς
3977 1810 4040 1858 τὸ

764 1864 1033 1932 θροιοείυι,
1089 1871 1154 1922 ad
1211 1874 1379 1928 breve
1435 1886 1650 1947 tempus
1699 1884 1918 1950 clausae,
1958 1905 2173 1943 rursum
2223 1904 2352 1947 sunt
2386 1886 2457 1945 Βι

2345 1911 2352 1947 ‘.
2386 1886 2424 1939 Β
2453 1899 2630 1968 δόγμκ
2663 1901 2758 1963 τῆς
2787 1903 2844 1954 ὲν
2879 1904 3084 1976 Νικαῐα
3117 1907 3356 1967 πίστεως
3389 1904 3877 1974 ὑπερασπίζοντας
3900 1901 4038 1968 ἠγᾱο

764 1969 989 2024 apertae.
1031 1963 1134 2014 Sed
1171 1980 1236 2016 ne
1266 1982 1332 2019 eo
1371 1971 1591 2037 quidem
1632 1989 1789 2042 pacto
1824 1995 2051 2046 prorsus
2086 1984 2152 2036 ab
2189 1987 2345 2038 Aria-

764 2064 962 2102 norum
1019 2055 1194 2110 turbis
1254 2058 1408 2114 fuere
1467 2062 1738 2122 imnnmes
1793 2074 1946 2139 :qui
2004 2073 2084 2128 eis
2142 2076 2344 2131 infensi

764 2158 1054 2218 propterea
1086 2164 1263 2214 erant,

763 2247 1118 2315 opinionibus
1155 2251 1452 2317 plurimum
1484 2254 1552 2306 ab
1582 2255 1688 2309 illis
1718 2256 2072 2316 dissidentes.

1374 2374 1595 2434 CAPUT
1648 2381 1732 2434 Vl.

763 2462 1304 2541 DeuiIAat-edoniunis,
1353 2479 1400 2521 et
1447 2472 1550 2524 τοῦ
1593 2477 1943 2541 ὁμοουσιόυ,
1997 2483 2346 2536 consubstan-

833 2536 1001 2618 tiqlis,
1058 2538 1368 2604 cultoribus,
1409 2553 1454 2595 et
1496 2544 1558 2596 de
1598 2536 1859 2613 legatione
1890 2536 2096 2616 piorum
2120 2551 2343 2608 Romam

833 2622 993 2659 ηηδδιι
1006 2646 1017 2659 .

832 2699 1082 2753 Eudoxio
1127 2711 1182 2755 et
1229 2704 1595 2772 popularibus
1635 2711 1756 2777 ejus
1788 2712 2057 2767 adversus
2091 2729 2188 2768 eos
2242 2718 2338 2786 qui

762 2794 978 2846 sincere
1030 2793 1306 2850 Nicaenam
1352 2798 1607 2854 colebant
1667 2802 1831 2856 fidem
1888 2818 2120 2864 conatus
2171 2813 2343 2877 probe

761 2886 1064 2941 succedere
1100 2889 1199 2942 visi
1245 2900 1393 2944 sunt.
1441 2892 1574 2946 Nam
1618 2895 1676 2949 in
1708 2897 1942 2951 maxima
1981 2901 2210 2956 ditionis
2242 2904 2344 2958 Va—

761 2980 927 3033 lentis
959 2991 1129 3049 parte.
1164 2993 1221 3036 et
1262 2986 1611 3052 potissimum
1653 2988 1707 3042 in
1747 2989 2128 3061 Hellesponto,
2170 2995 2345 3049 Thra-

761 3073 883 3131 cia,
930 3072 1179 3144 Bithynia
1220 3084 1388 3145 atque
1444 3080 1566 3132 aliis
1621 3080 1677 3134 in
1735 3083 1976 3138 circuitu
2035 3087 2233 3143 vicinis
2288 3101 2345 3144 et

2457 2009 2573 2043 πων
2607 1996 2814 2063 σφόδρα
2839 1999 2934 2049 καὶ
2967 1997 3251 2068 ἔστεργον,
3281 1997 3483 2067 καίπερ
3512 1996 3633 2050 κατ’
3681 1995 3848 2063 ἄλλην
3878 1993 4039 2058 δόξαν

2456 2085 2687 2138 πλεῖστα
2716 2089 3124 2160 διαφερόμενοι.

1339 2157 1484 2224 quod
1534 2159 1768 2217 Niczente
1816 2167 1938 2219 fidei
1979 2166 2249 2236 dogmatis
2322 2173 2639 2235 defensores
2691 2181 2846 2236 valde
2933 2157 3187 2240 amarent
3219 2197 3275 2241 et
3314 2187 3845 2256 complethrentur,
3914 2180 4038 2236 aliis

3054 2395 3304 2449 ΚΕΦΑΛ.
3364 2393 3456 2460 ς’.

2450 2490 2588 2555 Περὶ
2617 2488 2735 2541 τῶν
2759 2485 3224 2541 Μακεδονίαν-ὦν
3255 2486 3352 2539 καὶ
3381 2484 3500 2555 τῶιξ
3546 2479 4036 2555 φρονούντωντὸ

2521 2552 2846 2626 δμοούσιον
2868 2576 2882 2589 ·
2911 2558 3008 2611 καὶ
3044 2559 3175 2624 περὶ
3199 2555 3308 2622 τῆς
3334 2559 3421 2621 εὶς
3457 2554 3690 2624 Ῥώμην
3713 2552 4037 2620 πρεσϐείας

2522 2629 2638 2683 τῶν
2666 2628 2952 2681 εὐσεϐῶν.

2516 2724 2625 2774 Καὶ
2651 2722 2788 2787 πρὸς
2823 2721 2920 2791 μὲν
2956 2722 3086 2782 τοὺς
3119 2719 3443 2790 ἀκραιφνῶς
3479 2720 3578 2784 τὴν
3607 2720 3665 2770 ἐν
3701 2712 3914 2786 Natat;
3950 2715 4040 2767 σέ-

2452 2817 2647 2877 ϐοντας
2667 2816 2852 2867 πίστιν
2879 2815 3030 2884 παρὰ
3055 2818 3166 2876 τοῖς
3201 2817 3326 2883 περὶ
3350 2814 3598 2877 Εὑδόξιον
3627 2808 4036 2880 κατορθοῦσθαι

2452 2910 2630 2962 ἐδόκει
2683 2911 2743 2960 τὸ
2802 2906 3277 2975 σπουδαζόμενον·
3315 2906 3393 2975 τῷ
3424 2909 3534 2975 γὰρ
3585 2906 3827 2971 πλείστῳ
3869 2903 4032 2970 μέρει

2451 3006 2549 3071 τῆς
2582 3003 2941 3070 ἐπικρατείας
2965 3000 3288 3062 Οὐάλεντος,
3323 3001 3415 3052 καὶ
3459 2999 3693 3068 μάλιστα
3726 2998 3832 3050 ἀνά
3853 3012 3912 3047 τε
3941 2995 4036 3046 τὸν

2463 3095 2864 3164 Ἑλλήσποντον
2893 3099 2990 3149 καὶ
3023 3094 3248 3163 Θρᾴκην
3278 3094 3371 3144 καὶ
3409 3092 3688 3154 Βιθυνίαν,
3719 3090 3814 3142 καὶ
3841 3089 3926 3140 ἔτι
3967 3087 4036 3140 τὰ

765 3163 1121 3219 ulterioribus
1162 3168 1328 3220 etiam
1374 3171 1557 3231 terris,
1589 3186 1769 3239 neque
1812 3173 2070 3230 ecclesiis
2111 3179 2221 3246 jam
2265 3178 2344 3234 illi
2375 3189 2418 3250 (ζ
2452 3201 2458 3236 :

2342 3226 2344 3233 .
2375 3189 2418 3250 (ζ
2452 3186 2639 3254 κύκλῳ
2673 3183 2881 3236 τούτων
2920 3182 3016 3236 καὶ
3041 3183 3399 3251 προσωτέρω,
3426 3180 3550 3234 οὔτε
3583 3179 3898 3249 ἐκκλησιῶν
3933 3174 4035 3248 ἦρ-

762 3258 1060 3322 praefuere,
1097 3275 1276 3328 neque
1306 3262 1600 3330 episcopos
1631 3278 1762 3317 suos
1797 3265 2058 3322 habuere.
2095 3269 2344 3324 Maccdo-

763 3353 942 3403 nianis
986 3362 1191 3415 autem,
1226 3355 1318 3421 qui
1370 3357 1627 3423 permulti
1679 3358 1733 3410 in
1775 3359 2000 3428 regione
2031 3377 2092 3414 ea
2130 3362 2340 3417 rectam

756 3446 868 3512 jam
919 3454 1307 3500 consectanles
1367 3450 1701 3502 sententiam
1753 3460 1943 3512 erant,
1998 3469 2108 3506 non
2165 3456 2344 3510 minus

762 3536 972 3600 infesti,
1011 3537 1390 3592 inhumaniter
1416 3547 1472 3592 et
1498 3539 1646 3608 ipsos
1677 3551 1806 3595 sunt
1835 3544 2134 3610 persecuti.
2163 3544 2342 3613 Atque

763 3631 851 3682 isti
886 3640 1111 3698 propter
1151 3632 1499 3685 imminentia
1544 3635 1682 3687 mala
1725 3636 1930 3702 oppido
1963 3634 2013 3687 in
2044 3649 2338 3704 angustum

765 3724 997 3785 redacti,
1030 3726 1119 3778 alii
1165 3725 1229 3777 ad
1267 3727 1409 3781 alios
1438 3743 1536 3796 per
1569 3727 1735 3782 urbes
1776 3730 1980 3798 legatos
2013 3730 2214 3783 misere
2243 3747 2256 3782 :
2288 3739 2344 3784 et

765 3817 981 3870 tandem
1035 3819 1098 3871 ad
1151 3819 1372 3871 fratrem
1414 3820 1656 3874 Valentis
1703 3822 1930 3874 Romam
1983 3822 2086 3874 sibi
2142 3823 2337 3876 confu-

761 3910 1046 3978 giendum,
1079 3922 1132 3963 et
1187 3928 1309 3963 eum
1360 3912 1585 3964 Liberio
1623 3913 1826 3980 potius,
1859 3915 2018 3980 cujus
2056 3915 2176 3968 fidei
2213 3931 2341 3981 pro-

762 4002 1057 4056 fessionem
1125 4006 1622 4071 amplectebantur,
1681 4021 1845 4074 quam
1901 4021 2027 4061 cum
2090 4007 2340 4061 Eudoxio

762 4098 1284 4152 communicandum
1316 4114 1438 4152 esse
1470 4110 1732 4153 statuere.
1770 4100 1955 4168 Itaque
1991 4101 2337 4156 Eustathium

2453 3293 2546 3344 χον
2571 3291 2585 3306 ο
2627 3275 2976 3344 ἀφῃρημένοι
3009 3273 3065 3326 δὲ
3096 3275 3192 3326 καὶ
3229 3273 3338 3325 τῶν
3373 3273 3627 3339 ἱερᾶσθαι
3686 3270 3904 3331 τούτοις
3941 3271 4034 3320 λα-

2452 3367 2658 3436 χόντων
2691 3361 2854 3433 ἦσαν.
2882 3363 3021 3432 Πρὸς
3055 3363 3113 3415 δὲ
3144 3363 3273 3422 τοὺς
3297 3362 3362 3413 τὰ
3400 3359 3739 3414 Μακεδονίαν
3769 3357 4036 3427 φρονοῦν-

2450 3476 2575 3522 τας,
2643 3457 3036 3510 πολλαπλάσιοι
3086 3455 3195 3522 γὰρ
3227 3449 3368 3522 ἦσαν
3422 3452 3527 3505 ἀνὰ
3581 3451 3700 3504 τόδε
3736 3451 3798 3502 τὸ
3863 3450 4035 3518 κλίμα

2451 3546 2600 3605 οὗτοι
2645 3550 2753 3601 τῶν
2787 3547 2925 3616 ὀρθὰ
2981 3549 3200 3614 φρονεῖν
3234 3545 3557 3616 ᾑρημένων,
3608 3542 4036 3611 χαλεπαίνοντες

2453 3643 2663 3701 τούτοις
2692 3639 2925 3711 σφόδρα,
2969 3635 3360 3707 ἀπανθρώπως
3411 3635 3657 3687 ἐδίωκον.
3720 3634 3782 3685 Οῑ
3822 3632 3881 3683 δὲ
3927 3631 4037 3684 τῶν

2449 3733 2819 3800 ἐπικειμένων
2854 3731 3046 3783 κακῶν
3085 3727 3164 3798 τῷ
3195 3729 3304 3782 δέει
3334 3725 3864 3796 στενοχωρούμενοι,
3899 3723 4038 3792 πρὸς

2447 3825 2713 3894 ἀλλήλους
2753 3823 2894 3876 κατὰ
2919 3822 3104 3882 πόλεις
3127 3818 3684 3889 διαπρεσϐευόμενοι,
3719 3817 3830 3868 δεῖν
3859 3815 4038 3868 ἐδοκί-

2455 3919 2629 3986 μαζον
2655 3917 2743 3966 ἐπί
2769 3932 2827 3966 τε
2852 3916 2943 3966 τὸν
2971 3914 3204 3980 ἀδελφὸν
3235 3912 3542 3972 Οὐάλεντος
3579 3907 3955 3977 καταφεύγειν
3983 3908 4042 3967 ἐς

2465 4006 2707 4075 Ῥώμην,
2741 4005 2983 4076 Λιὸερίῳ
3013 4022 3072 4059 τε
3108 4007 3412 4070 κοινωνεῖν,
3463 4003 3495 4074 ἢ
3529 4004 3642 4066 τοῖς
3690 4003 3822 4072 περὶ
3870 4000 4042 4053 Εὐδό-

2451 4101 2562 4166 ξιον
2595 4103 2694 4171 (a).

763 4194 1051 4260 Sebastiae,
1087 4198 1174 4249 cui
1229 4197 1526 4264 aliquoties
1570 4199 1824 4266 adempta
1878 4198 2060 4252 fuerat
2101 4199 2364 4266 dignitas,
2405 4209 2461 4253 et
2506 4199 2802 4268 Sylvanum
2841 4201 2996 4253 Tarsi
3040 4199 3268 4265 Ciliciae,
3331 4210 3496 4267 atque
3537 4196 3909 4268 Theophilum
3941 4195 4043 4251 Ca-

760 4291 1098 4346 stabalorum
1136 4292 1210 4362 (1)
1243 4294 1531 4362 cpisconos
1575 4294 1801 4346 Romam
1841 4296 2112 4364 Iegarunt,
2146 4297 2337 4364 eisque
2379 4297 2712 4350 mandarunt
2756 4307 2815 4349 ut
2858 4313 2924 4350 ne
2972 4301 3096 4350 cum
3137 4296 3361 4350 Liberio
3405 4296 3473 4350 de
3553 4295 3660 4349 fide
3739 4293 4047 4349 contende-

762 4403 921 4452 rent,
978 4391 1070 4444 sed
1129 4391 1315 4459 potius
1375 4406 1499 4444 cum
1559 4393 1805 4446 Romana
1864 4395 2341 4448 communicarent
2417 4393 2701 4458 Ecclesia,
2778 4410 2842 4449 ac
2894 4394 3384 4449 eonsubstantialis
3435 4391 3834 4462 professionem
3889 4405 4045 4444 com-

761 4487 1086 4556 probarent.
1129 4486 1208 4540 llli
1261 4503 1385 4542 eum
1445 4489 1647 4542 litteris
1695 4504 1909 4551 eorum,
1946 4491 2041 4558 qui
2099 4490 2169 4544 ab
2215 4491 2339 4543 aliis
2382 4489 2649 4544 Seleuciae
2699 4491 2968 4560 segregati
3051 4490 3295 4552 fuerant,
3338 4490 3391 4542 in
3462 4489 3672 4543 Italiam
3709 4503 4040 4557 pervenere,

762 4589 926 4648 atque
979 4580 1053 4633 ibi
1107 4584 1493 4649 imperatorem
1547 4580 2014 4647 Valentinianum,
2085 4596 2373 4653 propterea
2419 4586 2564 4653 quod
2633 4586 2688 4638 in
2719 4583 2892 4639 Gallia
2923 4583 2999 4652 (Ξ)
3029 4593 3220 4637 contra
3261 4582 3616 4637 Sauromatas
3646 4582 3850 4636 bellum
3884 4595 4043 4649 gere—

764 4687 868 4741 ret,
903 4693 1013 4731 non
1059 4678 1334 4733 viderunt.
1385 4678 1521 4733 Cum
1575 4690 1757 4734 autem
1810 4681 2032 4734 Liberio
2115 4683 2381 4749 epistolas
2439 4698 2576 4751 quas
2628 4697 2818 4736 secum
2873 4682 3174 4735 attulerant
3245 4680 3531 4741 ofl‘ei-rent,
3568 4680 3813 4746 recipere
3859 4675 3906 4729 is
3947 4690 4044 4729 eas

763 4773 998 4840 renuit,
1047 4774 1282 4828 Arianos
1333 4789 1431 4827 eos
1475 4790 1626 4834 esse.
1681 4790 1783 4828 nec
1865 4776 1934 4828 ab
1985 4775 2223 4830 Ecclesia
2307 4792 2405 4829 sua
2447 4779 2668 4846 agnosci
2723 4792 2904 4846 posse,
2953 4776 3046 4843 qui
3096 4775 3372 4829 Nicaenam
3423 4773 3798 4827 abolevissent
3850 4770 4042 4832 tidem,

762 4869 972 4924 dicens.
1023 4871 1132 4943 Cui_
1179 4872 1253 4925 illi
1299 4871 1727 4940 responderunt,
1804 4888 1862 4926 se
1917 4888 2015 4939 per
2069 4873 2364 4942 legitimam
2425 4875 2809 4943 pmnitentiam
2879 4873 2942 4926 ad
3011 4872 3267 4925 veritatis
3339 4870 3713 4940 cognitionem
3767 4867 4041 4928 rediisse,

763 4967 1092 5020 sententiam
1117 4935 1236 5019 ’τοῦ
1286 4969 1541 5036 ἀνομοίου
1579 4968 1869 5039 abjecisse,
1909 4980 1964 5023 et
2006 4969 2201 5023 Filium
2274 4985 2371 5037 per
2410 4970 2595 5023 omnia
2648 4970 2790 5021 Patri
2841 4970 3079 5023 similem
3151 4967 3430 5037 professos
3461 4981 3626 5021 esse:
3666 4964 3827 5033 120
3867 4964 4043 5015 nihil-

762 5077 868 5128 que
930 5062 998 5115 ab
1050 5063 1361 5128 ὁμοουσῑου,
1404 5063 1898 5126 eonsubstantiali,
1953 5065 2096 5116 κατὰ
2154 5065 2330 5117 πάντα
2371 5065 2455 5131 ὅμι

2371 5065 2586 5131 ὅμοιον,
2612 5064 2718 5116 hoc
2759 5056 2863 5126 est,
2908 5080 3003 5134 per
3037 5065 3218 5117 omnia
3253 5063 3512 5123 similem,
3540 5059 3785 5112 differre.
3820 5057 4042 5122 Quibus

763 5156 950 5210 verbis
1005 5153 1227 5219 auditis,
1271 5153 1526 5207 Liberius
1578 5155 1973 5221 professionem
2031 5170 2224 5207 eorum
2278 5156 2329 5207 in
2376 5155 2644 5223 scriptum
2717 5157 2943 5208 relatam
2988 5154 3055 5206 ab
3101 5155 3182 5206 eis
3229 5153 3432 5221 exegit.
3461 5151 3638 5220 Atque
3672 5149 3749 5202 illi
3784 5148 4040 5202 libellum

762 5254 834 5314 ei,
876 5253 927 5305 in
964 5267 1073 5320 quo
1109 5253 1273 5305 etiam
1308 5252 1580 5305 Niczenam
1655 5252 1815 5306 tidem
1890 5252 2263 5310 inseruerunt,
2309 5253 2658 5308 obtulerunt.
2735 5253 3005 5322 Epistolas
3059 5251 3303 5320 quidem,
3348 5265 3486 5317 quas
3554 5263 3744 5302 secum
3796 5245 4045 5316 Smyrna

760 5365 827 5401 ex
861 5347 986 5399 Asia
1019 5354 1073 5397 et
1127 5359 1192 5397 ex
1246 5343 1472 5407 Pisidia,
1513 5344 1739 5401 Isauria.
1793 5345 2118 5413 Pamphylia
2172 5355 2226 5398 et
2286 5345 2474 5415 Lycia,
2536 5348 2624 5399 ubi
2677 5357 2984 5398 conventus
3033 5353 3288 5409 egerant,
3325 5343 3584 5402 attulere,
3621 5348 3844 5408 propter
3911 5353 4046 5404 prn-

760 5435 1029 5500 lixiiatem
1073 5445 1306 5499 liic~non
1355 5448 1608 5516 apposui.
1652 5445 1898 5498 Libellus
1965 5455 2169 5506 autem,
2245 5460 2407 5513 quom
2451 5443 2775 5497 Eusmthius
2831 5459 2954 5496 cum
3011 5441 3236 5509 collegis
3293 5439 3409 5492 suis
3460 5437 3684 5491 Liberio
3734 5434 3912 5498 dedit,
3958 5435 4047 5490 sic

763 5540 966 5594 habet:

2445 5654 2689 5710 Gratiani
2730 5653 2895 5705 rebus
2937 5651 3076 5704 infra
3107 5649 3464 5701 Λιιιιπιιοτιιηί
3503 5659 3701 5697 nomen
3735 5640 4044 5710 reperitur,

834 5663 908 5718 (1)
931 5662 1134 5713 Cilicire
1165 5662 1274 5713 haet-
1307 5663 1497 5715 civitas
1525 5671 1624 5715 est.
1664 5659 1866 5745 (Socr)
2119 5734 2128 5744 '
2157 5733 2167 5748 ‘
2445 5659 2689 5748 C‘I':3‘1l:tlll

2449 5735 2502 5779 et
2533 5727 2841 5779 Germania;
2874 5738 2983 5776 uno
3015 5731 3181 5789 atque
3217 5721 3389 5772 aitero
3418 5721 3560 5770 loco.

836 5734 910 5799 (‘2)
957 5733 1352 5786 Ecelesiasticm
1413 5734 1658 5786 historiae
1719 5731 2019 5799 sciiptores
2084 5733 2338 5785 videntur

763 5803 942 5857 Gallos
980 5813 1035 5854 et
1060 5805 1358 5857 Germanos
1394 5820 1492 5873 pro
1529 5804 1719 5856 eadem
1753 5812 1913 5871 gente
1959 5803 2237 5857 habuisse.
2283 5801 2339 5854 ιιι

828 5916 900 5981 (a)
937 5915 1032 5966 llic
1066 5914 1227 5979 deﬁcit
1251 5922 1408 5968 textus
1432 5919 1627 5968 ercus
1654 5916 1798 5980 hujus
1833 5916 2005 5987 capitis
2025 5924 2071 5970 ct
2102 5916 2356 5968 duodecim
2379 5908 2697 5978 sequentium.
