4288 6438
247 390 349 455 601

1216 400 1820 461 ECCLESIASTICzE
1863 403 2253 465 HISTORHE
2296 405 2440 464 LIB.
2490 408 2595 467 Xi.

1704 539 1931 595 CAPUT
1972 542 2081 596 VII.

822 650 1134 721 Ὁμολογιά
1164 651 1283 706 τῶν
1312 653 1638 723 πρέσϐειον,
1678 657 1921 721 Λιϐερίῳ
1956 658 2031 721 τῷ
2076 662 2389 717 ἐπίσκώπιυ
2441 657 2661 725 'I’cbyrg;
2698 659 2963 712 δοθεῖσα.

1068 774 1333 847 Confessio
1377 775 1669 845 legatorum
1716 775 1924 829 Liberio
1971 778 2499 847 ρρὶςσοροριῖοιηίιηο
2540 779 2793 831 exhibita.

331 907 350 940 ι
389 885 624 943 Domino
658 885 818 941 fratri
853 895 910 941 et
942 887 1169 957 collegae
1202 888 1450 950 Liberio,
1485 890 1833 955 Eustathius,
1876 899 1917 953 Α
1947 890 2431 961 Constantinopoli
2479 907 2579 960 per
2617 907 2864 946 errorem
2912 892 3385 963 subscripserunt.
3434 896 3527 950 Est

249 994 313 1038 et
360 983 655 1055 Sylvanus,
689 980 1033 1051 Theophilus
1076 982 1314 1038 salutem
1362 983 1417 1039 in
1462 984 1716 1038 Domino.
1758 983 1838 1037 Ad

252 1075 543 1130 evitandas
579 1075 802 1130 insanas
846 1073 1259 1137 haereticorum,
1289 1076 1382 1145 qui
1430 1091 1535 1129 non
1580 1075 1841 1130 desinunt

252 1168 522 1225 Ecclesia:
552 1168 839 1222 catholicae
869 1166 1205 1222 offendicula
1234 1184 1444 1231 creare,
1474 1168 1839 1238 suspiciones,

251 1270 311 1315 et
353 1261 421 1316 ad
458 1276 651 1317 carum
688 1276 910 1316 causam
952 1272 1009 1316 et
1046 1262 1396 1316 occasionem
1445 1276 1666 1316 omnem
1702 1278 1841 1332 pra:-

252 1353 591 1415 cidendam,
643 1353 838 1425 synodi
881 1352 1169 1423 Lanipsaci
1219 1362 1275 1407 et
1319 1352 1583 1424 Smyrnae.
1621 1364 1678 1409 et
1719 1355 1841 1409 aliis

254 1446 429 1499 variis
466 1446 521 1499 in
554 1446 695 1499 locis
722 1446 793 1500 ab
825 1446 1145 1500 orthodoxis
1185 1456 1240 1501 et
1280 1459 1431 1501 recte
1476 1446 1841 1501 sentientibus

251 1540 536 1609 episcopis
562 1540 858 1595 celebrata:
891 1540 1111 1594 decreta
1142 1541 1480 1607 proﬁtentes,
1510 1539 1654 1607 apud
1683 1539 1842 1595 boni-

255 1641 429 1687 tatem
476 1642 651 1695 tuam,
706 1641 763 1685 et
805 1630 1100 1686 universos
1150 1630 1319 1685 Italia:
1359 1623 1637 1701 tetiusq'ue
1680 1629 1837 1686 Occi-

252 1726 443 1779 dentis
495 1724 787 1795 episcopos
842 1723 1121 1793 legatione
1175 1724 1477 1794 iungimur,
1526 1732 1581 1778 et
1627 1723 1841 1778 litteras

254 1818 545 1872 aﬂ'erimus
593 1816 921 1873 catholicam
969 1832 1068 1871 nos
1116 1816 1280 1871 ﬁdem
1328 1832 1570 1880 servare,
1614 1831 1737 1886 qua:
1784 1816 1839 1870 in

252 1921 450 1964 saneta
485 1910 706 1965 Nieama
740 1910 979 1979 synodo,
1011 1910 1116 1965 sub
1146 1909 1308 1964 beato
1342 1909 1704 1963 Constantino
1736 1908 1838 1962 im-

255 2014 538 2072 peratore,
571 2018 602 2057 a
635 2004 900 2057 trecentis
932 2002 1125 2058 decem
1170 2011 1228 2056 ct
1268 2011 1394 2057 octo
1428 2002 1685 2057 Patribus
1716 2016 1843 2069 pro-

254 2097 502 2167 mulgata
550 2106 718 2166 atque
763 2096 1114 2155 conﬁrmata.
1152 2095 1423 2150 hactenus
1462 2095 1515 2149 in
1553 2103 1699 2149 statu
1738 2110 1841 2151 suo

255 2191 525 2243 inviolata
566 2200 734 2258 atque
787 2190 1014 2243 immota
1064 2188 1307 2253 duravit,
1342 2200 1506 2256 atque
1547 2190 1601 2243 in
1642 2204 1837 2258 perpe—

256 2293 412 2336 tuam
449 2281 717 2335 duratura
760 2292 846 2336 est
881 2298 896 2334 :
932 2280 987 2334 in
1029 2295 1136 2350 qua
1163 2281 1224 2332 τὸ
1261 2279 1574 2349 ὁμοούσιον,
1608 2280 1848 2335 consub-

255 2375 542 2439 stantiale,
570 2376 676 2429 rite
716 2375 919 2444 pieque
949 2384 1141 2429 contra
1169 2375 1286 2429 Arii
1322 2374 1731 2445 improbitatem
1763 2384 1849 2428 est

256 2468 653 2523 constitutum.
692 2467 993 2539 Fidemque
1024 2484 1147 2523 eam
1178 2464 1279 2523 nos
1308 2484 1417 2523 una
1447 2483 1570 2522 cum
1601 2469 1682 2522 eis
1712 2482 1850 2537 quos

257 2560 510 2614 diximus
545 2560 828 2629 episcopis
869 2571 926 2615 et
962 2575 1238 2621 servasse,
1272 2572 1329 2614 et
1356 2574 1532 2629 usque
1574 2560 1643 2614 ad
1684 2560 1849 2613 ﬁnem

259 2663 588 2709 servaturos
631 2668 776 2718 esse,
806 2653 1064 2707 manibus
1105 2652 1207 2721 ipsi
1247 2653 1452 2707 nostris
1489 2651 1849 2721 proﬁtemur;

261 2746 709 2802 condenmantes
758 2747 976 2809 Arium,
1014 2745 1356 2814 impiamque
1398 2743 1712 2798 doctrinam
1765 2756 1853 2796 se.

262 2852 625 2911 ctatoresque
677 2839 971 2910 ejusdem,
1031 2854 1250 2893 necnon
1312 2852 1533 2892 omnem
1590 2835 1853 2900 Sabellii,

264 2932 841 3003 Patripassianorum.
889 2929 1223 2994 Marcionis,
1272 2927 1527 2991 Photiui,
1577 2925 1852 2989 Marcelli,

263 3025 559 3094 ipsiusque
602 3024 757 3077 Pauli
805 3020 1155 3075 Samosateni
1206 3020 1481 3095 haeresim,
1520 3017 1857 3073 doctrinam-

262 3136 377 3190 que
410 3134 630 3184 eorum,
675 3134 895 3173 necnon
937 3132 1135 3173 omnes
1166 3118 1249 3172 eis
1279 3118 1685 3181 assentientes;
1723 3124 1779 3169 et
1810 3116 1855 3171 si

263 3228 391 3282 quae
433 3219 700 3281 praeterea
745 3218 876 3264 sunt
919 3209 1042 3263 alia:
1085 3218 1248 3263 secta:
1295 3218 1499 3263 sanctae
1546 3207 1699 3268 ﬁdei,
1736 3222 1858 3277 quae

266 3306 357 3374 pie
388 3313 557 3373 atque
580 3301 855 3357 catholice
889 3301 1088 3356 Nicaeae
1123 3316 1154 3354 a
1185 3302 1391 3355 sanctis
1420 3299 1682 3354 Pati-ibus
1711 3314 1861 3354 com-

265 3400 451 3466 posita
486 3406 654 3465 atque
688 3395 1033 3465 promulgata
1053 3403 1157 3458 est,
1186 3398 1432 3448 adversa:
1463 3402 1522 3448 et
1545 3393 1857 3455 contrarian

265 3488 624 3543 anathemate
675 3501 900 3555 quoque
935 3487 990 3540 in
1028 3484 1223 3554 primis
1264 3486 1531 3540 ferientes
1564 3484 1857 3539 formulam

1944 996 2126 1037 autent
2160 984 2295 1038 ﬁdes
2326 994 2536 1048 nostra,
2574 996 2738 1056 atque
2778 1002 2971 1041 eorum
3019 1002 3255 1057 quorum
3302 990 3527 1043 nomine

1942 1076 2216 1147 legatione
2239 1077 2543 1148 fungimur,
2578 1080 2715 1134 ista:
2744 1080 3035 1136 Credimus
3066 1082 3119 1135 in
3150 1098 3319 1135 unum
3352 1082 3524 1136 Deum

1944 1171 2160 1225 Patrem
2193 1172 2659 1242 omnipotentem,
2688 1173 2991 1228 visibilium
3026 1184 3083 1229 et
3109 1176 3357 1230 omnium
3386 1177 3529 1229 invi-

1943 1262 2185 1317 sibilium
2229 1264 2515 1319 factorem.
2556 1266 2621 1319 Et
2656 1266 2709 1319 in
2744 1282 2914 1320 unum
2942 1267 3284 1336 unigenitum
3331 1268 3525 1333 Deum,

1946 1356 2235 1411 Dominum
2277 1366 2531 1412 nostrum
2583 1358 2774 1413 Jesum
2808 1358 3115 1424 Christum,
3161 1359 3363 1413 Filium
3411 1361 3530 1422 Dci.

1944 1462 2009 1501 ex
2051 1447 2232 1509 Patre,
2276 1449 2384 1503 hoe
2426 1458 2534 1512 est,
2574 1464 2641 1504 ex
2683 1450 2993 1505 substantia
3041 1450 3221 1506 Patris
3260 1452 3530 1521 genitum,

1943 1536 2114 1591 Deum
2159 1540 2227 1593 de
2258 1539 2393 1599 Deo.
2430 1539 2619 1594 lumen
2664 1539 2734 1594 de
2771 1541 3004 1605 lumine,
3041 1541 3209 1595 Deum
3243 1557 3434 1595 verum
3466 1544 3534 1596 de.

1945 1629 2057 1684 Deo
2089 1646 2241 1695 vero,
2276 1632 2548 1701 genitum,
2577 1649 2687 1687 non
2736 1633 2966 1697 factum,
3000 1635 3531 1690 consubstantialem

1947 1722 2112 1789 Patri,
2141 1740 2239 1793 per
2269 1741 2434 1794 quem
2466 1727 2649 1781 omnia
2681 1726 2823 1782 facta
2855 1735 3006 1791 sunt,
3037 1743 3270 1797 quaeque
3300 1729 3354 1782 in
3390 1728 3534 1783 coelo

1946 1826 2097 1879 sunt,
2144 1832 2377 1886 quaeque
2415 1819 2468 1871 in
2508 1827 2678 1873 terra.
2720 1818 2824 1885 Qui
2871 1829 3099 1889 prepter
3136 1835 3235 1875 nos
3273 1820 3529 1874 homines

1944 1918 1999 1963 et
2036 1920 2261 1980 propter
2305 1920 2551 1965 nostram
2603 1912 2836 1966 salutem
2882 1912 3207 1973 descendit,
3253 1921 3310 1965 et
3352 1912 3532 1964 incar-

1946 2014 2127 2065 natus,
2159 2013 2215 2057 et
2245 2004 2409 2058 homo
2440 2005 2637 2068 factus,
2669 2013 2724 2059 et
2756 2021 2949 2067 passus
2977 2013 3080 2058 est.
3114 2003 3181 2057 Et
3220 2006 3532 2058 resurrexit

1948 2098 2112 2152 tertia
2144 2097 2255 2161 die,
2287 2107 2343 2151 ct
2376 2097 2628 2152 ascendit
2673 2097 2727 2151 in
2762 2097 2955 2161 cwlos,
2984 2107 3259 2151 venturus
3296 2097 3425 2151 inde
3468 2098 3536 2151 ad

1944 2188 2304 2259 iudicandum
2337 2190 2497 2244 vivos
2536 2199 2593 2243 et
2627 2200 2901 2243 mortuos.
2933 2188 3000 2243 Et
3031 2190 3083 2242 in
3111 2189 3380 2257 Spiritum
3414 2205 3540 2244 san—

1952 2291 2124 2337 ctum.
2156 2281 2263 2348 Qui
2296 2292 2480 2337 autem
2517 2282 2731 2342 dicunt.
2765 2281 2935 2335 fuisse
2979 2282 3280 2350 aliquando
3323 2296 3540 2352 tempus

1950 2390 2075 2429 cum
2095 2390 2203 2429 non
2222 2375 2408 2435 fuerit,
2428 2374 2685 2443 quodque
2712 2375 3030 2443 priusquam
3056 2374 3276 2444 genitus
3308 2374 3402 2439 sit,
3425 2390 3533 2427 non

1951 2466 2137 2531 fuerit,
2165 2477 2221 2521 et
2247 2467 2395 2537 quod
2423 2482 2489 2520 ex
2521 2481 2628 2520 non
2659 2467 3064 2521 exsistentibus
3097 2466 3277 2520 factus
3317 2467 3412 2528 sit,
3445 2472 3542 2519 aut

1952 2575 2019 2615 ex
2060 2562 2167 2615 alia
2218 2560 2529 2615 substantia
2566 2559 2654 2614 vel
2695 2560 3081 2624 subsistentia,
3112 2560 3198 2614 vel
3248 2557 3542 2612 mutationi

1952 2662 2011 2708 et
2056 2652 2372 2708 alterationi
2417 2652 2724 2707 obnoxium
2766 2652 2965 2707 Filium
3002 2652 3096 2707 Dei
3139 2667 3281 2713 esse,
3314 2644 3546 2704 anathe-

1955 2756 2100 2800 mate
2140 2748 2355 2817 jugulat
2383 2746 2659 2801 catholica
2688 2756 2745 2799 et
2775 2745 3077 2814 apostolica
3116 2746 3389 2799 Ecclesia.
3432 2744 3543 2813 Ego

1955 2858 2087 2897 vero
2110 2842 2454 2907 Eustathius,
2481 2842 2777 2911 episcopus
2803 2840 3067 2895 Sebastire
3091 2840 3266 2903 urbis,
3287 2849 3343 2894 et
3367 2839 3547 2893 Theo—

1958 2934 2177 2997 philus,
2229 2942 2285 2988 et
2347 2932 2652 3003 Sylvanus.
2714 2930 3141 3001 Lampsacenes,
3196 2929 3548 3001 Smyrnensis

1958 3026 2301 3092 aliarumque
2351 3022 2687 3094 synodorum
2737 3022 2921 3091 legati,
2965 3022 3108 3076 hanc
3156 3021 3278 3076 ﬁdei
3332 3020 3549 3089 profes-

1959 3116 2171 3171 sionem
2203 3115 2461 3168 manibus
2491 3116 2698 3169 nostris
2739 3116 3135 3184 voluntateque
3179 3125 3369 3172 nostra
3400 3116 3542 3170 scri-

1960 3209 2194 3279 psimus.
2228 3206 2386 3273 Quod
2433 3207 2478 3261 si
2524 3208 2650 3276 quis
2696 3217 2898 3276 praeter
2941 3213 3086 3263 hanc
3130 3207 3317 3271 ﬁdem,
3348 3216 3543 3264 contra

1960 3316 2062 3355 nos
2084 3309 2180 3353 aut
2206 3315 2304 3354 eos
2334 3315 2363 3353 a
2391 3299 2597 3368 quibus
2621 3299 2770 3353 missi
2804 3314 3021 3361 sumus,
3051 3301 3260 3369 aliquid
3288 3302 3544 3356 criminis

1962 3393 2250 3448 intendere
2290 3392 2551 3456 voluerit,
2587 3392 2656 3447 ad
2696 3408 3064 3462 quoscunque
3106 3394 3403 3447 sanctitati,
3435 3403 3543 3447 tua:

1963 3486 2142 3539 visum
2181 3484 2349 3539 fuerit
2401 3486 2719 3555 episc0pos,
2750 3501 2850 3539 nos
2896 3494 3065 3555 atque
3101 3486 3226 3540 illos
3261 3501 3387 3539 cum
3421 3500 3550 3539 san-

264 3580 508 3636 Arimini
554 3580 778 3640 lectam,
809 3577 1047 3633 Nicaeum
1085 3577 1299 3631 scilicet
1343 3576 1467 3630 ﬁdei
1507 3591 1733 3644 prorsus
1768 3590 1857 3629 re-
1886 3593 1929 3652 ο
1962 3576 2174 3632 ctitatis
2200 3586 2306 3632 tum
2334 3576 2537 3633 litteris
2567 3577 2790 3631 remitte
2820 3596 2833 3632 :
2866 3585 2927 3632 ut
2952 3592 3079 3633 cum
3104 3577 3246 3647 apud
3271 3592 3366 3631 eos
3397 3577 3551 3646 ipsos

267 3680 635 3742 pugnantem.
689 3670 790 3726 Cui
845 3671 1069 3740 quidem
1120 3669 1372 3723 formulae
1421 3668 1554 3722 Nica
1609 3666 1858 3721 Thracia:

263 3768 472 3831 allatae,
496 3765 750 3819 nonnulli
776 3764 906 3819 dolo
929 3764 1074 3818 malo
1100 3771 1156 3818 et
1184 3762 1433 3833 perjurio
1458 3759 1854 3823 circumventi,

1960 3668 2179 3739 iudices
2224 3682 2391 3722 causa
2439 3667 2679 3732 dicatur,
2718 3678 2834 3723 tum
2887 3670 2941 3722 in
2984 3684 3111 3723 eum
3154 3670 3249 3738 qui
3298 3668 3547 3724 criminis

1966 3760 2257 3813 convictus
2284 3757 2479 3823 fuerit,
2503 3759 2747 3829 legitime
2772 3760 3267 3817 animadvertatur.

1614 3931 1769 3999 ιρι
1810 3928 2038 3986 CAPUT
2085 3928 2222 3982 vui.

917 4053 1249 4121 Ἐπιστολὴ
1284 4054 1557 4120 Λιϐερίου
1606 4052 1731 4116 τοῖς
1760 4053 1831 4105 ἐν
1864 4051 1935 4119 τῇ
1971 4052 2095 4118 Ἐφ
2126 4050 2485 4117 ἐπισκόποις
2524 4048 2883 4119 πεμφθεῖσα.

1244 4174 1486 4241 Epistola
1509 4172 1726 4235 Liberii,
1763 4172 2013 4240 episcopis
2049 4171 2395 4224 orientalibus
2428 4169 2613 4222 missa.

350 4305 469 4360 Hoc
526 4302 715 4357 libello
768 4300 940 4357 veluti
991 4298 1231 4369 quodam
1285 4298 1514 4367 pignore
1562 4290 1665 4349 sibi
1719 4294 1863 4347 obli-

274 4408 437 4469 gatos
508 4394 765 4448 Liberius
820 4395 889 4447 ad
945 4389 1397 4445 communionem
1474 4385 1738 4448 admisit,
1795 4399 1861 4439 ac

267 4492 541 4558 deinceps
599 4502 725 4542 cum
788 4482 1109 4555 hujusmodi
1170 4481 1375 4536 litteris
1440 4494 1539 4533 eos
1600 4478 1857 4534 dimisit:

274 4603 293 4634 ε
345 4581 579 4635 Dilectis
625 4577 895 4631 fratribus
934 4585 990 4630 et
1033 4574 1293 4643 collegis.
1340 4572 1581 4643 iiythio,
1627 4571 1859 4643 Cyrillo,

1967 4291 2078 4355 “33,
2109 4301 2163 4347 et
2198 4290 2396 4360 reliqui
2439 4288 2759 4345 Occidentis
2784 4287 3031 4358 episcopi
3075 4287 3308 4341 salutem
3356 4303 3551 4358 perpe-

1969 4394 2118 4438 tuam
2150 4383 2206 4436 in
2239 4381 2496 4434 Domino.
2521 4378 2941 4448 Optatissimum
2969 4378 3134 4433 nobis
3159 4379 3312 4447 pacis
3336 4388 3390 4433 et
3416 4395 3552 4432 con-

1965 4476 2169 4532 cordia:
2204 4474 2465 4544 gaudium
2493 4473 2695 4527 littera:
2728 4485 2948 4539 vestra},
2982 4471 3108 4526 ﬁdei
3142 4472 3352 4525 lumine
3383 4472 3553 4526 reful-

1964 4580 2194 4639 gentes,
2248 4567 2453 4621 fratres
2506 4565 2726 4629 dilecti,
2787 4565 3140 4628 attulerunt,
3197 4580 3336 4633 quas
3391 4563 3554 4618 nobis

267 4672 647 4746 liyperecliio.
698 4670 927 4730 Ileroni,
982 4667 1225 4736 Elpidio,
1274 4667 1548 4732 Maximo,
1597 4665 1857 4730 Eusebio,
1896 4658 2422 4756 l)reverendissimi
2494 4658 2692 4713 fratres
2749 4668 2807 4713 et
2869 4657 3117 4728 episcopi
3195 4656 3550 4719 Eustathius,

267 4767 573 4835 Eucarpio,
624 4763 1158 4837 Eortasio,choni,
1213 4761 1528 4823 Eumatliio,
1574 4758 1875 4822 Faustino,

266 4862 501 4922 Proeto,
548 4857 856 4918 Passinico,
905 4857 1200 4920 Arsenico,
1248 4856 1478 4920 Severo,
1523 4854 1860 4925 Didymioni,

268 4953 589 5014 Britannio,
611 4950 915 5013 Callicrati,
940 4949 1224 5015 Damabio,
1263 4948 1512 5013 Edesio,
1536 4947 1861 5011 Eustochio,

270 5044 596 5109 Ambrosio,
650 5042 902 5107 Gelonio,
932 5041 1222 5103 Pardalio,
1279 5041 1624 5105 Macedonio,
1672 5041 1860 5103 Paulo,

272 5137 562 5200 Marcello,
602 5135 881 5196 Heraclio,
924 5135 1264 5196 Alexandro,
1306 5133 1523 5197 Adolio,
1564 5134 1861 5195 lllarc’ano,

271 5231 569 5293 Sthenelo,
596 5229 823 5295 Joanni,
856 5227 1080 5292 Macari,
1107 5225 1383 5289 Cbarisio,
1422 5226 1681 5297 Sylvano,
1717 5225 1863 5279 Plio-

275 5324 416 5385 tino,
462 5321 668 5382 Autho,
702 5319 966 5382 Antonio,
999 5317 1182 5378 Celso,
1214 5315 1593 5385 Eupliranori,
1628 5314 1860 5376 Milesio,

274 5414 557 5480 Patricio_,
611 5412 944 5472 Severiano,
1000 5410 1265 5468 Eusebio.
1328 5409 1641 5477 Eumolpio,
1701 5409 1863 5460 Atha-

274 5510 455 5569 nasio,
497 5506 834 5575 Dioplianto,
867 5505 1178 5566 .llinmloro,
1216 5502 1408 5563 Diocli,
1443 5500 1860 5571 Cltrysampelo,

276 5603 553 5672 Eugenio,
598 5599 910 5662 Euslatliio,
950 5597 1255 5661 Callicrati,
1299 5598 1557 5660 Arsenio,
1590 5594 1858 5664 Eugenio,

277 5695 544 5764 ΜαιητΞο
616 5692 885 5761 ilieratio,
938 5691 1191 5751 Leontio,
1244 5689 1544 5757 Philagrio,
1586 5687 1775 5746 Lucio.
1810 5697 1861 5742 et

275 5788 559 5840 universis
614 5784 895 5854 episeopis
955 5766 1334 5837 Orientalibus
1386 5780 1746 5841 ortliodoxis,
1810 5790 1863 5831 ct

278 5892 485 5960 rcctam
526 5879 691 5933 ﬁdem
730 5877 1106 5938 sectantibus.
1140 5875 1403 5931 Liberius
1434 5875 1724 5944 cpiscopus
1762 5874 1865 5927 Ita-

1971 4752 2242 4825 Sylvanus
2298 4762 2467 4822 atque
2535 4749 2883 4820 Theophilus
2931 4750 3322 4804 reddiderunt.
3373 4753 3551 4818 Atque

1969 4862 2037 4901 eo
2064 4846 2302 4900 maxime
2334 4843 2585 4908 nomine,
2615 4843 2762 4908 quod
2794 4858 3016 4897 sensum
3046 4853 3101 4897 et
3131 4842 3550 4912 persuasionem

1973 4938 2099 4993 ﬁdei
2133 4948 2346 4998 vesme,
2379 4952 2507 4993 cum
2541 4936 2835 4992 tenuitatis
2871 4951 3006 4990 mea:
3032 4945 3196 5004 atque
3230 4936 3549 4989 Italicorum

1968 5028 2522 5097 Occidentaliumque
2542 5026 2934 5096 episcoporum
2968 5026 3216 5079 omnium
3247 5024 3548 5088 sententia,

1970 5122 2312 5177 concordare
2360 5122 2758 5174 conﬁrmarunt
2800 5127 2857 5173 et
2905 5126 3317 5173 asscverarunt.
3372 5117 3553 5184 Atque

1968 5231 2088 5272 eam
2151 5218 2322 5283 ipsam
2377 5215 2643 5270 novimus
2691 5215 3023 5269 catholicam
3080 5226 3136 5267 et
3181 5211 3547 5283 apostolicam

1968 5326 2089 5365 esse
2128 5310 2469 5377 ﬁdem,'qu:c
2515 5308 2579 5363 ad
2628 5308 2910 5363 Niraenant
2947 5323 3122 5377 usque
3156 5306 3429 5377 synodum
3471 5306 3556 5357 in-

1972 5415 2121 5473 tegra
2157 5413 2323 5472 atque
2357 5406 2582 5455 immota
2619 5414 2835 5455 servata
2864 5410 2949 5454 est
2984 5418 2995 5453 :
3036 5415 3198 5469 quam
3240 5400 3407 5452 etiam
3452 5397 3553 5450 Pa-

1972 5507 2080 5550 tres
2128 5496 2320 5550 Niczeae
2371 5507 2493 5547 cum
2536 5496 2743 5562 ingenti
2794 5493 3018 5551 laetitia,
3059 5507 3163 5543 non
3207 5491 3384 5542 solum
3434 5503 3550 5539 ξω·-

1970 5605 2151 5651 mone,
2213 5604 2403 5641 verum
2456 5587 2623 5640 etiam
2683 5587 2961 5653 scriptura
3018 5583 3435 5645 interi-edente,
3490 5590 3550 5632 ut

1968 5686 2260 5753 vestigium
2297 5695 2349 5738 ct
2384 5682 2684 5738 scintillam
2720 5698 2937 5733 (illlllt'lll
2977 5680 3228 5732 ahsurdm
3267 5673 3547 5747 opinionis

1969 5780 2408 5847 exstinguercnl,
2437 5786 2563 5831 sunt
2597 5775 2852 5844 professi.
2889 5774 3013 5842 Ejus
3038 5770 3323 5839 exemplar
3355 5781 3544 5822 ncces

1969 5874 2115 5929 sario
2152 5873 2295 5929 hisce
2331 5872 2531 5928 litteris
2564 5869 2969 5934 SllbliCiClltiUtll
3010 5879 3127 5921 csse
3159 5863 3438 5926 duximus,
3473 5872 3539 5913 ne
