4288 6438
720 395 827 458 603

1948 397 2368 457 NlCEf‘i‘lOliI
2411 395 2770 463 C.\LleTf

3886 402 3989 466 604

723 521 909 579 postea
944 511 1096 566 locus
1127 524 1183 564 et
1228 507 1617 580 opportunitas
1663 512 1943 566 haereticis
1977 513 2040 565 ad
2086 525 2302 566 Struen-
2333 518 2377 572 Α
2407 515 2643 568 ctionem
2697 528 2934 570 chtram
2989 519 3402 581 scriberemus.
3448 531 3501 575 et
3541 522 3687 593 justa
3739 532 3990 591 petentes

719 605 818 656 das
845 601 968 657 ﬁdei
1008 604 1238 658 insidias
1270 606 1617 673 relinquatur
1647 623 1660 659 :
1691 606 1891 674 quibus
1921 605 1997 658 illi
2025 605 2298 674 improbi-

721 695 848 748 tatis
879 711 989 750 sum
1020 697 1292 765 igniculos
1324 700 1631 752 excitantes
1654 739 1669 761 ,
1702 695 1994 752 discordia:
2039 699 2292 752 incendia

719 804 871 841 more
904 804 1007 842 suo
1040 791 1275 844 dilatare
1309 793 1509 846 solent.
1553 791 1873 845 Eustathius
1912 807 2066 849 sane.
2102 791 2294 858 Sylva-

720 898 825 936 nus
861 892 1024 951 atque
1059 883 1400 953 Theophilus
1425 923 1438 945 ,
1482 886 1679 938 fratres
1724 886 1897 938 nostri
1947 885 2295 937 revereudis-

718 975 864 1036 simi,
898 976 1057 1029 nobis
1085 989 1272 1030 vestro
1296 978 1520 1031 nomine
1549 988 1902 1046 receperunt.
1934 977 2291 1031 dilectionem

716 1080 956 1123 vestram
1014 1086 1124 1124 non
1179 1072 1365 1125 minus
1412 1085 1578 1140 atque.
1630 1071 1776 1138 ipsos
1813 1072 1973 1125 ﬁdem
2023 1072 2293 1141 ejusmodi

718 1177 936 1230 semper
959 1171 1014 1217 et
1043 1172 1204 1217 antea
1234 1179 1503 1224 servasse.
1529 1173 1586 1217 et
1613 1165 1677 1217 ad
1714 1165 1874 1217 linem
1904 1180 2078 1233 usque
2111 1180 2296 1217 serva-

719 1265 900 1307 turam
946 1271 1086 1316 esse.
1125 1256 1179 1309 in
1228 1256 1449 1310 Nicaena
1481 1258 1733 1312 videlicet
1783 1258 1919 1312 urbe
1954 1273 1981 1309 a
2037 1259 2297 1312 trecentis

719 1346 910 1400 decem
943 1358 999 1402 et
1041 1357 1167 1402 octo
1215 1350 1492 1419 episcopis
1538 1350 1861 1404 orthodoxis
1903 1361 1954 1404 et
1993 1363 2140 1404 recte
2174 1367 2300 1404 sen-

722 1440 988 1495 tientibus
1036 1442 1472 1508 comprobatam.
1520 1442 1652 1509 Qum
1685 1444 1832 1511 quod
1875 1455 2081 1498 certam
2119 1445 2300 1513 perfe—

719 1544 976 1602 ctamque
1004 1535 1394 1603 complectitur
1428 1537 1742 1600 veritatem,
1773 1554 1870 1590 ora
1907 1539 2294 1591 haereticorum

721 1628 970 1680 omnium
1014 1629 1199 1681 omnia
1231 1628 1472 1682 obstruit
1516 1639 1682 1700 atque
1726 1630 1948 1684 evertit.
1996 1629 2116 1683 Non
2169 1646 2299 1684 casu

718 1721 866 1774 enim
920 1721 1174 1784 fortuito,
1229 1722 1324 1776 sed
1369 1722 1560 1776 divino
1606 1739 1838 1792 prorsus
1881 1734 2054 1785 nutu,
2106 1734 2298 1778 contra

722 1815 837 1868 Arii
894 1817 1165 1869 insaniam
1223 1826 1409 1870 tantus
1457 1817 1847 1885 episcoporum
1900 1833 2171 1871 numerus
2215 1826 2302 1872 est

2404 607 2819 673 adjovaremus,
2847 611 3151 678 praesertim
3184 626 3308 664 cum
3337 627 3401 666 ex
3436 613 3741 682 legatorum
3774 622 3987 667 vestro-

2406 715 2528 752 rum
2575 703 3016 767 asseveratione,
3056 702 3367 759 Orientales
3418 720 3522 759 vos
3561 707 3894 775 resipuisse,
3935 716 3991 758 et

2407 806 2532 845 cum
2566 791 3017 850 Occidentalibus
3049 805 3201 851 recte
3243 797 3617 851 sentientibus
3669 798 3989 852 consentire

2408 885 2863 942 intellexerimus.
2920 889 3225 945 Scribimus
3270 906 3400 960 ergo
3453 891 3645 952 vobis,
3683 901 3741 944 ut
3789 891 3991 944 noritis

2408 995 2532 1034 cum
2565 981 2941 1036 Ariminenses
2972 983 3347 1052 blasphemias
3372 1024 3386 1045 ,
3422 1000 3544 1053 qua:
3579 994 3694 1036 tum
3731 998 3829 1052 per
3860 1000 3990 1036 sur-

2412 1074 2718 1141 reptionem
2754 1084 2885 1129 sunt
2910 1076 2977 1130 ab
3008 1078 3328 1131 auctoribus
3356 1094 3544 1131 earum
3576 1093 3772 1146 magno
3801 1076 3991 1130 Eccle-

2411 1168 2506 1221 siie
2557 1168 2894 1224 detrimento
2937 1164 3409 1240 subinti’pductze,
3454 1171 3613 1239 122
3648 1168 3986 1223 anathemati

2408 1262 2706 1330 subjectas,
2737 1273 2849 1316 tum
2875 1249 3261 1317 Occidentales
3291 1264 3585 1317 universos
3620 1264 3672 1316 in
3711 1263 3988 1317 Nicmnam

2411 1354 2535 1407 fidei
2587 1356 2987 1422 professionem
3041 1358 3420 1424 conspirasse.
3471 1355 3840 1422 Quamobrem
3894 1370 3992 1424 per

2408 1464 2507 1501 vos
2543 1450 2592 1500 id
2625 1448 2888 1504 omnibus
2922 1448 3157 1503 indicari
3191 1459 3434 1518 oportet,
3463 1450 3643 1518 utqui
3674 1448 3724 1499 vi
3752 1448 3990 1517 quadam

2408 1540 2619 1592 seducti
2657 1548 2822 1608 atque
2859 1539 2969 1593 lazsi
3005 1549 3169 1599 sunt.
3209 1541 3431 1594 tandem
3468 1557 3499 1596 a
3534 1540 3780 1597 tenebris
3813 1539 3989 1593 luere-

2413 1629 2535 1684 ticis
2562 1631 2629 1684 ad
2655 1630 2903 1684 divinum
2934 1631 3227 1686 catholicre
3257 1632 3536 1686 libertatis
3568 1629 3752 1686 lumen
3785 1632 3989 1684 reverti

2412 1721 2644 1789 possint.
2683 1721 2742 1775 Si
2789 1722 2880 1789 qui
2928 1738 3060 1776 vero
3105 1723 3370 1791 deinceps
3415 1738 3691 1776 venenum
3744 1723 3990 1792 perﬁdia:

2413 1827 2707 1879 respuere,
2783 1825 2840 1866 et
2896 1814 3011 1868 Arii
3080 1814 3454 1883 blasphemias
3511 1829 3705 1869 omnes
3766 1816 3992 1868 abolere

722 1915 970 1964 coactuS.
1005 1919 1215 1975 quanto
1251 1909 1466 1962 scilicet
1506 1924 1740 1966 numero
1770 1911 1968 1964 heatus
2001 1911 2091 1963 ille
2123 1911 2298 1962 Abra-
2336 1895 2376 1948 Β
2405 1905 2855 1974 anathematique
2900 1906 3178 1976 subjicere
3223 1906 3546 1970 noluerint,
3580 1909 3722 1966 Arii,
3755 1909 3990 1975 ejusque

725 1999 850 2052 ham
899 2008 980 2052 tot
1022 1999 1264 2054 hostium
1309 2000 1478 2054 millia
1519 2000 1626 2053 ﬁde
1677 2002 1993 2056 debellavit.
2047 2003 2119 2056 Ea
2169 2001 2304 2056 ﬁdes

723 2106 848 2143 eum
882 2093 934 2144 in
975 2092 1332 2146 subsistentia
1365 2103 1421 2147 et
1452 2095 1676 2148 nomine
1709 2094 1806 2146 τοῦ
1834 2098 2145 2163 euacuatos,
2170 2111 2301 2147 con-

722 2186 1124 2250 sulistantialis,
1159 2187 1446 2249 consistat,
1475 2187 1704 2255 perinde
1729 2196 1893 2257 atque
1929 2188 2301 2240 munitissima

721 2275 975 2342 quaedam
1028 2285 1084 2330 et
1134 2277 1582 2345 inexpugnabilis
1629 2293 1761 2342 arx,
1809 2278 2206 2345 impressiones
2248 2290 2302 2331 et

722 2367 1007 2430 machinas
1040 2370 1310 2438 malignas
1340 2371 1558 2424 Arianae
1591 2372 1837 2440 perﬁdiae
1870 2389 2083 2428 omnes.
2117 2374 2188 2425 ita
2221 2372 2298 2425 uti

722 2460 876 2513 decet
903 2503 915 2521 ,
960 2463 1290 2517 contemnit.
1337 2464 1405 2516 Et
1447 2466 1702 2533 quamvis
1737 2466 1982 2534 episcopi
2033 2464 2304 2520 Occiden-

727 2551 863 2604 tales
907 2569 1076 2623 prope
1120 2569 1314 2608 omnes
1355 2557 1586 2610 Aru‘nini
1635 2557 2018 2619 convenerint,
2049 2573 2174 2611 cum
2223 2559 2298 2611 ibi

724 2647 1020 2699 concilium
1055 2649 1390 2701 Arianorum
1431 2649 1700 2717 coegisset
1735 2649 1990 2703 vecordia
2015 2691 2026 2709 ,
2067 2661 2124 2703 ιιι
2162 2652 2300 2702 insi-

726 2736 880 2790 diosa
915 2738 1148 2806 quadam
1176 2739 1459 2801 suasione,
1495 2754 1588 2792 seu
1628 2739 1771 2808 quod
1807 2741 1995 2792 verius
2033 2754 2132 2801 est,
2179 2757 2302 2810 pro-

725 2831 849 2884 fana
886 2833 1215 2886 auctoritate
1246 2843 1300 2886 et
1336 2833 1610 2901 potentia,
1659 2833 1709 2886 id
1744 2833 1889 2900 quod
1930 2833 1982 2886 in
2025 2833 2147 2886 ﬁdei
2189 2834 2303 2887 for-

725 2925 870 2978 mula
909 2927 1245 2979 tutissimum
1285 2927 1769 2995 certissimumque
1819 2928 2056 2996 positum
2099 2927 2298 2986 fuerat.

721 3019 1028 3076 aboleri-nt.
1069 3027 1164 3072 aut
1212 3018 1433 3087 oblique
1478 3029 1782 3087 negarent,
1829 3019 1969 3072 nihil
2019 3031 2200 3072 tamen
2237 3038 2300 3072 ea

724 3110 934 3178 profuit
963 3112 1255 3165 calliditas.
1284 3112 1417 3164 Nam
1452 3129 1644 3165 omnes
1672 3113 1782 3165 fere
1809 3114 2038 3181 quitum
2068 3113 2298 3166 Arimini

2407 2007 2776 2061 sectatorum,
2808 2008 2864 2052 et
2899 2011 3226 2052 cancrorum
3267 2000 3610 2066 serpentium
3646 1998 3993 2052 Sabelliano-

2407 2106 2525 2143 rnm
2548 2129 2564 2155 ,
2597 2091 3137 2161 Patripassianorum
3165 2131 3179 2155 ,
3221 2101 3389 2160 atque
3422 2091 3655 2144 aliarqu
3695 2091 3990 2145 haeresium

2407 2195 2465 2237 se
2493 2183 2813 2252 compliees,
2851 2185 2919 2236 ab
2948 2183 3325 2237 ecclesiastica
3357 2183 3748 2237 communione
3777 2193 3833 2237 et
3860 2201 3991 2238 eon-

2402 2278 2688 2347 junctione
2731 2274 2986 2330 exclusos
3023 2287 3077 2331 et
3121 2278 3334 2330 alienos
3367 2291 3492 2330 esse
3518 2316 3532 2339 ,
3569 2291 3692 2345 qua:
3727 2276 3989 2330 adulterii

2407 2368 2551 2421 ﬁlios
2603 2385 2711 2421 nou
2755 2369 3032 2432 admittit,
3073 2369 3273 2423 sciant.
3328 2369 3477 2423 Deus
3527 2384 3626 2421 vos
3679 2369 3991 2422 incolumes

2406 2471 2610 2520 Servet.
2637 2461 2833 2514 fratres
2861 2461 3069 2515 dilecti.
3107 2481 3124 2512 ι
3162 2459 3324 2515 Hisce
3351 2462 3548 2515 litteris
3576 2460 3900 2514 Eustathius
3936 2473 3992 2513 et

2405 2553 2629 2622 collega:
2659 2553 2779 2624 ejus
2821 2554 3098 2620 acceptis,
3152 2555 3206 2605 in
3242 2547 3488 2606 Siciliam
3531 2552 3886 2621 trajeccrunt.
3926 2552 3993 2603 Et

2407 2659 2695 2716 postquam
2761 2645 2834 2699 ibi
2896 2644 3209 2698 Siculorum
3268 2644 3657 2712 episcoporum
3721 2643 3990 2713 synodus.

2405 2753 2596 2791 eorum
2631 2737 2891 2791 instinctu
2921 2735 3221 2796 celebrata,
3247 2744 3411 2802 atque
3434 2733 3535 2800 ipsi
3562 2733 3656 2784 τοῦ
3678 2735 3988 2800 ὀμοουςίου,

2406 2831 2916 2891 consubstantialis,
2951 2829 3108 2880 ﬁdem
3142 2827 3372 2896 professi
3409 2836 3561 2887 sunt,
3601 2825 3990 2893 Nicaenamque

2407 2923 2699 2976 formulam
2747 2923 3080 2976 auctoritate
3135 2937 3234 2974 sua
3284 2922 3708 2983 conﬁrmarunt,
3748 2920 3994 2986 acceptis

2409 3015 2480 3067 ibi
2513 3030 2736 3083 quoque
2779 3013 3025 3080 ejusdem
3072 3013 3367 3065 sententia:
3399 3012 3626 3069 litteris.
3672 3009 3736 3062 ad
3772 3024 3869 3063 eos
3897 3010 3992 3078 qui

2408 3123 2466 3160 se
2501 3110 2833 3177 legaverant.
2870 3117 3002 3161 sunt
3039 3106 3272 3159 reversi.
3307 3106 3488 3172 Atque
3524 3103 3599 3158 illi
3637 3103 3883 3156 redditas
3916 3103 3993 3155 ibi

725 3201 954 3254 inescati
1006 3213 1169 3269 atque
1209 3201 1402 3259 fraude
1436 3203 1648 3268 decepti
1688 3203 1940 3262 fuerant.
1980 3220 2126 3281 nunc
2161 3210 2297 3257 re'si-
2327 3227 2370 3290 Ο
2405 3207 2615 3260 litteras
2662 3204 2866 3257 Liberii
2897 3246 2908 3264 ,
2959 3201 3024 3254 ad
3075 3202 3241 3253 urbes
3296 3214 3542 3268 quasque
3593 3213 3688 3266 per
3739 3207 3993 3252 oratores

723 3297 1025 3364 pisceutes,
1060 3310 1183 3348 cum
1222 3295 1557 3348 anathemati
1592 3312 1781 3348 eorum
1815 3297 1907 3364 qui
1945 3297 2019 3351 ibi
2053 3313 2296 3373 conven-

725 3398 839 3440 tum
871 3402 1050 3453 egere.
1093 3386 1216 3440 lidci
1255 3387 1543 3440 formulam
1578 3390 1956 3458 subjecerunt,
2020 3401 2132 3444 tum
2174 3393 2298 3442 uni-

725 3479 924 3541 versali
950 3489 1004 3532 et
1033 3481 1347 3548 apostolica.-
1381 3480 1526 3541 ﬁdei,
1567 3497 1688 3549 qua:
1715 3481 1908 3533 Nicen:
1939 3483 2160 3535 decreta
2190 3494 2299 3545 est,

725 3567 1202 3637 subscripserunt.
1250 3571 1314 3622 Et
1349 3572 1631 3623 nobiscum
1674 3575 2149 3626 communicantes
2172 3616 2184 3636 ,
2217 3589 2297 3626 ar-

726 3661 1073 3716 dentioribus
1105 3663 1269 3716 etiam
1302 3665 1501 3716 animis
1534 3675 1725 3717 contra
1756 3664 1871 3718 Arii
1903 3665 2215 3719 doctrinam
2249 3675 2305 3720 et

726 3761 1032 3829 discipulos
1061 3762 1182 3829 ejus
1219 3761 1492 3814 feruntur.
1529 3762 1698 3825 Quam
1731 3777 1847 3813 rem
1890 3762 1961 3813 ita
1998 3761 2307 3828 deprehen-

729 3867 844 3904 sam
884 3867 1026 3914 esse,
1069 3853 1159 3904 ubi
1203 3863 1453 3904 oratores
1489 3856 1652 3904 etiam
1692 3853 1859 3905 vestri
1895 3859 2302 3913 cognovi-runt,

727 3944 781 3999 in
829 3944 1234 4012 subscriptione
1269 3960 1366 3997 sua
1416 3960 1513 3996 vos
1557 3960 1775 4013 quoque
1824 3945 2193 4009 addiderunt,
2249 3953 2304 3998 et

729 4035 943 4098 Arium,
977 4048 1031 4089 et
1066 4052 1186 4105 qua:
1218 4051 1247 4088 a
1283 4038 1651 4090 sectatoribus
1679 4037 1799 4105 ejus
1834 4038 2068 4090 Arimini
2109 4049 2298 4089 contra

729 4131 1002 4183 Nicaenam
1038 4128 1198 4181 ﬁdem
1225 4139 1346 4182 acta
1376 4138 1524 4192 sunt,
1569 4130 1922 4182 anathemate
1961 4129 2297 4198 jugulantcs.

726 4225 936 4287 Quibus
980 4239 1108 4276 sane
1143 4223 1315 4287 actis,
1363 4237 1462 4276 vos
1505 4224 1670 4276 etiam
1716 4225 2076 4294 jurisjurandi
2116 4239 2302 4277 sacra-

727 4328 914 4368 mento
982 4314 1332 4369 fraudulento
1393 4315 1800 4381 circumventi,
1865 4315 2302 4383 subscripsistis.

725 4410 1076 4479 Quapropter
1101 4409 1403 4464 convenire
1435 4408 1594 4464 nobis
1625 4409 1802 4463 visunt
1828 4417 1937 4474 est,
1976 4419 2036 4462 ut
2067 4408 2136 4461 ad
2170 4407 2309 4461 dileo

2403 3299 2468 3351 ad
2521 3295 3016 3352 consubstantialis
3078 3292 3203 3346 ﬁdei
3263 3300 3707 3360 propugnatores
3768 3292 3990 3353 misere,

2403 3393 2764 3445 cohortantes
2804 3405 2923 3451 eos,
2969 3397 3026 3440 ut
3070 3385 3552 3440 consentientibus
3586 3384 3787 3436 animis
3833 3383 3993 3436 Tarsi

2403 3486 2609 3540 Cilicia:
2661 3485 3051 3542 convenirent,
3105 3481 3170 3532 ad
3211 3478 3374 3531 ﬁdem
3409 3477 3686 3530 Niramam
3733 3491 3992 3544 compro-

2406 3575 2643 3629 bandam
2668 3613 2681 3636 ,
2717 3584 2772 3626 et
2817 3589 2940 3640 qua:
2975 3580 3163 3640 postea
3204 3577 3412 3624 exortae
3455 3576 3605 3632 sunt,
3644 3581 3816 3633 nugas
3854 3565 3992 3618 abo-

2407 3669 2622 3723 letidas.
2656 3668 2715 3719 Et
2745 3669 2946 3718 factum
2975 3663 3027 3717 id
3060 3664 3202 3716 forte
3230 3669 3397 3720 esset,
3434 3659 3537 3712 nisi
3565 3657 3658 3728 qui
3690 3660 3990 3726 plurimum

2409 3760 2552 3826 apud
2599 3760 2990 3825 imperatorem
3031 3754 3274 3812 valebat.
3317 3750 3648 3826 obstitisset,
3704 3748 3994 3803 Eudoxius

2410 3851 2690 3913 videlicet,
2728 3851 2947 3903 Ariana:
2980 3847 3262 3916 religionis
3295 3843 3613 3913 praefectus,
3653 3842 3746 3910 qui
3781 3846 3995 3912 synodo

2401 3960 2465 3996 ea
2521 3945 2720 3997 indicta
2778 3947 2946 4011 magis
2991 3943 3157 3994 etiam
3211 3947 3559 4001 commotus,
3609 3936 3817 4005 majora
3873 3937 3982 3987 illis

2406 4037 2593 4090 intulit
2653 4037 3004 4089 detrimenta.
3058 4032 3213 4097 Quod
3272 4047 3404 4083 vero
3460 4027 3836 4081 Macedoniani
3895 4041 3994 4093 per

2411 4138 2660 4181 oratores
2681 4142 2809 4181 suos
2831 4141 2952 4179 cum
2979 4124 3199 4178 Liberio
3225 4121 3714 4178 communiCarint,
3745 4127 3800 4170 et
3827 4117 3991 4170 ﬁdem

2416 4220 2684 4273 Nimcnam
2720 4219 3098 4286 approbariut,
3132 4215 3374 4268 Sabinus
3406 4216 3518 4279 ipse
3545 4212 3599 4264 in
3630 4210 3990 4281 synodalium

2417 4311 2676 4366 Actorum
2707 4311 3058 4364 ('Oii'.‘('li.lliCl5
3088 4317 3170 4361 est
3200 4304 3505 4359 confessus.

2175 4554 2405 4611 CAPUT
2449 4557 2537 4610 IX.

1650 4678 1788 4740 Περὶ
1821 4671 1937 4724 τῶν
1964 4673 2031 4723 ἐν
2072 4674 2319 4737 Tyrii-ou;
2352 4676 2448 4725 καὶ
2501 4675 2688 4739 Κυρίᾳ
2719 4669 3021 4724 συνόδων.

1756 4800 1828 4853 Dc
1861 4800 2071 4868 synodis
2116 4796 2306 4866 Tyana:
2337 4807 2386 4851 et
2419 4800 2472 4851 in
2499 4797 2658 4852 Caria
2692 4797 2916 4848 coactis.

798 4928 998 4982 Eodem
1049 4935 1297 4992 tetnpore
1346 4921 1643 4976 concilium
1696 4919 1895 4989 'l‘yanre
1942 4920 2011 4972 ab
2062 4916 2300 4971 Eusebio
2337 4920 2377 4972 Ι)
2410 4915 2972 4983 gaudioexsilientes,
3008 4910 3074 4963 ad
3110 4914 3396 4962 universas
3420 4907 3768 4976 scripserunt
3802 4905 4007 4959 Eccle-

725 5022 989 5073 Ca'sarea:
1030 5013 1418 5084 Cappadm-iai,
1455 5013 1758 5066 Athanasio
1793 5016 2040 5080 Ancyrae,
2078 5008 2301 5077 Pelagio

727 5111 1034 5170 Laodicere,
1068 5107 1288 5162 Zenone
1317 5106 1494 5165 Tarsi.
1529 5106 1696 5159 l‘aulo
1735 5103 1964 5163 Etttcsnl,
1999 5101 2191 5155 Otreio
2224 5104 2299 5169 ιι)

728 5202 1016 5267 Melitinze,
1062 5199 1328 5269 Gregorio
1360 5197 1618 5272 Nazianzi
1639 5237 1654 5261 ,
1686 5197 1920 5263 aliisque
1965 5193 2152 5246 multis
2185 5192 2306 5261 epi-

729 5294 933 5363 scopis,
966 5292 1173 5363 (ιυίτοῦ
1197 5290 1509 5361 δμοουσειλυ,
1537 5286 2044 5343 consubstantialis.
2073 5284 2303 5338 verbum

729 5385 1062 5441 servandum
1104 5401 1228 5440 esse
1263 5384 1605 5447 Antiochim,
1641 5382 1932 5435 Joviniano
1969 5381 2300 5449 imperante,

725 5480 1113 5545 decreverant,
1136 5478 1492 5533 celebratum.
1523 5476 1697 5531 Lecta:
1724 5475 1801 5529 ibi
1829 5473 2034 5528 Liberii
2066 5483 2123 5527 et
2149 5473 2309 5527 Occi-

731 5570 1036 5626 dentalium
1068 5572 1454 5642 episcoporum
1486 5570 1712 5632 litterae,
1748 5582 1886 5638 quas
1920 5582 2106 5621 secum
2141 5566 2305 5635 legati

733 5665 1037 5736 Lampsaco
1093 5668 1317 5720 Romam
1366 5666 1517 5718 missi
1561 5665 1882 5718 attulerant.
1935 5663 2304 5728 Quamobrem

2405 5009 2548 5070 sias,
2600 5019 2658 5061 ut
2690 5010 2909 5062 decreta
2943 5008 3313 5059 Asiaticorum
3364 5003 3750 5069 episcoporum
3797 5008 3854 5052 et
3903 4999 4005 5053 Li—

2408 5104 2571 5166 berii,
2603 5105 2888 5163 Italorum,
2919 5100 3203 5158 Afrorum.
3238 5097 3522 5151 Gallorum
3561 5093 4004 5147 occidentalium

2406 5198 2655 5267 legerent
2683 5196 2985 5265 epistolas:
3015 5203 3071 5248 et
3103 5203 3315 5246 tantum
3352 5192 3490 5260 ipsis
3521 5187 4005 5242 consentientium

2410 5305 2735 5352 numerum,
2767 5289 2859 5357 qui
2895 5287 3055 5354 longe
3095 5286 3446 5339 Ariminense
3491 5281 3792 5336 concilium
3830 5295 4012 5348 supe-

2413 5383 2592 5442 rabat.
2624 5381 3073 5443 considerarent,
3100 5388 3156 5432 et
3183 5379 3249 5432 ad
3278 5376 3612 5431 sententiam
3646 5376 4011 5428 communio-

2413 5491 2647 5544 nemque
2672 5490 2866 5530 eorum
2892 5473 3221 5528 accederent
3248 5487 3260 5524 :
3298 5485 3514 5524 necnon
3547 5475 3607 5521 ut
3635 5467 3716 5521 eis
3743 5465 4004 5531 ejusdem

2415 5585 2471 5622 sc
2516 5583 2636 5622 esse
2681 5567 2974 5622 sententiie
3024 5566 3232 5620 litteris
3283 5564 3384 5634 ipsi
3436 5563 3552 5616 suis
3597 5560 4008 5614 rescriberem.

2417 5661 2769 5728 Scripserunt
2828 5669 3130 5728 przeterea,
3172 5667 3241 5710 .ut
3295 5657 3362 5709 ad
3419 5655 3565 5708 diem
3627 5652 4008 5706 constitutum

810 5809 887 5871 tl)
919 5808 1118 5862 Mentio
1155 5811 1321 5875 hujus
1364 5808 1526 5863 etiam
1559 5808 1643 5859 -ﬁt
1678 5808 1730 5861 in
1764 5806 1998 5874 quadam
2063 5801 2358 5856 Theodosii
2401 5800 2820 5863 constitutione,
2866 5800 2919 5852 in
2966 5797 3028 5853 Ο.
3061 5794 3450 5850 Theodosiano
3492 5791 3589 5848 lib.
3642 5776 3742 5843 uli.
3773 5788 3808 5841 Ι.
3872 5785 4014 5855 Epi-

734 5883 922 5946 acvpis,
953 5880 1023 5934 De
1065 5883 1168 5934 lida
1207 5882 1408 5936 Calhoi.
