4288 6438
264 412 373 474 605

1229 412 1834 473 ECCLESIASTIC/E
1871 413 2264 475 HISTORIA!
2306 418 2450 481 LIB.
2496 419 2601 477 XI.

3421 419 3525 481 606

264 532 435 573 verno
466 520 645 574 adhuc
678 530 926 590 tempore
954 522 1187 576 Tarsum
1214 522 1421 577 Cilicia:
1448 521 1838 575 convenirent.
1872 530 1917 584 Α
1948 524 2114 578 veluti
2169 541 2288 594 qum
2342 526 2566 581 Lueiani
2618 528 2869 598 martyris
2917 545 3040 584 esse
3099 530 3438 593 crederetur,
3467 540 3521 581 et

266 613 523 667 Sedenim
574 612 704 667 dum
779 615 859 668 sic
912 616 981 668 de
1027 614 1284 668 Tarsensi
1339 615 1547 687 synodo
1599 614 1843 682 cogenda

264 706 472 781 agitur,
527 706 746 775 triginta
803 716 860 761 et
906 716 1147 775 quatuor
1195 707 1309 761 fere
1358 708 1543 761 Asiani
1597 704 1843 774 episcopi

1950 630 1979 667 a
2011 616 2309 683 majoribus
2338 632 2529 670 eorum
2564 619 2811 686 periculo
2840 626 2897 673 et
2927 620 3131 674 sudore
3160 621 3331 673 multo
3365 634 3520 673 com-

1950 708 2177 773 probata
2233 721 2415 774 esset,
2475 713 2895 767 conllrmarunt.
2956 713 3259 781 Imperator
3315 722 3521 774 autem,

265 795 574 849 Antiochiae
605 796 660 849 in
686 796 848 851 Caria
890 798 1310 859 convenientes.
1345 797 1588 852 studium
1619 795 1843 864 quidem
1948 797 2201 851 Eudoxio
2234 802 2550 867 annitente,
2600 804 2872 873 synodum
2914 805 2970 860 itt
3017 804 3211 861 Cilicia
3256 805 3523 859 celebrari

263 888 651 942 ecclesiasticae
666 888 974 942 concordiae
993 889 1296 942 sarciendae
1313 889 1635 946 laudarunt:
1657 889 1851 953 ὁμαου·

267 980 407 1043 σίου,
438 978 952 1043 consubstantialis,
980 995 1111 1033 vero
1136 995 1335 1033 nomen
1362 980 1711 1049 repudiautes
1737 977 1852 1031 l'or-

266 1073 472 1127 mulam
526 1071 653 1127 lldei
705 1071 1014 1126 Antiochia:
1060 1080 1116 1125 et
1160 1070 1428 1126 Seleuciae
1462 1071 1850 1139 compositam,

1950 887 2263 943 institutam
2303 891 2613 960 prohibuit,
2650 893 2850 949 edictis
2885 912 2947 950 ea
2979 896 3047 951 de
3083 912 3249 950 causa
3279 905 3334 951 et
3365 910 3518 949 coni-

1954 978 2361 1037 minationibus
2393 984 2617 1053 publice
2652 986 2975 1056 propositis.

1712 1238 1942 1295 CAPUT
1981 1239 2052 1295 Χ.

339 1357 478 1424 Περὶ
536 1359 645 1413 τοῦ
706 1361 1038 1425 τηνικαῦτα
1100 1363 1430 1431 γενομένου
1464 1361 1763 1437 διῳγμᾳῦί
1796 1362 1918 1437 ⁸καὶ
1958 1364 2091 1437 περὶ
2123 1365 2229 1419 τοῦ
2260 1365 2437 1434 ἁγίου
2478 1367 2865 1433 Ἀθανασίου,
2928 1368 3008 1435 ὡς
3035 1369 3220 1434 αὐτὸς
3254 1369 3443 1437 μόνος

1475 1434 1586 1486 οὐκ
1616 1431 1888 1500 ἐξηλάοη
1923 1434 2028 1488 τοῦ
2069 1438 2309 1502 θρόνου.

267 1546 349 1600 De
397 1564 462 1602 ea
518 1566 637 1619 qua
683 1559 792 1604 tum
838 1562 1087 1621 grassata
1142 1560 1219 1607 est
1269 1551 1673 1622 persecutione:
1712 1559 1761 1602 et
1804 1550 1866 1631 de
1932 1565 2112 1607 sancto
2157 1555 2474 1618 Athanasio,
2525 1564 2582 1608 ut
2650 1557 2693 1609 is
2746 1555 2889 1609 solus
2942 1555 3062 1609 sede
3136 1570 3235 1608 sua
3298 1570 3400 1606 non
3447 1554 3514 1606 sit

1785 1633 1999 1689 ejectus.

346 1740 505 1811 123
528 1742 885 1799 Provinciam
897 1762 944 1796 m
970 1759 1194 1814 quoque
1216 1746 1549 1815 prasidibus
1568 1744 1851 1815 sigillatim

1963 1748 2272 1815 aliquorum
2325 1748 2747 1805 denuntiatione
2805 1747 3137 1808 secesserit.
3197 1745 3391 1799 eodem
3447 1760 3537 1798 res

268 1834 578 1895 mandavit.
625 1846 686 1889 ut
720 1850 788 1890 es
821 1837 1077 1892 ecclesiis
1108 1852 1206 1892 eos
1240 1837 1601 1891 deturbarent
1636 1838 1851 1905 episco-
1886 1818 1930 1876 Β
1961 1839 2177 1893 recidit.
2217 1840 2373 1906 Quod
2405 1841 2553 1895 enim
2600 1851 2708 1894 tam
2760 1838 3078 1894 necessario
3113 1848 3357 1905 Ietttpnre
3395 1838 3497 1889 insi
3521 1868 3533 1877 -

264 1941 407 1994 pos,
442 1927 535 1997 qui
586 1928 689 1981 sub
718 1927 1045 1983 Constantio
1076 1930 1427 1983 exauctorati
1453 1968 1469 1993 ,
1521 1928 1851 1998 dignitatem

266 2017 567 2085 pristinam
610 2021 713 2073 sub
754 2020 977 2076 Juliano
1014 2023 1380 2091 recepissent.
1435 2022 1537 2075 Per
1572 2019 1852 2089 ejusmodi

261 2110 580 2175 iussionem
626 2110 871 2181 igyptii
901 2113 1070 2167 etiam
1104 2113 1462 2183 magistratus
1491 2112 1857 2167 Athanasium

264 2201 529 2256 ecclesiis
551 2203 714 2257 simul
746 2215 802 2257 et
832 2208 969 2258 urbe
992 2205 1363 2259 Alexandrina
1394 2205 1599 2273 ejicere
1627 2212 1861 2257 conten-

266 2293 498 2347 derunt.
553 2294 675 2348 Non
727 2295 867 2349 levis
922 2296 1069 2350 enim
1118 2311 1278 2365 poena
1324 2295 1593 2365 imperiali
1652 2296 1860 2348 inserta

268 2392 395 2437 erat
428 2385 609 2442 edicto
634 2425 648 2447 ,
684 2386 833 2456 quod
873 2388 1151 2455 prrelectis
1184 2388 1447 2440 omnibus
1471 2426 1485 2449 ,
1533 2394 1590 2440 et
1624 2386 1718 2455 qui
1755 2385 1860 2439 sub

268 2492 469 2530 eorum
500 2478 674 2547 signis
705 2486 762 2532 et
795 2486 1073 2547 potestate
1099 2487 1287 2532 essent
1317 2477 1584 2532 militibus
1614 2486 1669 2531 et
1699 2492 1863 2530 sena-

271 2568 527 2634 toribus,
575 2586 703 2624 cum
760 2572 1003 2639 ingentis
1052 2569 1307 2638 pecuniae
1355 2570 1561 2630 multa,
1611 2568 1866 2638 corporis

270 2676 499 2730 quoque
544 2664 896 2716 coercionem
947 2662 1335 2716 denuntiabat.
1387 2662 1458 2715 At
1509 2660 1864 2715 Christianus

271 2754 517 2821 populus
567 2754 910 2809 conveniens
958 2753 1283 2822 praefectum
1326 2752 1581 2822 rogavit,
1628 2763 1691 2807 ut
1742 2754 1866 2821 epi-

271 2861 506 2913 scopum
543 2860 709 2900 causa
761 2861 870 2899 non
913 2847 1049 2899 satis
1085 2845 1389 2899 deliberata
1440 2860 1548 2898 non
1586 2848 1864 2913 exigeret,

272 2939 372 2991 sed
412 2938 732 2992 accuratius
764 2938 1079 2992 litterarum
1123 2937 1496 3006 impcrialium
1534 2936 1866 2990 sententiam

274 3027 683 3097 perpenderet,
731 3042 855 3097 quae
904 3043 1001 3082 eos
1050 3038 1262 3081 tantum
1323 3029 1727 3097 proscriberet,
1772 3025 1868 3095 qui

273 3121 385 3176 sub
402 3120 731 3176 Constantio
748 3121 1178 3187 exsularejussi,
1208 3120 1311 3175 sub
1328 3120 1550 3175 Juliano
1577 3120 1647 3173 ab
1670 3120 1866 3174 exsilio

275 3214 491 3268 reversi
528 3222 735 3268 essent.
774 3214 1146 3268 Athanasium
1193 3228 1363 3282 porro
1404 3213 1510 3266 sub
1539 3211 1864 3267 Constantio

276 3305 508 3371 quidem
530 3305 707 3358 exsilii
734 3318 900 3358 causa
928 3305 1107 3359 solum
1136 3304 1368 3357 vertisse
1394 3304 1675 3367 dicebant,
1699 3314 1865 3372 atque

275 3396 350 3449 ab
386 3396 586 3450 eodem
640 3396 932 3450 reductum
982 3405 1149 3465 atque
1193 3396 1247 3448 iu
1283 3396 1663 3465 episcopatum
1705 3411 1862 3449 suum

276 3487 605 3542 restitutum
634 3501 796 3541 esse:
834 3485 1117 3541 lulianum
1152 3496 1369 3551 autem,
1414 3503 1538 3541 cum
1572 3503 1765 3541 onmes
1795 3488 1863 3541 ab

275 3580 477 3634 exsilio
520 3589 848 3644 revocaret,
888 3594 1060 3631 unum
1097 3581 1246 3632 hunc
1280 3591 1633 3647 persecutum
1668 3581 1862 3646 fuisse,

276 3686 446 3740 quem
482 3671 703 3725 tandem
734 3671 1062 3726 Jovinianus
1091 3672 1418 3725 restituerit.
1456 3671 1582 3726 Haec.
1613 3687 1737 3726 eum
1775 3672 1863 3726 di-

277 3773 513 3825 eerent,
570 3779 751 3831 neque
801 3762 1058 3831 praelecto
1115 3765 1553 3833 persuaderent,
1609 3768 1865 3822 restitere

280 3868 493 3920 tamen,
525 3866 581 3910 et
614 3858 725 3909 vim
766 3857 885 3909 lieri
925 3868 1032 3909 non
1071 3860 1398 3925 permisere.
1432 3855 1704 3910 Creteruni
1738 3874 1863 3911 eum

281 3951 485 4019 vulgus
513 3949 756 4018 undique
793 3951 1132 4012 conﬂueret,
1181 3959 1236 4003 et
1270 3949 1429 4003 turba
1464 3949 1658 4015 ingens
1701 3960 1864 4017 atque

279 4039 581 4101 tumultus,
614 4040 754 4093 adeo
779 4050 838 4091 tit
886 4039 1089 4093 seditio
1135 4049 1575 4106 exspectaretur,
1628 4041 1681 4092 in
1729 4042 1864 4093 urbe

274 4143 478 4187 esset:
514 4132 810 4200 prafeetus
846 4147 959 4185 rem
1000 4146 1120 4184 eam
1157 4132 1478 4201 imperatori
1514 4131 1863 4199 signiﬁcavit,

273 4226 645 4280 Athanasium
676 4225 749 4277 ibi
788 4239 1011 4277 manere
1046 4224 1393 4293 permittens.
1427 4223 1489 4276 Et
1520 4223 1715 4277 diebus
1744 4226 1866 4292 plu-

278 4319 441 4371 ribus
468 4317 705 4376 exactis.
730 4318 932 4370 sedi.io
958 4332 1022 4370 ea
1053 4318 1229 4385 sOpita
1261 4320 1373 4385 jam
1396 4332 1519 4370 esse
1550 4317 1860 4379 videbatur,

271 4427 405 4463 eum
468 4411 804 4463 Athanasius
856 4410 1072 4476 vesperi
1132 4410 1266 4461 urbe
1323 4409 1640 4477 egreditur,
1696 4417 1753 4462 et
1806 4410 1859 4461 in

1958 1930 2078 1985 dias
2103 1930 2207 1985 sibi
2235 1939 2470 1986 structas
2505 1931 2819 1996 przevidcrit
2844 1941 2899 1985 et
2927 1930 3138 1991 vitarit,
3163 1929 3379 1981 consilii
3408 1942 3531 1981 esse

1959 2022 2139 2075 visum
2174 2030 2276 2085 est,
2309 2024 2455 2091 quod
2483 2031 2703 2091 captum
2739 2022 3042 2075 humanum
3080 2020 3395 2073 excederet.
3431 2017 3534 2069 Alii

1961 2126 2095 2165 vero
2146 2111 2364 2176 dicunt,
2405 2128 2569 2177 eum,
2620 2115 2767 2182 quod
2818 2113 2963 2181 vulgi
3017 2112 3273 2165 insanum
3327 2119 3536 2162 motum

1961 2205 2349 2272 praesenserit,
2382 2214 2435 2257 et
2466 2205 2630 2257 simul
2668 2204 2879 2258 veritus
2908 2203 3012 2266 sit,
3046 2203 3090 2257 si
3119 2201 3250 2271 quid
3287 2200 3412 2254 inde
3444 2200 3541 2251 de-

1964 2295 2203 2349 trimeuti
2232 2296 2597 2368 provenisset,
2629 2311 2699 2350 ne
2722 2296 2839 2360 ipse
2870 2304 3073 2349 auctor
3102 2294 3228 2347 mali
3261 2293 3383 2361 ejus
3418 2308 3539 2344 esse

1963 2388 2280 2453 videretur,
2331 2396 2449 2441 toto
2490 2404 2556 2441 eo
2586 2397 2833 2457 tempore
2863 2388 2939 2456 (l)
2991 2388 3043 2440 in
3081 2396 3309 2456 paterno
3342 2400 3539 2438 monu-

1964 2487 2149 2531 mento
2176 2477 2481 2532 delituisse.
2518 2478 2697 2547 Atque
2726 2478 2817 2531 ille
2852 2477 3076 2546 quidem
3110 2477 3191 2530 sic
3215 2473 3457 2545 profugit
3486 2480 3543 2525 ct

1965 2572 2147 2626 latuit.
2175 2571 2294 2625 Non
2320 2572 2482 2638 longe
2516 2581 2701 2624 autem
2729 2578 2851 2637 post
2877 2570 3181 2637 imperator
3209 2566 3404 2619 litteris
3428 2564 3542 2617 suis

1966 2679 2093 2717 eum
2126 2664 2438 2727 revocavit,
2475 2672 2531 2717 et
2560 2663 2856 2717 ecclesiam
2891 2661 3143 2717 obtinere
3170 2660 3351 2728 jussit.
3392 2656 3543 2711 Stri-

1970 2763 2118 2822 ptum
2151 2755 2255 2808 hoc
2301 2764 2498 2822 praeter
2526 2753 2699 2806 animi
2729 2752 3059 2808 sententiam
3107 2750 3390 2804 Valentem
3424 2746 3545 2801 edi-

1969 2846 2116 2899 disse
2159 2845 2377 2913 Opinor,
2420 2844 2503 2898 vel
2546 2844 2695 2911 quod
2741 2843 3029 2898 Athanasii
3075 2842 3304 2911 gloriam
3354 2855 3541 2895 secum

1970 2938 2083 3004 ipse
2116 2946 2419 3004 reputaret,
2458 2952 2521 2990 ac
2562 2936 3059 3006 reprehensionem
3099 2936 3220 3004 ejus
3251 2935 3330 2989 rei
3367 2950 3396 2988 a
3433 2933 3541 2987 Va-

1972 3029 2306 3089 lentiniano,
2358 3030 2452 3097 qui
2497 3030 2779 3083 Nicaenum
2830 3030 3111 3083 decretum
3161 3028 3542 3096 profitebatur,

1970 3129 2316 3188 exspectaret
2345 3136 2360 3174 :
2409 3120 2493 3175 vel
2527 3124 2672 3190 quod
2722 3130 2928 3176 motum
2962 3136 3156 3175 eorum
3188 3118 3290 3189 qui
3318 3118 3540 3187 plurimi

1969 3214 2122 3268 illum
2154 3214 2474 3279 laudabant,
2517 3230 2585 3269 ne
2634 3230 2729 3283 per
2760 3230 3028 3269 novarum
3076 3228 3258 3267 rerum
3296 3212 3540 3265 studium

1968 3307 2275 3376 respublica
2319 3306 2523 3375 aliquid
2548 3307 2863 3361 detrimenti
2906 3316 3152 3375 caperet,
3198 3315 3514 3373 suspectum

1969 3400 2215 3453 haberet.
2265 3397 2475 3467 Opinor
2521 3414 2743 3467 quoque
2791 3399 3009 3452 Arianze
3063 3398 3289 3451 hairesis
3340 3398 3541 3449 antesi-

1967 3504 2203 3559 gnanos,
2237 3489 2310 3541 ita
2345 3499 2404 3542 ut
2435 3504 2533 3557 par
2559 3498 2702 3550 erat,
2734 3504 2841 3542 non
2871 3489 3168 3543 admodum
3189 3490 3300 3555 jam
3336 3488 3388 3540 in
3418 3487 3538 3553 ejus

1967 3582 2069 3634 viri
2120 3580 2583 3649 proscriptionem
2642 3580 2944 3649 urgendam
2989 3579 3359 3634 incubuisse:
3400 3578 3533 3631 illud

1969 3673 2392 3742 perpendentes,
2436 3674 2479 3727 si
2527 3676 2665 3728 urbe
2709 3675 3027 3743 ejiceretur,
3067 3672 3183 3726 fore
3224 3683 3276 3723 ut
3316 3686 3536 3725 rursum

1969 3765 2401 3833 imperatoribus
2436 3766 2697 3818 molestus
2735 3766 2926 3828 lleret,
2968 3766 3425 3833 occasionemque
3469 3774 3539 3817 cx

1966 3871 2030 3909 ea
2075 3872 2132 3908 re
2184 3857 2305 3909 illos
2348 3856 2716 3924 compellandi
2751 3856 2999 3915 haberet.
3052 3856 3441 3924 Valentemque
3486 3857 3541 3908 in

1968 3948 2299 4000 sententiam
2332 3962 2485 4000 suam
2518 3947 2843 4010 adduceret,
2882 3948 3328 4013 Valentinianum
3357 3960 3538 4003 autem

1968 4040 2071 4093 sibi
2124 4042 2559 4094 consentientem
2611 4039 2677 4091 ad
2732 4040 2868 4091 iram
2920 4040 3087 4093 etiam
3140 4049 3537 4093 commoveret.

1970 4132 2272 4185 Plurimum
2312 4145 2550 4199 namque
2579 4146 2708 4185 eum
2743 4139 3088 4194 metueruut,
3124 4132 3386 4183 virtutem
3421 4132 3542 4198 ejus

1970 4222 2023 4272 in
2058 4221 2223 4273 rebus
2250 4235 2371 4287 quae
2404 4222 2507 4272 sub
2547 4218 2877 4274 Constantio
2916 4220 3271 4282 acciderant,
3303 4225 3539 4288 experti.

1969 4309 2122 4362 Adeo
2151 4309 2296 4363 enim
2330 4320 2441 4363 ttun
2470 4325 2693 4379 quoque
2728 4311 3079 4364 inimicorum
3110 4312 3342 4363 consilia
3372 4320 3428 4363 et
3459 4312 3541 4362 iii-

1970 4402 2135 4454 sidias
2166 4400 2512 4470 propulerat,
2543 4411 2603 4454 ut
2627 4403 2676 4455 ei
2713 4402 2790 4455 illi
2821 4418 2927 4455 non
2958 4411 3180 4465 gravate
3210 4403 3456 4455 ecclesiis
3486 4402 3537 4453 in

275 4503 489 4571 priedio
538 4502 776 4570 quodam
816 4502 1015 4556 latitat.
1067 4500 1285 4571 Aigypti
1326 4512 1510 4553 autem
1546 4500 1858 4569 praefectus,
1895 4477 1936 4531 θ
1963 4492 2199 4562 Λῖὲγριο
2247 4495 2529 4554 cederent.
2562 4502 2617 4547 et
2657 4509 2721 4547 ea
2753 4494 2823 4547 de
2865 4508 3031 4547 causa
3077 4494 3216 4562 ipse,
3262 4494 3352 4545 vix
3401 4494 3545 4545 Con—

270 4605 332 4648 ct
365 4594 653 4661 copiarum
688 4593 1008 4645 militarium
1041 4608 1164 4659 quae
1200 4593 1271 4645 ibi
1304 4602 1466 4642 erant
1496 4592 1621 4642 dux.
1662 4590 1861 4642 intem-

272 4694 436 4754 pesta
463 4695 629 4738 nocte
660 4686 713 4737 in
742 4684 1059 4742 ecclesiam.
1091 4685 1181 4737 ubi
1210 4676 1302 4737 ille
1329 4682 1670 4736 domicilium
1698 4695 1859 4733 suum

274 4777 543 4835 habebat.
585 4776 781 4841 venit,
832 4787 888 4830 et
932 4777 986 4829 in
1037 4775 1372 4829 habitaculis
1402 4774 1569 4827 etiam
1610 4774 1864 4841 superio-

272 4873 437 4925 ribus
484 4869 778 4937 diligenter
825 4884 953 4921 eum
1011 4869 1209 4937 quaerit
1249 4885 1262 4917 :
1297 4867 1391 4919 sed
1445 4866 1709 4934 opinione
1763 4879 1861 4918 sua

270 4962 611 5021 frustratus.
668 4978 727 5014 re
780 4960 979 5014 infecta
1030 4959 1167 5013 abit.
1219 4959 1646 5013 Existintaverat
1692 4955 1861 5017 enim,

273 5049 430 5118 quod
484 5049 641 5117 plebs
689 5048 913 5102 tandem
969 5048 1175 5116 prioris
1227 5059 1443 5109 motus,
1476 5062 1585 5115 quo
1632 5047 1860 5100 excitata

274 5144 488 5205 fuerat,
530 5143 704 5195 oblita
739 5152 907 5202 esset,
938 5152 994 5194 et
1028 5156 1281 5194 somnum
1320 5154 1519 5193 omnes
1544 5147 1860 5206 carperent,

271 5236 443 5291 facile
492 5250 551 5288 se
585 5236 939 5300 imperatoris
993 5234 1262 5302 imperata
1317 5240 1752 5291 exsecuturum,
1808 5236 1863 5280 et

276 5328 477 5382 urbem
510 5326 628 5381 sine
652 5326 926 5380 seditione
952 5336 1196 5396 pacatam
1221 5332 1673 5380 conservaturum
1716 5335 1857 5374 esse.

271 5418 542 5475 Sedenim
604 5418 919 5487 pra-fectus.
963 5428 1020 5472 et
1058 5416 1154 5485 qui
1199 5432 1325 5471 cum
1370 5432 1438 5471 eo
1478 5423 1657 5475 erant,
1712 5411 1859 5480 quod

269 5508 645 5565 Athanasium
683 5524 789 5561 non
829 5509 1194 5571 invenissent,
1229 5507 1386 5561 valde
1422 5513 1551 5560 sunt
1580 5502 1858 5559 admirati.

270 5604 405 5660 Sive.
451 5602 602 5657 enim
646 5600 819 5656 divini
871 5600 1125 5656 Numinis
1168 5599 1372 5655 iudicio
1401 5638 1414 5663 ,
1447 5613 1543 5654 seu
1576 5595 1859 5651 hominum

351 5738 432 5801 (Ι)
467 5734 747 5791 Μρηςίιιυε
781 5746 1034 5805 1ualuor.
1080 5735 1341 5787 (Sui-ram

1967 4586 2156 4639 stantii
2202 4586 2403 4639 litteris
2437 4586 2823 4655 acquiescens,
2848 4602 2915 4640 ex
2948 4588 3102 4641 Italia
3136 4587 3359 4640 rediret.
3396 4587 3539 4639 (lau-

1966 4696 2080 4733 sam
2124 4678 2384 4745 quidem,
2432 4680 2793 4747 quamobrem
2827 4679 3161 4732 Athanasius
3204 4695 3313 4732 non
3350 4680 3538 4732 itidem

1969 4764 2144 4821 ut'alii
2180 4784 2248 4822 ex
2289 4768 2526 4823 ecclesia
2572 4770 2766 4838 pulsus
2797 4769 2870 4823 sit
2893 4808 2908 4832 ,
2958 4769 3101 4823 hanc
3130 4785 3251 4823 esse
3284 4770 3539 4838 conjicin.

1967 4860 2072 4911 Alii
2122 4872 2254 4913 vero
2298 4860 2543 4928 episc0pi
2578 4870 2790 4914 tantum
2829 4875 2939 4914 nou
2973 4862 3383 4929 persecutione,
3419 4876 3542 4928 quae

1969 4951 2076 5003 illis
2107 4965 2204 5019 par
2235 4960 2401 5012 esset,
2435 4965 2557 5019 quae
2588 4952 2658 5003 ab
2684 4951 2995 5004 idololatris
3022 4953 3271 5004 excitate
3299 4951 3538 5013 l'uerant,

1968 5053 2096 5097 sunt
2129 5044 2381 5110 expetiti.
2415 5043 2621 5097 Exsilia
2652 5043 2884 5097 enimet
2917 5044 3332 5112 deportationes
3365 5045 3416 5095 in
3445 5059 3541 5095 eos

1965 5137 2056 5203 qui
2095 5152 2201 5189 non
2248 5136 2439 5190 eadem
2482 5152 2608 5189 cum
2656 5137 2882 5192 Valente
2916 5138 3219 5195 sentirent.
3265 5136 3536 5189 decerne-

1968 5226 2192 5293 bantur,
2245 5238 2300 5281 et
2352 5236 2524 5282 sacrae
2566 5229 2714 5284 aedes
2755 5229 2823 5283 iis
2852 5228 3076 5298 quidem
3128 5228 3537 5290 adimebantur,

1966 5319 2087 5371 aliis
2129 5330 2308 5372 autem
2355 5319 2860 5375 committebantur.
2905 5318 3172 5390 [Egyptus
3220 5333 3352 5371 vero
3402 5316 3535 5369 dum

1967 5409 2272 5465 Athanasio
2303 5412 2408 5464 vita
2442 5413 2795 5481 suppetebat,
2835 5411 3103 5466 malorum
3136 5408 3406 5478 ejusmodi
3440 5408 3541 5461 im-

1969 5500 2153 5554 munis
2180 5510 2235 5554 et
2265 5514 2465 5569 expers
2496 5502 2620 5555 luit.
