4288 6438
747 375 848 431 607

1962 383 2378 443 NICEPHOIU
2417 387 2767 448 CALLlSTl

3899 399 4007 461 608

2189 498 2412 553 CAPUT
2471 499 2561 553 XI.

773 611 850 673 Ως
906 607 1272 679 διῃρέθησαν
1333 615 1386 664 οἱ
1436 614 1717 680 Ἀμειιινοὶ
1749 618 1873 693 ικαὶ-
1917 618 2316 693 Europ/aret"
2354 621 2451 693 κᾳὶ
2494 622 2628 689 περὶ
2693 626 2992 693 Εὐνομίου
3059 626 3159 678 καὶ
3200 628 3452 682 Ἀετίου·
3510 628 3607 682 καὶ
3657 629 3775 682 ὅσα
3853 634 4006 686 κατὰ

1699 687 1809 752 τῆς
1843 687 2168 754 ὁρθοδόξου
2210 687 2607 759 ἐνεωτέρισαν
2645 687 2926 762 πίστεώς.

748 794 808 845 l't
850 794 1037 847 Ariani
1063 802 1111 846 et
1139 792 1462 848 Eunomiaui
1493 813 1585 865 per
1615 798 1893 884 dimidium
1917 802 2020 853 sint
2048 801 2273 869 sejuncti
2301 816 2318 854 :
2365 811 2414 854 et
2445 805 2510 855 de
2547 809 2808 884 Eunomia
2835 817 2885 863 et
2921 812 3092 876 Aetio,
3138 822 3188 866 et
3217 831 3334 884 qua
3400 817 3440 870 ii
3499 827 3684 872 contra
3759 823 4009 874 ονυιοιιυ-

1659 883 1788 921 :rum
1821 870 1975 937 ﬁdem
2004 888 2258 924 novarum
2290 888 2466 928 rerum
2491 878 2666 930 studio
2695 879 2800 932 sint
2832 885 3030 937 conati.

817 981 975 1051 124
1015 981 1126 1035 Sub
1173 983 1314 1035 idem
1351 995 1567 1051 tempus
1611 984 1916 1039 Eunomius
1959 989 2030 1041 ab
2065 988 2313 1042 Eudoxio
2347 994 2393 1050 Α
2420 991 2536 1048 Arii
2575 999 2846 1052 sententia
2885 1003 3275 1068 permansisse.
3315 1003 3613 1074 Postquam
3650 1021 3786 1061 vero
3813 1006 4002 1078 Cyzici

739 1079 988 1138 secessit,
1023 1088 1077 1130 et
1105 1079 1337 1131 seorsim
1377 1093 1507 1130 suos
1545 1080 1646 1132 sibi
1680 1091 1988 1134 conventus
2018 1086 2151 1152 egit,
2188 1100 2317 1154 pro-

741 1182 924 1236 pterea
977 1173 1123 1238 quod
1179 1185 1302 1224 cum
1355 1174 1590 1241 saepius,
1661 1184 1720 1226 ιιι
1772 1187 2079 1245 praeceptor
2140 1176 2316 1246 ipsius

741 1264 932 1315 Aetius
974 1265 1027 1316 iu
1074 1265 1302 1334 gratiam
1347 1276 1405 1320 et
1450 1269 1902 1323 communionem
1951 1273 2314 1340 reciperetur,

740 1355 1048 1408 liudoxium
1100 1368 1370 1423 rogasset,
1422 1359 1472 1413 id
1534 1361 1835 1430 impetrare
1883 1379 1993 1418 non
2049 1367 2314 1433 potuerit.

738 1450 852 1502 Non
903 1451 1028 1505 ideo
1075 1463 1256 1506 autem
1303 1453 1522 1508 Actium
1554 1466 1837 1511 aversatus
1885 1467 1971 1512 est
2012 1458 2316 1526 Eudoxius,

737 1543 881 1609 quod
917 1545 1165 1600 haeresim
1208 1547 1325 1617 ejus
1352 1563 1574 1601 exosam
1618 1548 1870 1611 haberet,
1902 1564 2068 1618 quam
2108 1551 2318 1607 scilicet

738 1638 972 1688 maxime
1013 1638 1435 1708 depraedicabat,
1475 1641 1570 1696 sed
1611 1643 1758 1712 quod
1800 1657 2000 1698 omnes
2031 1643 2125 1712 qui
2189 1659 2314 1698 cum

739 1728 986 1781 l-ludoxio
1017 1734 1440 1786 con~entiebant
1488 1736 1557 1788 ab
1611 1736 1770 1789 Aetio
1804 1745 1995 1806 utpote
2043 1738 2318 1792 diversam

736 1821 806 1870 ab
844 1835 909 1872 eo
955 1823 1257 1877 doctrinam
1292 1835 1516 1880 tenente
1559 1827 1943 1882 abhorrerent.
1977 1830 2155 1897 Atque
2201 1831 2317 1884 haec

742 1914 853 1978 ipsa
881 1929 1043 1968 causa
1080 1917 1202 1980 fuit,
1231 1933 1330 1972 cur
1366 1919 1510 1972 inter
1543 1919 1858 1972 Eudoxium
1894 1929 1950 1974 et
1979 1921 2314 1974 Eunomium

741 2004 1012 2060 discessio
1055 2009 1230 2062 ﬁeret.
1280 2010 1454 2064 Porro
1508 2012 1703 2067 Aetius
1750 2014 2056 2068 vehemens
2089 2023 2146 2068 et
2191 2030 2319 2069 acer

738 2099 956 2153 Arianae
993 2102 1216 2156 Ineresis
1247 2115 1492 2158 assertor
1523 2113 1577 2159 et
1615 2116 1993 2175 propugnator
2025 2107 2164 2168 fuit,
2197 2117 2316 2161 arte

740 2193 1040 2259 sophistica
1079 2201 1214 2248 bene
1255 2199 1585 2252 instructus.
1621 2198 1883 2252 Eamdem
1920 2211 2105 2254 autem
2141 2202 2316 2257 haere-

740 2286 840 2338 sim
875 2287 1046 2355 magis
1080 2288 1245 2340 etiam
1287 2288 1597 2358 discipulus
1628 2291 1746 2361 ejus
1786 2292 2099 2349 Eunomius
2128 2293 2319 2348 defen-

740 2376 841 2442 dit,
892 2378 997 2443 vir,
1043 2380 1187 2446 quod
1227 2379 1462 2434 ltutiuus
1506 2383 1614 2447 ait,
1664 2393 1720 2438 et
1761 2398 1995 2453 corpore
2041 2396 2099 2440 et
2132 2387 2314 2441 anima

738 2469 1029 2538 leprosus,
1063 2482 1225 2540 atque
1270 2474 1412 2526 intra
1450 2485 1505 2528 et
1539 2487 1694 2530 extra
1739 2480 1935 2531 morbo
1983 2479 2134 2549 regio
2181 2481 2316 2532 inl‘e-

738 2574 862 2616 ctus
911 2564 1026 2633 (l),
1078 2565 1192 2634 ipse
1234 2582 1456 2636 quoque
1499 2581 1616 2622 arte
1661 2568 1946 2624 dialectica
1986 2584 2315 2640 praepotens.

739 2652 995 2708 lion-esito
1028 2656 1145 2724 ejus
1197 2656 1420 2726 quidam
1469 2658 1538 2711 ab
1568 2659 1689 2728 ejus
1739 2662 1963 2714 nomine
2014 2664 2315 2731 appellant.

741 2744 842 2795 Alii
874 2743 980 2794 τῶν
1020 2745 1314 2813 ἀνομοίων,
1367 2747 1470 2802 hoc
1518 2760 1625 2810 est,
1661 2750 2044 2814 dissimilium,
2095 2765 2314 2808 vocant.

741 2837 885 2888 Sunt
915 2850 1165 2891 auctores
1206 2836 1427 2899 quidam
1451 2880 1466 2905 ,
1507 2840 1598 2905 qui
1629 2840 1962 2895 Eunomium
1998 2844 2165 2897 ismm
2202 2846 2317 2912 pri-

741 2945 890 2980 mum
933 2946 1126 2984 ausum
1176 2932 1345 2986 fuisse
1381 2933 1577 2987 dicunt
1611 2935 1936 3000 instituere,
1992 2945 2050 2988 ut
2096 2935 2316 2990 divinus

743 3023 1046 3090 baptismus
1107 3025 1384 3080 mersione
1441 3043 1548 3080 una
1607 3038 2016 3097 perageretur:
2083 3039 2141 3082 et
2193 3045 2316 3083 eam

739 3132 860 3182 quis
889 3118 957 3169 ab
985 3118 1248 3184 apostolis
1279 3135 1375 3187 per
1407 3135 1602 3176 manus
1637 3132 1864 3189 accepta
1903 3121 2068 3175 hodie
2099 3137 2321 3191 quoque

744 3209 948 3278 ubique
981 3221 1256 3274 servatur,
1293 3213 1652 3268 traditionem
1685 3216 2025 3281 adulterare,
2061 3228 2116 3270 et
2150 3220 2318 3272 ritum

739 3302 910 3355 alium
941 3303 992 3356 in
1032 3305 1265 3359 ecclesia
1292 3306 1588 3377 Cyzicena,
1629 3310 1980 3364 accuratiore
2011 3311 2321 3371 sanctiore-

741 3408 846 3464 quc
877 3397 1143 3464 gravitate
1176 3399 1474 3452 novitatem
1516 3415 1670 3454 suam
1715 3401 2110 3470 obtegentem,
2163 3403 2320 3458 inve-

745 3487 911 3541 nisse.
954 3488 1076 3542 Fuit
1119 3503 1335 3555 autem,
1369 3492 1530 3547 sicuti
1577 3495 1790 3548 dictum
1825 3505 1942 3558 est,
1976 3505 2032 3550 et
2065 3497 2324 3552 Sozome-

747 3567 847 3634 nus
903 3590 1170 3646 testatur,
1228 3584 1388 3654 cujus
1445 3586 1616 3640 verba
1678 3587 1962 3642 ascribere
2014 3589 2191 3652 libet,
2253 3591 2321 3643 ad

2421 1084 2714 1154 episc0pus
2755 1087 2930 1143 factus
2980 1101 3162 1155 esset,
3207 1109 3238 1147 a
3287 1095 3437 1168 clero
3483 1111 3608 1148 eum
3662 1112 3800 1158 suo.
3855 1101 4004 1167 quod

2421 1190 2562 1228 nova
2618 1177 2934 1234 institueret
2990 1183 3285 1253 dogmata,
3333 1197 3649 1240 accusatum
3703 1203 3848 1242 esse.
3899 1190 4012 1242 En-

2421 1270 2647 1327 doxium
2703 1291 2908 1342 porro,
2961 1279 3054 1347 qui
3096 1288 3212 1335 tum
3259 1281 3738 1349 Constantinopoli
3789 1281 4010 1335 Ariana:

2422 1364 2618 1420 baresi
2657 1371 2900 1438 praefuit.
2936 1371 3090 1426 illum
3123 1373 3504 1436 accersivisse,
3533 1386 3699 1443 atque
3738 1385 3796 1424 ut
3825 1373 4002 1425 verba

2422 1458 2487 1511 ad
2519 1460 2782 1528 populqu
2811 1462 2880 1517 de
2904 1462 3155 1518 doctrina
3182 1480 3280 1519 sua
3314 1466 3544 1530 faceret,
3576 1466 3626 1518 ei
3655 1465 4004 1533 permisisse.

2421 1549 2642 1604 Etcum
2693 1552 2831 1607 nihil
2871 1555 2927 1608 in
2963 1569 3030 1608 eo
3076 1555 3431 1619 damnasset,
3478 1571 3606 1609 eum
3645 1555 3706 1608 ut'
3742 1554 4004 1626 Cyzicum

2422 1643 2628 1698 rediret
2658 1644 3005 1700 cohortatum
3031 1662 3154 1702 esse
3179 1664 3196 1702 :
3231 1649 3386 1702 illum
3418 1663 3554 1703 vero
3581 1647 3813 1711 dixisse,
3840 1662 3901 1701 se
3931 1645 4006 1699 de

2422 1748 2625 1790 caetero
2660 1752 2786 1790 cum
2817 1744 2900 1792 eis
2932 1739 3027 1807 qui
3065 1754 3124 1793 se
3155 1749 3478 1808 suspectum
3515 1740 3784 1793 haberent
3806 1780 3820 1803 ,
3854 1739 4008 1792 futu-

2422 1845 2542 1881 rum
2570 1845 2678 1884 non
2705 1844 2847 1892 esse,
2879 1839 3318 1900 praetextumque
3354 1845 3483 1884 eum
3509 1829 3868 1883 discessionis
3893 1843 4010 1881 sua:

2421 1920 2782 1976 obtendisse:
2839 1936 2965 1976 cum
3021 1936 3216 1976 revera
3266 1937 3432 1976 causa
3484 1922 3572 1976 illa
3625 1913 3808 1984 esset,
3855 1920 4008 1989 quod

2422 2025 2814 2083 praeceptorem
2874 2030 3039 2070 suum
3103 2015 3324 2070 Aetium
3367 2023 3652 2084 receptum
3717 2029 3827 2068 non
3882 2028 4009 2068 esse

2421 2122 2564 2175 a-gre
2602 2107 2810 2163 ferret:
2855 2107 3249 2176 hominemque
3295 2107 3350 2160 in
3385 2117 3570 2175 empto
3604 2120 3706 2160 suo
3755 2119 4008 2175 perseve-

2422 2214 2576 2253 rasse
2598 2238 2612 2262 ,
2648 2209 2707 2252 et
2741 2198 2879 2254 nihil
2921 2199 2991 2254 de
3022 2199 3213 2268 priore
3248 2199 3514 2268 opinione
3554 2213 3651 2253 sua
3696 2206 4006 2252 mutantem

2424 2290 2700 2358 privatum
2750 2289 2973 2344 vixisse.
3017 2288 3084 2344 Et
3137 2288 3256 2344 haec
3307 2288 3532 2358 quidem
3585 2288 3680 2342 alii
3734 2288 3803 2341 ad
3859 2289 4009 2341 hunc

2423 2379 2684 2442 modum,
2729 2379 2820 2432 alii
2871 2394 3000 2434 vero
3042 2377 3207 2432 aliter
3255 2379 3502 2434 tradunt.
3557 2378 3816 2434 Sedenitn
3887 2380 4012 2434 sive

2421 2470 2732 2525 Eunomius
2777 2486 2876 2526 seu
2912 2471 3006 2525 alii
3057 2471 3284 2540 quidam
3342 2471 3699 2549 traditionem
3745 2472 4010 2540 baptismi

2424 2564 2764 2618 innovarunt
2787 2602 2802 2626 ,
2835 2564 2937 2618 soli
2974 2563 3055 2618 illi
3091 2564 3404 2634 periculosa
3444 2563 3547 2618 ista
3584 2565 3798 2618 ratione
3833 2563 4011 2617 divini

2423 2659 2678 2728 baptismi
2711 2671 2968 2726 expertes
2997 2658 3133 2711 mihi
3164 2673 3194 2711 e
3234 2656 3346 2711 vita
3382 2656 3692 2711 excessisse
3724 2657 4009 2710 videntur.

2423 2749 2480 2806 Si
2509 2749 2656 2802 enim
2708 2750 2810 2820 ipsi
2860 2749 2929 2802 ab
2981 2748 3140 2802 initio
3192 2760 3414 2817 recepta
3461 2749 3866 2802 consuetudine
3914 2749 4013 2802 ba-

2424 2841 2638 2910 ptizati,
2663 2842 2899 2909 primum
2923 2841 3138 2910 seipsos
3180 2840 3523 2908 rebaptizare
3548 2854 3655 2893 non
3681 2851 4010 2908 potuerunt,

2423 2945 2518 2988 aut
2545 2934 2692 3002 quod
2718 2934 2770 2986 in
2797 2934 2931 3002 ipsis
2959 2948 3068 2986 non
3089 2932 3314 2994 accidit,
3341 2931 3503 3000 primi
3537 2932 4009 2987 introduxerunt:

2423 3026 2685 3095 quodque
2732 3042 2914 3095 neque
2951 3026 3056 3093 ipsi
3108 3041 3206 3094 per
3253 3039 3312 3079 se
3359 3025 3643 3089 habuere,
3680 3012 3862 3094 neque
3914 3040 4013 3093 per

2424 3120 2563 3173 alios
2591 3133 2879 3187 accepere,
2908 3119 2958 3170 id
2987 3119 3040 3170 in
3070 3117 3212 3171 alios
3245 3118 3611 3172 contulerunt
3639 3136 3654 3170 :
3687 3132 3814 3170 cum
3844 3133 4015 3186 super

2427 3213 2586 3267 initio
2613 3223 2670 3267 et
2704 3211 3061 3265 fundamento
3095 3210 3244 3280 quod
3278 3209 3588 3264 subsistere
3629 3220 3874 3278 nequeat
3901 3211 4008 3278 (5),

2425 3316 2636 3371 suaque
2685 3300 2930 3370 ipsorum
2983 3297 3302 3368 arrogantia
3327 3338 3341 3360 ,
3375 3298 3575 3368 dogma
3610 3298 3716 3353 hoc
3761 3298 4016 3354 institue-

2427 3403 2594 3448 runt:
2632 3403 2747 3447 tum
2785 3407 2907 3461 quae.
2942 3391 3045 3461 ipsi
3079 3406 3188 3445 non
3221 3399 3584 3460 acceperunt,
3616 3390 3738 3445 aliis
3773 3393 4017 3445 tradide-

2427 3494 2580 3549 runt,
2631 3481 2779 3552 quod
2827 3496 2959 3534 sane
3009 3480 3240 3534 stultum
3291 3494 3357 3533 ac
3402 3478 3666 3534 stolidum
3708 3488 3814 3534 est.
3872 3480 4013 3534 Illud

2425 3577 2574 3631 enim
2609 3589 2709 3630 sua
2757 3572 2924 3627 etiam
2962 3572 3209 3642 ipsorum
3257 3569 3609 3626 confessione
3644 3579 3880 3637 constat,
3917 3573 4014 3641 qui

742 3675 1024 3729 orationes
1063 3674 1385 3730 scribendas
1413 3694 1522 3730 non
1557 3681 1800 3747 ineptus,
1830 3681 2183 3736 contentiosa
2208 3681 2321 3736 dis-
2349 3706 2392 3760 ο
2429 3670 2546 3737 ipse
2591 3666 2850 3737 baptismi
2895 3665 3069 3719 sacris
3094 3662 3347 3720 ίηίίίθιυε
3393 3678 3506 3718 Ιιοιι
3555 3663 3650 3729 Sil.
3697 3679 3824 3718 θυίη
3875 3664 4016 3718 alius

743 3765 969 3833 putandi
1022 3781 1222 3835 genere
1280 3777 1337 3821 et
1396 3769 1728 3839 syllogismis
1783 3771 2070 3840 gaudens:
2127 3775 2322 3841 quales

743 3866 1044 3911 sectatores
1093 3859 1214 3926 ejus
1264 3859 1447 3914 adhuc
1500 3862 1704 3915 multos
1757 3862 1945 3916 videre
1992 3871 2097 3916 est.
2139 3883 2156 3915 ι
2197 3863 2320 3918 Non

746 3959 851 4000 tam
888 3949 1034 4002 enim
1084 3949 1161 4002 illi
1208 3951 1372 4004 vitam
1412 3951 1733 4016 honestam,
1769 3968 1952 4008 mores
1999 3965 2224 4009 sanctos
2265 3965 2324 4009 et

746 4040 1035 4109 benignam
1085 4057 1213 4108 erga
1251 4059 1456 4111 egenos
1503 4045 1978 4108 misericordiam,
2030 4048 2073 4100 si
2127 4047 2320 4101 eadem

744 4149 867 4186 cum
906 4135 1041 4202 ipsis
1076 4137 1339 4200 sentiant,
1381 4151 1547 4206 quam
1584 4137 1630 4190 si
1662 4138 1788 4206 quis
1820 4140 2170 4194 contentiose
2199 4141 2318 4196 dis-

745 4243 956 4290 serere,
988 4239 1042 4282 et
1075 4229 1408 4299 syllogismis
1435 4240 1603 4299 atque
1637 4231 2164 4288 ratiocinationibus
2196 4234 2324 4288 vin-

748 4334 875 4373 cere
904 4321 1179 4385 videatur,
1217 4323 1468 4380 laudant.
1507 4323 1670 4379 Tales
1700 4341 1936 4396 namque
1969 4327 2173 4396 pietate
2213 4343 2328 4381 rna-

743 4414 862 4481 jore
893 4427 1057 4482 supra
1095 4428 1289 4467 omnes
1322 4429 1443 4484 esse
1483 4416 1874 4472 existimantur
1902 4436 1914 4471 :
1949 4419 2113 4473 sicuti
2143 4419 2324 4473 Theo-

747 4505 1020 4572 phronius
1070 4506 1364 4576 Cappadox
1419 4517 1476 4562 et
1533 4508 1875 4578 Eutychios,
1937 4521 2103 4565 secta:
2161 4511 2329 4582 hujus

750 4598 1007 4662 stumosi,
1043 4599 1134 4668 qui
1164 4599 1470 4656 obtinentis
1498 4601 1665 4671 hujus
1691 4601 1909 4672 imperii
1947 4612 2195 4672 tempore
2219 4601 2323 4672 (‘2),

749 4692 962 4759 seipsos
1016 4690 1085 4745 ab
1145 4691 1386 4748 Ecclesia
1448 4695 1851 4755 rescindentes.
1911 4710 2039 4750 cum
2097 4695 2151 4749 in
2205 4695 2330 4751 aliis

751 4787 914 4835 rebus
947 4796 1014 4836 ex
1060 4783 1311 4838 Eunomii
1349 4787 1740 4855 Opinionibus,
1782 4797 1896 4841 tum
1937 4789 1993 4842 in
2041 4803 2198 4843 sacro
2235 4790 2329 4844 ba-

750 4875 948 4944 ptismo
982 4890 1070 4930 res
1102 4891 1275 4930 novas
1315 4878 1694 4944 induxerunt,
1735 4896 1843 4934 non
1883 4881 1937 4934 in
1971 4879 2326 4946 Trinitatem,

750 4967 848 5026 sed
880 4968 933 5020 in
958 4966 1161 5022 Christi
1194 4981 1426 5024 mortem
1462 4973 1853 5041 haptizandum
1883 4989 2006 5028 esse
2039 4975 2328 5028 docentes.

2430 3762 2710 3830 baptizare
2757 3774 2864 3812 non
2916 3772 3117 3828 posse:
3155 3756 3252 3824 qui
3303 3769 3435 3808 vero
3470 3755 3787 3810 traditionis
3818 3771 4015 3810 eorum

2431 3869 2586 3908 more
2633 3851 2943 3920 baptizatus
2992 3864 3102 3904 non
3135 3849 3240 3910 sit,
3273 3862 3402 3903 eum
3445 3863 3545 3918 pro
3588 3863 3700 3902 non
3736 3848 4018 3918 baptizata

2431 3946 2503 4000 ab
2543 3946 2626 3999 eis
2656 3942 2870 4004 haberi,
2904 3952 2965 3996 ut
3006 3941 3102 4012 qui
3137 3940 3247 3994 non
3283 3940 3527 4009 legitime
3560 3949 3911 3994 sacramento
3945 3955 4015 3992 eo

2436 4039 2688 4092 initiatus
2719 4037 2812 4090 sit.
2847 4035 3146 4090 Testantur
3171 4033 3277 4088 hoc
3304 4035 3546 4103 ipsimet,
3571 4033 3701 4087 dum
3736 4049 4021 4102 quoscun-

2434 4147 2542 4201 que
2578 4130 2634 4184 in
2664 4128 2997 4184 sententiam
3031 4140 3188 4181 suam
3223 4137 3567 4196 pertraxere,
3601 4127 3822 4181 etiamsi
3855 4136 4020 4181 antea

2437 4225 2596 4279 statis
2641 4222 2931 4278 catholicae
2979 4219 3238 4274 Ecclesiae
3281 4220 3634 4274 caeremoniis
3685 4220 3844 4274 tincti
3881 4220 4019 4281 sint,

2435 4318 2802 4387 rebaptizant.
2847 4314 2980 4380 Quae
3025 4313 3244 4366 novitas
3296 4325 3405 4364 non
3453 4325 3646 4379 parum
3689 4311 4017 4379 religionem

2437 4411 2712 4472 turbavit,
2757 4419 2812 4463 et
2857 4406 3347 4462 Christianismum
3382 4405 3666 4473 suscipere
3701 4403 4023 4458 volentibus

2436 4517 2662 4577 propter
2693 4504 3006 4571 dogmatum
3038 4499 3442 4553 dissensionem
3472 4495 3633 4552 valde
3667 4497 3906 4552 obstitit.
3947 4497 4021 4551 lle

2438 4598 2709 4656 Eunomio
2743 4610 2906 4666 porro
2946 4603 3000 4648 et
3048 4594 3207 4648 Aetio
3254 4592 3387 4645 illud
3413 4589 3622 4645 addere
3650 4591 3808 4655 libet,
3841 4590 4020 4644 Euno-

2437 4697 2634 4749 miana:
2681 4689 2905 4744 hzeresis
2935 4694 3220 4741 auctorem
3273 4686 3516 4755 primum
3561 4683 3782 4738 Aetium
3815 4683 4016 4753 Syrum

2437 4785 2648 4840 fuisse:
2681 4792 2738 4837 et
2775 4779 2933 4851 125
2964 4780 3056 4849 qui
3097 4778 3254 4848 juxta
3299 4777 3414 4832 Arii
3446 4777 3778 4831 sententiam
3814 4774 4018 4830 Filium

2438 4880 2590 4935 Patri
2644 4876 3005 4946 inaequalem,
3055 4881 3420 4941 creatumque
3467 4886 3627 4932 esse,
3687 4881 3743 4924 et
3789 4887 3856 4924 ex
3911 4887 4020 4924 non

2437 4970 2834 5027 exsistentibus
2861 4966 3141 5023 exstitisse
3171 4964 3438 5019 decrevit.
3473 4963 3538 5020 Et
3569 4964 3660 5032 qui
3701 4964 4021 5032 opinionem

753 5059 1081 5114 Eunomium
1133 5077 1264 5117 sane
1328 5065 1495 5133 aliqui
1556 5065 1757 5119 dicunt
1811 5066 1947 5120 nihil
2007 5065 2109 5120 hac
2163 5069 2217 5121 in
2273 5083 2330 5121 re
2364 5049 2406 5103 θ
2437 5081 2556 5121 eam
2594 5062 3006 5133 approbarunt,
3057 5058 3272 5112 Aetiani
3320 5058 3474 5125 prius
3525 5069 3655 5110 sunt
3691 5057 3846 5111 dicti.
3885 5061 4020 5108 Cum

754 5171 1010 5221 novasse,
1053 5157 1149 5212 sed
1183 5159 1652 5229 quemadmodum
1689 5162 1757 5214 ab
1795 5159 1954 5214 initio
1988 5172 2252 5230 coeperat,
2281 5161 2336 5214 in

824 5298 901 5364 (l)
936 5295 1157 5351 Sozom.
1196 5297 1298 5352 lib.
1332 5314 1408 5362 vn,
1439 5313 1561 5367 cap.
1584 5297 1674 5354 96.

823 5367 898 5437 (2)
930 5367 1228 5422 Theodosii
1256 5367 1508 5422 Junioris
1562 5369 1854 5437 imperium
1888 5367 2333 5437 intelligendum,

750 5439 816 5490 ad
867 5453 1030 5506 quem
1085 5439 1383 5493 Historiam
1435 5455 1588 5492 suam
1631 5441 2062 5493 ecclesiasticam
2117 5441 2335 5506 scripsit

753 5511 1111 5570 Sozomenus.
1159 5511 1317 5579 cujus
1363 5527 1426 5563 ea
1474 5520 1604 5563 sunt
1638 5514 1804 5564 verba
1847 5511 1946 5563 lib.
1981 5526 2054 5571 νι,
2089 5525 2212 5577 cap.
2244 5510 2332 5562 26.

751 5582 1008 5652 Socrates
1061 5592 1350 5652 propterea
1388 5581 1719 5635 Eunomium
1769 5581 1968 5652 Cyzico
2013 5579 2326 5634 Constanti-

753 5651 992 5718 ttOpolim
1047 5651 1112 5704 ad
1159 5651 1464 5705 Eudoxium
1505 5668 1785 5705 reversum
1822 5651 1948 5705 esse
1989 5662 2042 5705 et
2090 5667 2213 5703 cuin
2260 5664 2326 5702 et)

755 5723 1018 5794 mansiSse
1050 5723 1205 5787 dicit,
1241 5724 1382 5791 quod
1405 5723 1659 5794 Cyziceni
1696 5731 1802 5776 noti
1846 5724 2083 5776 lercntcs
2115 5722 2327 5794 ampul-

753 5793 924 5845 lnsant
965 5794 1083 5861 ejus
1113 5796 1259 5862 Ιοιιιιι
1285 5793 1478 5856 titiam,
1526 5795 1802 5847 hominem
1840 5795 1973 5846 urbe
2020 5793 2324 5859 exegerint.

769 5862 820 5915 In
860 5864 1165 5932 probxitatt:
1220 5867 1363 5918 enim
1416 5864 1681 5920 orationis
1721 5867 1836 5932 ejus
1878 5875 1927 5918 et
1981 5863 2326 5932 multiloquio

2445 5164 2669 5218 autem,
2724 5149 3190 5222 quemadmodum
3247 5159 3408 5202 antea
3461 5148 3740 5212 diximus,
3797 5149 4022 5218 quidam

2443 5296 2649 5365 ingens
2685 5292 2786 5365 fuit
2832 5289 3231 5365 sententiarum
3267 5286 3520 5365 penuria:
3558 5286 3774 5365 Et-Cll‘m
3825 5286 4025 5356 longos

2441 5354 2858 5432 conscripsisset
2912 5361 2962 5412 in
3021 5354 3310 5426 epistolam
3363 5356 3633 5432 Panthei!
3686 5354 4028 5411 llom.com-

2445 5426 2766 5497 incntarios,
2822 5443 3002 5486 timen
3059 5433 3101 5483 is
3150 5443 3382 5497 scopum
3423 5426 3574 5480 Pauli
3621 5436 3933 5497 pertingere
3975 5442 4032 5483 et

2446 5505 2663 5572 assequi
2700 5496 2804 5556 nun
2836 5501 3079 5571 potuisse
3111 5500 3336 5553 dicitur.
3362 5496 3486 5572 Lib.
3522 5513 3595 5559 iv,
3632 5513 3688 5572 c.
3729 5496 3784 5549 9.

2521 5567 2602 5642 (3i
2650 5567 2855 5627 Eodem
2913 5579 3259 5642 argumento
3296 5569 3373 5621 uti
3409 5567 3780 5642 temporibus
3823 5569 4036 5642 nostris

2437 5636 2746 5716 possemus,
2782 5645 2832 5696 in
2870 5636 3177 5695 refutandis
3213 5641 3293 5693 eis
3326 5640 3418 5707 qui
3458 5655 3654 5691 manus
3686 5636 3808 5716 aliis
3842 5639 4030 5716 impo-

2439 5708 2570 5771 itere
2607 5716 2832 5776 audent,
2877 5728 3000 5766 cum
3052 5727 3169 5764 eam
3225 5719 3552 5778 potestatem
3605 5723 3712 5763 non
3763 5708 4034 5774 habeant,

2437 5798 2492 5843 et
2534 5785 2838 5842 consecrati
2876 5797 3100 5853 prorsus
3143 5797 3248 5834 non
3284 5780 3415 5834 sint.
