4288 6438
234 447 342 509 609

1200 442 1798 502 ΕυωΕδιΑδΤιιῖιΕ
1840 442 2224 502 HISTORIA!
2266 442 2412 501 LIB.
2456 440 2559 500 Xl.

3376 440 3482 501 610

238 559 436 613 Filium
476 559 625 612 Patri
657 560 972 628 opoodstov,
1007 558 1558 619 consubstantialem,
1587 558 1807 626 quidam
1838 583 1883 641 Δ
1911 558 2230 627 Cyliceuam
2291 558 2579 611 ecclesiam
2641 568 2741 623 pro
2799 551 3018 606 Eleusio
3063 550 3477 620 gubernandam

236 652 603 718 ὀμιιιοούσιον,
643 649 1278 719 arquisubstanstialem,
1321 648 1617 701 dicendum
1683 664 1806 703 esse

234 753 597 796 assererem:
634 752 690 795 et
726 742 1042 811 imperatori
1083 754 1197 794 tuin
1244 740 1504 808 placitum
1539 750 1710 802 esset,
1748 750 1809 795 ut

234 834 305 886 de
362 834 724 888 Arimincnsis
781 832 1002 888 concilii
1060 832 1373 895 sententia,
1432 831 1603 886 Filius
1658 831 1806 885 Ρ.ιιι·ἰ

232 930 447 992 ὅμοιος,
476 926 722 993 aequalis,
744 923 1067 980 crederetur
1094 942 1107 978 :
1132 924 1322 977 Aetius
1352 923 1595 992 quidem,
1628 933 1686 976 ut
1713 924 1805 990 qui

237 1016 598 1083 blasphemus
627 1017 681 1070 in
731 1017 899 1071 Deum
936 1026 1103 1079 esset,
1136 1014 1336 1069 exsilio
1378 1025 1463 1068 est
1494 1024 1804 1067 mactatus:

237 1105 470 1158 haeresfs
494 1114 677 1159 autem
707 1107 830 1174 ejus
859 1104 1266 1175 quodammodo
1287 1105 1354 1159 ad
1384 1113 1604 1173 tempus
1630 1104 1807 1158 soluta

232 1197 413 1265 jacuit
438 1236 452 1257 ,
489 1196 636 1265 quod
673 1212 854 1266 neque
886 1198 1028 1251 alius
1074 1196 1345 1265 quispiam
1368 1235 1382 1258 ,
1431 1196 1523 1263 qui
1575 1195 1810 1265 alicujus

234 1298 388 1342 esset
421 1289 681 1353 nominis,
718 1304 896 1358 neque
925 1290 1043 1356 ipse
1077 1288 1378 1342 Eunomius
1407 1287 1483 1357 (l)
1526 1288 1808 1356 propalam

236 1388 296 1432 et
328 1378 503 1432 libere
534 1378 602 1432 de
637 1394 700 1432 ea
730 1380 1006 1435 disserere
1033 1379 1283 1434 auderet.
1317 1377 1588 1433 Caeterum
1633 1378 1722 1431 ubi
1764 1378 1810 1431 is

1915 650 2146 711 accepit,
2193 649 2591 718 conquiescere
2639 646 2865 699 omnino
2909 659 3016 697 non
3070 644 3280 711 potuit,
3325 652 3380 697 et
3424 640 3481 695 in

1919 742 2281 795 concionibus
2302 740 2368 793 ad
2396 738 2660 809 populum
2686 737 2823 791 Aetii
2855 735 3171 805 opinionem
3208 749 3398 787 rursus
3426 735 3481 786 in

1916 830 2153 882 medium
2204 830 2479 898 produxit.
2522 827 2700 896 Atque
2744 836 2795 879 ut
2835 824 2950 877 fieri
2995 824 3162 885 solet,
3213 837 3335 875 cum
3382 822 3483 873 ho-

1916 921 2092 974 mines
2125 921 2356 987 primutn
2390 922 2613 973 haeresis
2648 919 2806 973 istius
2836 927 3112 970 auctorem
3141 915 3477 984 ignorarent,

1915 1010 2290 1064 Eunomianos
2322 1020 2627 1065 sectatores
2662 1010 2783 1079 ejus
2814 1006 3272 1075 cognominarunt
3311 1043 3324 1064 ,
3357 1018 3483 1070 pro—

1914 1112 2102 1172 pterca
2130 1103 2274 1171 quod
2305 1113 2427 1169 post
2453 1104 2669 1155 Aetium
2705 1102 2894 1169 dogma
2928 1100 3033 1151 hoc
3070 1095 3366 1148 Eunomius
3398 1108 3483 1147 re-

1917 1194 2169 1257 novavit,
2206 1206 2263 1248 et
2302 1194 2507 1261 majore
2538 1193 2790 1257 audacia,
2823 1206 2985 1261 quam
3017 1188 3110 1258 qui
3148 1185 3200 1239 id
3243 1184 3482 1253 primum

1921 1284 2245 1349 tradiderat,
2280 1283 2549 1337 defendit.

1687 1528 1915 1585 CAPUT
1954 1529 2070 1584 XII.

238 1652 386 1719 Περὶ
454 1650 563 1719 τῆς
594 1650 878 1719 αἱρέσεως
916 1647 1036 1703 τῶν
1103 1649 1598 1773 Ἀπολλιναριωνᾶ
1645 1650 1754 1774 £23
1788 1666 1850 1702 te
1889 1652 2116 1773 :zaztpoc
2146 1650 2242 1703 xa'l
2274 1649 2377 1703 τοῦ
2405 1647 2539 1703 υιοῦ
2562 1666 2574 1677 ·
2603 1648 2700 1701 καὶ
2758 1646 2920 1714 ὅπως
2950 1651 3038 1713 εις
3078 1648 3190 1714 τὴν
3253 1649 3481 1705 οἰκείαν

1600 1737 1640 1773 π
1761 1735 1895 1773 arar
1923 1738 1960 1773 a
1987 1735 2181 1774 oso’tr.

1600 1735 1895 1774 πεκλιναν
1923 1735 2181 1789 αιρεσιν.

671 1839 747 1893 De
775 1841 957 1894 literni
996 1839 1386 1909 Apollinarium
1411 1840 1584 1908 patris
1622 1848 1670 1891 et
1693 1838 1813 1907 ﬁlii,
1847 1840 2168 1909 ctquomodo
2191 1841 2244 1892 in
2285 1856 2439 1893 suam
2467 1839 2785 1891 declinarint
2818 1839 3082 1892 ltwresim.

321 1956 670 2026 Apollinares
698 1955 840 2009 duos
870 1955 1061 2018 fuisse,
1096 1966 1307 2024 patrem
1338 1964 1397 2009 et
1428 1953 1621 2017 fllittm,
1657 1963 1815 2007 antea
1850 1966 1890 2020 Β
1920 1968 2213 2008 numerosa
2242 1953 2407 2007 etiam
2447 1952 2693 2007 carmina
2737 1952 2986 2021 quaedam
3021 1953 3089 2006 ab
3124 1952 3242 2021 ipso
3276 1954 3484 2022 Apolli-

236 2050 509 2103 diximus.
558 2048 624 2102 Et
666 2060 824 2117 pater
853 2049 1076 2117 quidem
1108 2048 1412 2119 presbyter,
1450 2047 1593 2100 ﬁlius
1628 2058 1811 2101 autem

237 2143 419 2193 lector
458 2139 562 2193 fuit
600 2155 616 2191 :
657 2148 887 2207 uterque
916 2137 1123 2193 Graecis
1162 2138 1472 2208 disciplinis
1503 2138 1659 2191 valde
1690 2153 1817 2191 eru-

236 2233 413 2286 ditus.
475 2232 636 2285 Pater
678 2232 1086 2300 grammaticus,
1134 2230 1279 2284 (ilius
1326 2230 1512 2285 rhetor
1560 2229 1813 2299 insignis.

241 2323 408 2376 Pater
438 2320 788 2375 Alexandriae
817 2329 996 2385 ortus,
1030 2321 1351 2389 aliquandiu
1386 2320 1565 2391 Beryti
1604 2320 1815 2373 litteras

240 2416 459 2467 docult.
540 2411 821 2466 Laodicea:
897 2428 1029 2466 vero
1091 2410 1443 2465 matrimonio
1497 2419 1812 2487 contracto,

242 2504 422 2556 tilium
484 2503 863 2571 Apollinarem
925 2502 1239 2572 progenuit.
1292 2502 1488 2556 lutima
1549 2503 1629 2556 eis
1689 2518 1813 2557 cum

246 2592 559 2660 Epiphanio
591 2592 857 2660 prreclaro
904 2592 1151 2659 sophista
1186 2591 1429 2645 amicitia
1462 2592 1587 2646 fuit.
1626 2594 1667 2645 A
1704 2607 1813 2660 quo

242 2700 306 2740 ut
346 2684 791 2754 sejungerentur,
825 2696 893 2736 ne
928 2682 1244 2736 Theodotus
1278 2683 1497 2752 quidem
1526 2683 1817 2753 episc0pus

245 2774 606 2828 Laodicensis
637 2773 969 2827 auctoritate
1011 2782 1067 2826 et
1100 2773 1397 2827 interdicto
1431 2789 1532 2827 suo
1564 2774 1816 2827 obtinere

247 2866 453 2935 potuit.
504 2864 814 2918 Permultos
860 2863 916 2916 hi
972 2874 1028 2916 et
1078 2863 1243 2918 utiles
1283 2864 1542 2917 Ecclesiae
1591 2862 1817 2918 edidere

247 2957 445 3019 libros,
471 2956 630 3011 sicuti
657 2964 818 3009 antea
850 2970 878 3009 a
902 2954 1064 3008 nobis
1085 2962 1171 3008 est
1195 2955 1425 3009 dictum.
1458 2955 1663 3009 Deinde
1690 2972 1817 3008 vero

247 3046 304 3100 in
344 3047 597 3100 haeresim
640 3040 880 3099 nominis
918 3046 1000 3098 sui
1031 3044 1172 3099 finde
1213 3055 1341 3099 sunt
1387 3045 1644 3113 prolapsi.
1681 3046 1817 3099 Nam

244 3138 585 3208 Apollinaris
612 3137 775 3199 illius,
804 3136 988 3189 multis
1013 3137 1081 3189 ab
1112 3136 1355 3189 Ecclesia
1386 3136 1658 3198 abductis,
1690 3150 1819 3189 suos

247 3230 357 3284 sibi
391 3237 704 3283 conventus
731 3229 865 3296 egit,
905 3228 1226 3295 sociumque
1269 3226 1641 3280 constituendi
1672 3226 1815 3295 dog-

1916 2046 2035 2099 nari
2078 2046 2301 2099 inventa
2330 2045 2709 2099 decantantes.
2736 2044 2871 2098 Nam
2909 2046 2955 2098 is
2986 2054 3186 2113 praeter
3213 2046 3482 2101 eruditio-

1918 2151 2043 2189 nem
2108 2136 2376 2205 reliquam
2428 2135 2483 2188 in
2540 2134 2751 2202 poetica
2805 2148 3025 2201 quoque
3086 2136 3220 2187 varii
3258 2126 3485 2204 generis

1916 2226 2168 2281 versibus
2205 2224 2606 2294 componendis
2639 2224 2919 2277 excelluit.
2954 2225 3069 2286 Qua
3118 2225 3209 2278 ille
3244 2228 3484 2281 oblecta-

1919 2319 2066 2371 tione
2090 2317 2297 2380 multis,
2326 2328 2385 2370 ut
2417 2316 2522 2369 sibi
2554 2316 2924 2380 adhaererent,
2960 2318 3255 2384 persuasit.
3289 2319 3352 2372 Et
3380 2319 3481 2371 viri

1918 2408 1972 2462 in
2003 2407 2507 2476 compotationibus
2547 2421 2917 2474 manuumque
2971 2406 3132 2476 126
3169 2407 3479 2468 laboribus,

1917 2500 2179 2554 mulieres
2233 2513 2452 2567 quoque
2506 2498 2561 2551 in
2625 2496 2866 2550 lanificio
2922 2512 3023 2549 suo
3073 2498 3312 2551 cartttiua
3366 2499 3486 2569 ejus

1919 2592 2244 2660 psallebant.
2272 2591 2353 2644 Ad
2379 2589 2551 2643 studii
2576 2588 2722 2642 enim
2745 2598 2798 2642 et
2817 2588 3065 2641 laborum
3090 2591 3483 2651 laxamentum,

1918 2683 1985 2737 ad
2018 2682 2137 2736 dies
2174 2682 2363 2745 festos,
2400 2689 2453 2735 et
2475 2680 2542 2735 ad
2579 2695 2666 2734 res
2707 2679 2863 2741 alias,
2904 2689 3065 2749 prout
3092 2692 3307 2751 tempus
3348 2683 3479 2746 fert,

1918 2786 2170 2845 poemata
2212 2774 2538 2837 elaboravit,
2579 2788 2701 2841 quae
2735 2773 2802 2826 ad
2835 2772 3049 2827 laudem
3087 2773 3179 2828 Dei
3213 2775 3486 2843 pertinent

1918 2868 2123 2922 omnia.
2165 2868 2313 2921 llanc
2343 2867 2595 2920 haeresim
2630 2866 2795 2920 latins
2824 2880 3065 2934 serpere,
3108 2880 3233 2919 cum
3275 2869 3486 2935 primus

1920 2960 2076 3014 urbis
2106 2959 2292 3013 Romae
2317 2958 2615 3027 episcOpus
2642 2955 2908 3010 Damasus
2934 2965 2989 3009 et
3019 2956 3215 3010 Petrus
3256 2957 3483 3011 Alexan-

1919 3038 2115 3105 drinus
2155 3050 2561 3117 cognovissent,
2594 3059 2787 3102 coacto
2832 3048 3015 3101 Romae
3048 3048 3311 3112 concilio,
3350 3048 3483 3102 alie-

1920 3155 2047 3193 nam
2073 3154 2195 3193 esse
2236 3121 2588 3193 ab'Ecclesia
2627 3137 2924 3192 universali
2958 3140 3485 3207 statuerunt.-Apol-

1921 3230 2116 3285 linaris
2148 3231 2312 3285 etiam
2361 3230 2478 3297 ipse
2517 3229 2707 3282 itidem
2739 3239 2961 3297 propter
2992 3231 3162 3284 animi
3198 3233 3488 3287 imbecilli-

247 3320 416 3374 ntatis
451 3319 537 3373 sui
574 3295 803 3372 Vitalem
834 3316 1046 3384 accepit
1070 3316 1497 3379 Antiochenutn,
1532 3331 1596 3369 ex
1626 3330 1818 3370 eorum
1847 3295 1889 3353 Γ*
1926 3333 2117 3384 tatem,
2148 3295 2398 3391 dogmate
2425 3335 2528 3375 suo
2554 3295 2917 3385 instituendo,
2948 3336 3035 3375 res
3066 3338 3234 3376 novas
3264 3324 3487 3378 molitus

247 3425 487 3465 numero
518 3411 612 3479 qui
656 3408 857 3463 Meletii
888 3407 1188 3462 Ecclesiatu
1224 3407 1665 3476 frequentabant,
1696 3422 1820 3477 pre-

244 3505 565 3575 sbyterum,
603 3502 783 3556 virum
833 3502 1040 3554 nemini
1086 3500 1289 3554 illustri
1332 3500 1457 3554 vita:
1502 3508 1559 3554 et
1605 3513 1819 3553 morum

244 3597 544 3651 sanctitate
589 3593 873 3648 cedentem
909 3592 1012 3661 (‘2),
1054 3601 1110 3645 et
1154 3604 1343 3645 eorum
1386 3590 1481 3659 qui
1529 3590 1653 3644 lidei
1702 3591 1822 3661 ejus

241 3685 531 3741 commissi
561 3685 781 3738 fuerant
806 3682 1179 3738 curandorum
1202 3697 1463 3751 perquam
1487 3681 1819 3748 studiosum,

240 3791 428 3843 eaque
467 3777 535 3828 de
564 3788 730 3827 causa
758 3787 789 3826 a
834 3771 1033 3841 papulo
1058 3772 1269 3842 egregie
1310 3772 1518 3825 cultum
1554 3782 1609 3825 et
1651 3786 1819 3826 vene-

243 3878 454 3921 ratum.
515 3865 686 3919 Paulo
741 3872 866 3931 post
921 3862 1113 3926 enim,
1165 3877 1290 3916 cum
1348 3878 1379 3915 a
1439 3863 1822 3917 communione

248 3961 459 4018 Mcletii
488 3960 856 4023 discessisset,
884 3958 1188 4029 Apollinari
1223 3973 1282 4013 se
1314 3959 1619 4026 conjunxit,
1649 3970 1825 4013 secta-

254 4052 591 4119 toribusque
619 4053 740 4121 ejus
761 4050 1064 4105 Antiochia:
1096 4048 1333 4118 praefuit,
1360 4049 1481 4102 vitae
1516 4050 1821 4104 reverentia

251 4160 373 4198 non
399 4142 653 4210 exiguam
688 4141 866 4211 plebis
893 4150 1103 4210 partem
1130 4139 1403 4193 addictam
1435 4140 1539 4194 sibi
1566 4139 1776 4194 habens
1803 4156 1817 4193 :

243 4236 348 4303 qui
392 4234 559 4287 etiam
591 4232 817 4287 nomine
859 4231 928 4285 ab
964 4246 1033 4285 eo
1063 4240 1314 4297 accepto,
1359 4229 1617 4283 Vitaliani
1650 4244 1820 4299 usque

242 4327 317 4379 ad
370 4324 671 4379 Theodosii
720 4322 960 4392 junioris
1008 4322 1301 4390 imperium
1350 4321 1418 4374 ab
1466 4321 1821 4375 Antiocltenis

241 4427 384 4471 sunt
414 4416 614 4471 vocati.
652 4415 865 4468 Dicitur
895 4420 1077 4466 autem
1118 4411 1221 4465 hoc
1255 4412 1450 4465 fecisse
1485 4412 1679 4465 dolore
1719 4414 1820 4465 im-

244 4508 446 4576 pulsus
478 4522 491 4557 :
527 4504 758 4572 perinde
795 4511 960 4571 atque
1001 4515 1032 4554 a
1079 4500 1358 4564 Flaviano,
1392 4502 1485 4569 qui
1517 4512 1701 4570 postea
1739 4516 1821 4556 se-

1921 3430 2043 3470 esse
2095 3414 2340 3478 dicitur,
2407 3412 2721 3483 hujusmodi
2781 3413 2849 3466 de
2909 3429 3093 3468 causa.
3153 3416 3486 3471 Athanasius

1920 3506 2303 3562 Alexandrina:
2349 3504 2609 3559 Ecclesia:
2656 3505 2973 3573 episc0pus,
3016 3506 3119 3558 sub
3161 3506 3486 3562 Constantio

1922 3600 1979 3653 in
2016 3597 2269 3653 exsilium
2299 3605 2476 3659 actus,
2523 3611 2651 3649 cuin
2683 3597 2740 3649 itt
2774 3595 3065 3665 Egyptum
3103 3598 3279 3652 redire
3303 3600 3487 3669 jussus

1920 3700 2090 3753 esset,
2134 3698 2189 3744 et
2222 3705 2317 3759 per
2360 3688 2686 3743 Laodiceam
2725 3689 2826 3744 iter
2870 3690 3095 3751 faceret,
3128 3694 3251 3743 cum
3285 3691 3484 3759 Apolli~

1920 3782 2063 3845 nari,
2092 3781 2240 3851 quod
2270 3781 2641 3835 amicissimus
2663 3782 2712 3834 ei
2739 3790 2906 3845 esset,
2935 3780 3276 3834 familiariter
3305 3797 3487 3835 versa-

1923 3881 2011 3927 tus
2057 3882 2164 3928 est.
2208 3872 2367 3937 Quod
2419 3880 2643 3934 autem,
2683 3871 2779 3939 qui
2825 3872 3044 3925 diversa
3092 3881 3249 3926 erant
3294 3882 3443 3928 secta
3470 3912 3484 3933 ,

1922 3962 2313 4017 commercium
2346 3969 2403 4015 et
2437 3961 2882 4015 communionem
2911 3964 3032 4032 ejus
3062 3963 3243 4017 veluti.
3257 3964 3488 4033 jurisju-

1924 4053 2086 4107 randi
2132 4061 2478 4108 sacramento
2518 4053 2842 4120 abnegatam
2885 4064 3294 4118 aversarentur,
3344 4056 3487 4109 inter

1923 4160 2063 4214 quos
2124 4154 2181 4199 et
2241 4143 2507 4212 Georgius
2565 4141 2920 4195 Laodicensis
2978 4143 3276 4211 episcopus
3328 4144 3479 4200 fuit:

1923 4237 2293 4305 Apollinarem
2323 4234 2370 4287 is
2392 4248 2460 4287 eo
2484 4234 2707 4286 nomine
2734 4234 2801 4287 ab
2823 4233 3061 4287 Ecclesia
3088 4234 3341 4299 exclusit,
3371 4244 3489 4289 tan-

1922 4338 2086 4393 quam
2118 4330 2309 4377 contra
2339 4336 2581 4375 canones
2613 4334 2669 4375 et
2695 4336 2878 4375 sacras
2901 4323 3330 4377 constitutiones
3361 4341 3483 4379 cum

1921 4414 2225 4468 Athanasio
2272 4412 2483 4467 fuisset.
2545 4412 2613 4465 Et
2671 4426 2797 4466 cum
2854 4413 3107 4466 criminis
3159 4414 3279 4469 loco
3332 4416 3380 4469 id
3433 4417 3486 4470 ei

1924 4506 2149 4575 objecit,
2197 4514 2311 4557 tum
2364 4503 2631 4556 rationem
2676 4502 2840 4556 etiam
2888 4512 2943 4556 et
2988 4518 3202 4572 pmnam
3239 4516 3483 4560 veterum

243 4601 375 4648 dem
414 4593 809 4646 Antiochenam
860 4590 1096 4658 accepit,
1142 4599 1256 4642 tum
1309 4600 1487 4644 autem
1535 4592 2087 4688 ptesbyterDatque
2138 4594 2460 4662 pmnitentia
2502 4592 2941 4646 oblitteratorum
2993 4602 3304 4647 erratorum
3360 4610 3483 4648 cum

242 4699 379 4739 cum
398 4684 505 4745 illo
529 4693 672 4747 erat,
717 4683 1010 4750 despectus
1030 4721 1045 4745 ,
1075 4690 1131 4734 et
1161 4682 1457 4748 quominus
1490 4680 1818 4735 familialiter

242 4792 379 4834 cum
410 4775 674 4841 episcopo
697 4787 818 4825 esse
843 4780 1061 4840 posset,
1100 4771 1395 4840 impeditus
1422 4771 1632 4827 fuisset.
1666 4773 1820 4838 Quod

243 4881 493 4937 namque
526 4880 588 4918 ea
634 4879 693 4917 re
736 4864 1066 4917 diminutam
1091 4878 1218 4917 esse
1252 4863 1448 4916 famam
1480 4877 1635 4917 suam
1667 4874 1822 4932 puta-

244 4968 355 5022 ret,
412 4956 698 5009 hominum
733 4968 906 5016 more,
938 4952 1127 5005 dolore
1157 4967 1224 5006 eo
1266 4953 1462 5012 victus.
1499 4954 1566 5007 ad
1614 4956 1820 5024 Apolli-

243 5064 443 5106 narem
481 5062 540 5100 se
573 5044 834 5103 contulit,
863 5053 918 5096 ct
948 5060 1072 5099 cum
1109 5060 1176 5098 co
1211 5045 1653 5111 communicavit,
1689 5047 1823 5100 ami-

243 5144 380 5196 citia
412 5141 531 5209 ejus
574 5139 630 5191 in
669 5136 862 5205 primis
898 5151 1052 5189 usus.
1094 5136 1171 5190 Ex
1205 5153 1273 5190 eo
1309 5146 1553 5205 tempore
1599 5137 1652 5191 in
1699 5140 1822 5193 aliis

243 5245 477 5301 quoque
553 5227 784 5281 urbibus
854 5227 957 5280 sub
1014 5226 1291 5295 episcopis
1345 5228 1461 5281 suis
1517 5242 1822 5283 conventus

243 5324 540 5386 habuere,
584 5328 641 5372 et
687 5320 828 5373 ritus
875 5318 945 5371 ab
994 5318 1238 5373 Ecclesia
1289 5318 1559 5373 catholica
1612 5321 1821 5374 alienos

241 5414 613 5475 celebravere
661 5428 677 5466 :
726 5418 928 5479 praeter
976 5421 1227 5479 receptas
1271 5424 1454 5463 sacras
1496 5411 1818 5477 cantilenas,

321 5550 401 5621 (1)
439 5547 520 5621 Ad
553 5542 937 5621 declarandam
985 5544 1223 5621 ineptam
1256 5553 1329 5621 ,ει
1382 5543 1684 5621 improbam
1712 5544 1822 5621 Eu-

243 5611 421 5676 noinii
448 5618 788 5685 impietatem
807 5621 872 5685 _ct
897 5611 1357 5685 vaniloquentiam
1381 5611 1631 5685 Socrates
1656 5616 1816 5668 verba

242 5689 498 5761 ejusista
528 5682 737 5754 profert
763 5701 776 5737 :
806 5683 948 5735 Deus
976 5686 1169 5761 desua
1194 5682 1307 5748 ipse
1340 5683 1647 5761 substantia
1680 5685 1817 5761 nihil

241 5752 714 5828 a'mplius,jquam
769 5767 886 5812 nos,
934 5752 1083 5804 novit
1119 5765 1341 5828 speque
1390 5767 1454 5828 ea
1507 5754 1682 5828 magis
1715 5755 1817 5817 illi,

243 5822 417 5891 quain
449 5826 629 5887 nobis,
670 5837 754 5877 est
807 5831 1108 5889 perspecta.
1145 5823 1250 5873 Sed
1285 5823 1428 5889 quod
1485 5822 1552 5875 de
1604 5838 1666 5875 ea
1722 5838 1816 5876 nos

1923 4682 2176 4738 convicio
2225 4682 2293 4734 ab
2345 4695 2411 4734 eo
2454 4681 2654 4749 exegit.
2707 4678 2844 4733 Cum
2892 4696 3126 4748 namque
3171 4681 3488 4737 Theodotus

1923 4784 2049 4830 ante
2085 4789 2211 4827 eutn
2248 4772 2429 4826 adhuc
2470 4770 2863 4824 Laodicensent
2912 4771 3210 4825 Ecclesiae
3255 4787 3486 4842 regeret.

1926 4868 2161 4921 maxime
2186 4877 2302 4919 tum
2335 4866 2549 4935 pollens
2577 4864 2921 4934 Epiphanius
2952 4865 3193 4933 sophista
3226 4867 3485 4935 hymnum

1927 4958 1982 5010 in
2037 4956 2307 5011 Bacchum
2358 4956 2706 5019 recitaverat,
2739 4970 2849 5022 quo
2894 4966 3231 5023 prmceptore
3271 4956 3489 5025 juvenis

1924 5048 2230 5101 etiamnum
2272 5045 2605 5114 Apollinaris
2651 5045 2925 5098 utebatur.
2973 5044 3300 5099 llecitationi
3344 5049 3394 5100 ei
3443 5048 3488 5100 is

1924 5154 2047 5192 cum
2100 5150 2253 5207 patre
2317 5138 2422 5192 sibi
2485 5138 2816 5205 cognomine
2876 5141 3232 5205 grammatico
3288 5141 3485 5209 insigni

1924 5230 2103 5284 alluit.
2135 5230 2314 5298 Atque
2351 5228 2441 5282 ubi
2472 5228 2813 5296 Epiphanius
2842 5228 3144 5281 orationem
3175 5244 3294 5282 eam
3324 5245 3485 5283 exor-

1924 5334 2109 5382 surus,
2154 5317 2315 5372 sicuti
2350 5319 2433 5371 eis
2462 5318 2553 5385 qui
2589 5317 2866 5386 specimen
2900 5318 3117 5386 aliquod
3154 5322 3339 5373 talium
3370 5336 3488 5375 Slu-

1925 5411 2140 5465 diorum
2166 5411 2451 5475 cxhibent,
2474 5424 2591 5463 mos
2613 5418 2718 5474 est,
2749 5424 2858 5461 non
2883 5409 3125 5464 initiatos
3155 5422 3209 5464 et
3230 5414 3487 5479 profanos

1923 5544 2150 5605 scimus,
2190 5543 2332 5597 idem
2367 5554 2424 5596 et
2453 5544 2569 5611 ipse
2601 5555 2824 5609 prorsus
2846 5543 2948 5596 scit
2980 5560 2994 5595 :
3023 5555 3078 5597 et
3115 5558 3310 5598 rursus
3341 5546 3485 5611 quod

1926 5614 2017 5667 ille
2073 5614 2246 5669 novit,
2298 5613 2349 5665 id
2402 5613 2453 5665 iu
2501 5614 2660 5665 nobis
2704 5626 2921 5679 quoque
2967 5613 3221 5677 similiter
3264 5617 3486 5671 omnino

1925 5684 2181 5751 reperias.
2218 5682 2284 5737 Ut
2313 5698 2497 5749 supra.

1998 5754 2073 5822 (ἓ)
2100 5752 2318 5807 Sozam.
2348 5752 2441 5806 lib.
2481 5770 2558 5819 vn,
2588 5768 2708 5823 cap.
2744 5755 2831 5812 ‘25,
