4288 6438
777 457 877 522 611

1994 455 2422 516 NICEPHORI
2463 455 2809 518 CALLISTI

3947 449 4056 514 612

777 570 932 623 exire
960 573 1015 622 et
1045 564 1238 636 procul
1272 578 1394 619 esse
1431 561 1690 634 jussisset
1733 578 1748 616 :
1783 576 1959 630 neque
2002 562 2358 630 Apollinaris,
2392 572 2432 624 Α
2467 579 2574 618 non
2608 562 2906 634 persuasit,
2938 576 3179 618 maerore
3206 573 3498 633 correptus
3524 561 3828 617 Ecclesiam
3863 561 4058 615 turba-

781 675 960 730 neque
987 661 1107 728 ejus
1135 667 1311 729 pater,
1353 671 1531 726 neque
1561 658 1726 709 etiam
1764 658 1905 708 alius
1941 655 2220 723 quispiam
2262 655 2358 722 qui

782 756 854 808 ibi
897 753 1131 806 aderant
1161 750 1633 810 Christianorum,
1669 762 1734 801 ex
1784 747 2068 800 auditorio
2108 747 2359 800 secessit.

783 849 836 901 Id
863 857 1154 914 postquam
1183 842 1407 897 rescivit
1428 842 1752 896 Theodotus
1779 841 2096 910 episcopus,
2131 845 2362 892 moleste

784 942 928 993 tulit.
966 940 1027 991 Et
1063 939 1186 992 aliis
1213 937 1436 1006 quidem
1467 951 1532 989 ex
1557 934 1760 1003 popqu
1792 934 2146 1003 aliquatenus
2169 932 2363 1002 objur-

782 1031 954 1098 gatis.
1016 1030 1246 1100 gratiam
1303 1028 1489 1082 delicti
1544 1027 1676 1081 fecit
1732 1044 1746 1080 :
1804 1024 2168 1094 Apollinarim
2222 1037 2361 1077 vero

790 1135 1093 1192 utrumque
1124 1139 1245 1176 cum
1281 1123 1361 1176 eis
1397 1121 1680 1190 propalam
1720 1128 2005 1188 peccatum
2037 1116 2360 1185 objecisset,

783 1217 852 1268 ab
898 1214 1138 1268 Ecclesia
1183 1214 1512 1283 segregavit.
1551 1213 1723 1266 Erant
1758 1212 1904 1263 enim
1954 1209 2170 1271 clerici,
2206 1217 2362 1277 pater

784 1309 1005 1372 quidem
1042 1307 1352 1376 presbyter,
1385 1306 1531 1358 filius
1569 1319 1699 1357 vero
1723 1319 2007 1356 sacrarum
2043 1303 2363 1370 Scriptura-

787 1419 906 1454 l'lllll
951 1402 1132 1452 adhuc
1166 1401 1359 1451 lector.
1401 1398 1794 1449 Intercess--rat
1826 1395 2035 1462 aliquid
2070 1398 2361 1464 temporis,

785 1501 842 1545 ct
877 1507 990 1553 eos,
1027 1500 1314 1559 postquam
1350 1489 1604 1558 lacrymis
1650 1498 1706 1540 ct
1746 1488 1972 1556 jejuniis
2005 1488 2214 1541 crimen
2262 1490 2362 1542 ad-

787 1584 1014 1636 missum
1049 1585 1382 1650 ptenitcntes
1435 1581 1826 1642 abolevisseut,
1878 1579 2201 1633 Theodotus
2244 1598 2364 1635 rur-

785 1689 906 1724 sum
969 1672 1024 1724 in
1095 1672 1325 1739 gratiam
1389 1675 1621 1737 recepit.
1677 1668 1780 1721 Ubi
1848 1681 2031 1723 autem
2094 1670 2363 1741 Georgius

787 1766 1167 1832 episcOpatui-i
1197 1771 1280 1814 est
1310 1763 1559 1828 adeptus,
1599 1769 1653 1810 et
1681 1760 2012 1826 Apollinaris
2037 1777 2160 1814 cum
2195 1765 2363 1817 Allia-

789 1859 943 1908 nasio
995 1855 1345 1907 familiariter
1398 1853 1520 1914 fuit,
1574 1853 2042 1921 quemadmodum
2095 1855 2359 1922 diximus,

786 1949 1324 2002 cxcommunicatum
1371 1961 1497 2000 cum
1530 1946 1772 1999 Ecclesia
1806 1947 2012 2014 exegit.
2059 1948 2239 2016 Atque
2271 1949 2363 2003 ille

788 2057 928 2110 saepe
961 2041 1258 2109 Georgium
1286 2041 1516 2101 dicitur,
1552 2048 1608 2092 ut
1645 2044 1697 2091 in
1741 2040 2188 2095 communionem
2223 2041 2366 2096 reci-

787 2149 1032 2206 peretur,
1074 2137 1427 2205 deprecando
1456 2136 1799 2189 obsecrasse.
1832 2132 2035 2188 Verum
2075 2138 2167 2190 ubi
2205 2137 2257 2190 id
2291 2137 2366 2190 illi

2468 659 2566 719 vit,
2615 667 2672 712 et
2725 658 2979 727 dogmale
3033 671 3180 711 novo
3220 655 3472 710 haeresim
3526 670 3681 708 suam
3727 654 4054 712 introduxit,

2465 753 2647 820 quoad
2694 751 2876 818 potuit
2909 766 2920 800 :
2959 750 3282 818 compositis
3312 758 3434 803 arte
3467 748 3841 808 orationibus,
3873 746 4057 800 inimi-

2465 859 2590 896 cum
2627 842 2919 904 ulciscens,
2957 851 3014 895 et
3045 841 3192 910 quod
3219 855 3279 894 se
3313 841 3365 893 in
3397 854 3682 894 sacrarum
3711 837 4050 892 Litterarum

2466 933 2719 988 doctrina
2755 935 2848 987 illo
2879 931 3326 1001 prmstantiorem
3353 936 3770 987 exauctorasset
3794 943 4053 998 arguens.

2465 1027 2545 1079 Ad
2584 1027 2733 1080 hunc
2762 1026 2990 1079 modum
3026 1024 3242 1078 scilicet
3271 1023 3503 1092 privatae
3531 1021 3882 1083 clericorum,
3917 1031 4058 1074 tem-

2466 1136 2597 1191 pore
2625 1119 2894 1189 quolibet,
2927 1117 3248 1181 inimicitiae,
3277 1117 3517 1170 maximo
3545 1114 3848 1170 Ecclesiam
3881 1114 4057 1168 detri-

2468 1222 2655 1266 mento
2707 1212 2962 1273 afl‘ecere,
3019 1221 3076 1265 et
3120 1211 3449 1277 religionem
3513 1211 3564 1262 in
3619 1217 3801 1262 sectas
3857 1207 4061 1260 multas

2465 1307 2807 1360 dissecuere.
2854 1304 2908 1357 Id
2944 1304 3072 1357 inde
3103 1305 3240 1358 satis
3269 1304 3467 1371 liquet.
3500 1301 3555 1356 Si
3587 1301 3738 1355 enim
3768 1300 3956 1354 itidem
3999 1310 4059 1351 ut

2466 1395 2808 1452 Theodotus.
2849 1392 3119 1462 Georgius
3162 1407 3384 1460 quoque
3430 1389 3793 1460 pmnitentem
3846 1386 4061 1454 Apolli-

2464 1489 2644 1540 narim
2678 1487 3039 1555 suscepisset,
3089 1485 3318 1538 hmresis
3347 1497 3471 1552 qua:
3501 1481 3573 1536 ab
3612 1497 3680 1535 eo
3716 1494 3919 1534 nomen
3961 1480 4058 1531 ha-

2469 1582 2579 1642 bet,
2627 1591 2687 1632 ut
2730 1595 2830 1647 ego
2879 1577 3108 1645 quidem
3157 1588 3328 1647 puto,
3371 1591 3483 1629 non
3521 1583 3787 1628 exstaret.
3830 1571 4056 1641 Ingenia

2468 1687 2704 1735 namque
2726 1671 3014 1724 hominum
3040 1670 3085 1723 si
3111 1668 3319 1739 despici
3351 1684 3410 1721 se
3433 1666 3677 1731 videant,
3704 1673 4052 1731 arrogantem

2466 1765 2752 1816 audaciam
2807 1763 3156 1832 concipiunt,
3204 1771 3262 1814 et
3308 1758 3679 1814 contendendi
3728 1757 3914 1812 studio
3965 1768 4058 1809 res

2469 1872 2639 1930 novas
2669 1855 2996 1909 moliuntur.
3027 1857 3098 1907 At
3130 1853 3176 1908 si
3208 1852 3263 1907 id
3296 1854 3442 1923 quod
3484 1867 3706 1922 aequum
3737 1863 3822 1906 est
3858 1863 4060 1903 conse-

2470 1959 2742 2018 quuntur,
2787 1948 2854 2002 ad
2897 1947 3336 2002 moderationem
3363 1960 3422 2001 se
3456 1944 3610 2008 dant,
3650 1953 3706 1997 et
3753 1952 3903 1997 sorte
3954 1954 4056 1996 sua

2474 2041 2725 2096 contenti
2760 2049 2892 2094 sunt
2923 2041 3026 2110 (l).

2099 2299 2255 2368 127
2290 2297 2517 2352 CAPUT
2561 2295 2702 2350 xm.

870 2411 964 2475 Ὠς
1000 2410 1447 2475 Βασίλειοσκαὶ
1472 2412 1802 2480 Γρηγόριος
1843 2411 2014 2481 ἄμφω
2059 2408 2446 2481 ἁντιρῤῄσεις
2475 2408 2638 2481 κατὰ
2668 2409 2971 2481 Εὺνρμίου
3001 2407 3100 2461 καὶ
3153 2406 3610 2474 Ἀπολλιναρίου
3662 2405 3939 2474 ἔγραψαν
3965 2422 3977 2434 ·

1960 2482 2056 2533 καὶ
2088 2481 2222 2532 τίνα
2251 2477 2411 2548 ἦσαν
2448 2480 2485 2533 ἄ
2509 2477 2914 2548 ἐδογμάτιζον.

864 2597 932 2651 Ut
965 2596 1198 2650 Basilius
1231 2606 1279 2649 et
1317 2595 1599 2669 Gregorius
1635 2609 1851 2668 uterque
1888 2597 2044 2649 libros
2087 2599 2427 2663 refutatorios
2467 2606 2651 2669 contra
2687 2593 3003 2669 Eunomium
3041 2602 3090 2646 et
3128 2593 3527 2663 Apollinarium
3558 2595 3862 2664 scripserint
3890 2611 3904 2649 :
3935 2605 3985 2648 et

1724 2665 1838 2737 qua'
1864 2673 2087 2722 istorum
2112 2669 2476 2720 Itwreticorum
2511 2667 2704 2735 fuerint
2744 2665 3039 2731 opiniones.

862 2786 1213 2844 Eunomium.
1261 2785 1407 2855 quod
1454 2784 1732 2849 diximus,
1780 2784 1969 2861 eadem
2024 2799 2149 2837 cum
2205 2782 2364 2836 Aetio

788 2881 996 2936 sentire
1027 2880 1211 2949 negari
1245 2893 1353 2932 non
1408 2887 1590 2948 potest
1622 2877 1722 2945 (2).
1758 2877 1892 2930 Nam
1917 2887 1970 2930 et
2002 2877 2117 2946 ipse
2147 2877 2365 2929 Aetium

786 2979 1178 3039 praeceptorem
1225 2963 1430 3036 jaClat,
1483 2975 1540 3021 et.
1587 2967 1638 3019 id
1694 2966 1748 3019 in
1804 2966 2028 3036 scriptis
2076 2968 2193 3034 ipse
2251 2966 2370 3018 suis

788 3073 977 3131 aperte
1012 3069 1265 3116 testatur.
1317 3060 1686 3126 Apollinarem
1720 3075 1848 3113 vero
1910 3059 2076 3113 etiam
2107 3072 2372 3112 accusans
2400 3093 2447 3154 ο
2476 3057 2804 3113 absurditati
2856 3058 3169 3126 praetendit,
3217 3057 3408 3112 dicens
3450 3076 3465 3111 :

788 3155 1085 3225 Gregorius
1123 3153 1741 3221 Nazianziepiscopus,
1779 3151 1834 3205 iu
1871 3152 2100 3220 epistola
2129 3151 2365 3219 quadam

789 3250 855 3302 ad
903 3248 1228 3302 Nectarium
1265 3246 1891 3313 Gonstantinopolitanw
1929 3244 2186 3298 Ecclesia:
2219 3258 2364 3311 pra:-

791 3342 988 3403 sidem,
1029 3341 1141 3394 lucc
1165 3339 1362 3394 scribit
1394 3356 1408 3391 :
1445 3357 1462 3389 ι
1486 3337 1551 3392 Et
1587 3339 1981 3392 detrimentum
2012 3336 2234 3405 quidem
2266 3349 2368 3387 no-

790 3444 990 3497 strum,
1045 3432 1192 3501 qvod
1245 3433 1298 3485 in
1337 3434 1461 3488 sinu
1512 3441 1701 3484 nostro
1744 3429 2011 3488 fovemus.
2059 3428 2367 3484 Eunomius

784 3524 1021 3585 minime
1058 3501 1148 3576 eo"
1178 3521 1326 3591 quod
1377 3522 1610 3590 alicujus
1657 3521 1899 3573 nominis
1943 3525 2036 3582 sit,
2075 3529 2370 3575 contentus

791 3629 874 3673 est
910 3635 925 3671 :
957 3632 1144 3671 verum
1197 3615 1301 3669 nisi
1337 3629 1531 3669 omnes
1574 3629 1680 3667 una
1725 3627 1914 3667 secum
1962 3615 2016 3666 in
2061 3613 2365 3681 perniciem

795 3708 1093 3774 perlrahat,
1121 3706 1394 3775 jacturam
1442 3703 1495 3756 id
1555 3717 1675 3757 esse
1713 3703 1941 3772 judicat.
1983 3701 2244 3757 Sedenim
2290 3711 2371 3755 to-

791 3800 1016 3854 leranda
1043 3799 1161 3851 lucc
1187 3797 1408 3866 quidem
1445 3805 1594 3851 sunt.
1619 3793 1778 3860 Quod
1809 3803 1993 3848 autem
2023 3796 2078 3847 in
2111 3793 2371 3849 Ecclesia:

790 3892 1198 3945 calamitatibus
1229 3904 1428 3944 censeo
1485 3888 1649 3957 longe
1704 3887 2113 3957 gravissimum,
2170 3888 2378 3958 Apolli-

791 3985 1123 4040 narismrum
1173 3990 1256 4036 est
1300 3981 1623 4049 impunitas.
1663 3979 1812 4045 Quos
1868 3979 2056 4034 nescio
2094 3983 2372 4049 quomodo

791 4077 1058 4131 sanctitas
1106 4082 1198 4127 tua
1248 4072 1496 4142 negligit,
1549 4070 1914 4125 concionandi
1954 4082 2373 4142 conventusque

794 4161 1027 4236 cogendi
1082 4165 1362 4219 licentiam
1417 4179 1574 4232 aequa
1631 4165 1922 4218 nobichm
1987 4173 2260 4233 potestate
2315 4173 2375 4220 et

791 4260 1064 4328 dignitate
1093 4257 1195 4310 sibi
1230 4255 1334 4324 ipsi
1367 4263 1719 4324 usurpantes.
1750 4253 1831 4308 Tu
1866 4255 2117 4321 quidem,
2150 4256 2246 4325 qui
2275 4271 2376 4327 per

793 4349 976 4404 omnia
1011 4363 1239 4417 prorsus
1280 4348 1434 4416 juxta
1467 4347 1563 4401 Dei
1599 4347 1831 4416 gratiam
1866 4347 1920 4400 in
1955 4347 2159 4401 divinis
2185 4348 2373 4402 erudi-

2469 2782 2563 2834 sed
2612 2797 2642 2835 a
2683 2780 2959 2850 principio
3003 2781 3280 2834 carnalem
3328 2781 3477 2834 illam
3533 2791 3786 2835 naturam
3834 2781 3889 2835 in
3921 2782 4063 2837 Fiito

2469 2874 2662 2927 fuisse.
2714 2876 2891 2943 Atque
2939 2888 3224 2942 perperam
3285 2884 3575 2942 acceptum
3627 2874 3836 2929 dictum
3887 2879 4059 2944 quod.

2474 2966 2600 3018 dam
2669 2966 3048 3033 evangelicum
3122 2973 3383 3032 tanquam
3446 2965 3826 3020 testimonium
3895 2977 4061 3021 latim

3511 3057 3680 3112 Nemo
3726 3062 3964 3114 ascendit
4008 3063 4065 3114 in

2478 3151 2683 3214 caelum,
2719 3151 2824 3203 nisi
2861 3152 2950 3220 qui
2993 3166 3020 3204 e
3053 3150 3180 3203 caelo
3218 3152 3509 3216 descendit,
3556 3152 3722 3206 Filius
3758 3155 3983 3207 hominis
4021 3159 4064 3207 '.

2482 3247 2560 3300 Ita
2596 3257 2653 3298 ut
2690 3247 3011 3316 priusquam
3053 3247 3426 3308 descenderit,
3457 3245 3578 3313 ipse
3605 3246 3777 3300 Filius
3810 3248 4054 3302 hominis

2479 3338 2649 3392 fuerit
2697 3358 2709 3391 :
2755 3348 2812 3392 et
2841 3337 3229 3401 descenderit,
3271 3354 3425 3392 suam
3475 3337 3620 3391 illam
3660 3339 3916 3394 deferens
3949 3356 4073 3395 car-

2481 3449 2632 3493 nem,
2691 3447 2853 3501 quam
2910 3433 2963 3485 in
3013 3431 3155 3486 coelo
3204 3430 3463 3486 habuerit
3509 3436 3961 3488 anteszecularem
4011 3444 4068 3489 et

2481 3524 3023 3579 consubstantiatam
3065 3523 3168 3593 (4).
3198 3523 3263 3578 Ει
3289 3539 3482 3579 rursus
3511 3526 3870 3593 apostolicam
3904 3528 4069 3583 aliam

2481 3618 2693 3687 profert
2720 3631 2909 3670 vocem
2938 3634 2952 3669 :
2982 3615 3289 3670 secundum
3334 3617 3613 3670 hominem
3650 3631 3679 3667 (ε
3699 3622 3840 3672 coelo
3871 3636 4019 3675 esse.
4047 3640 4067 3671 ι

2483 3709 2689 3762 Deinde
2721 3707 2962 3762 instituit
2992 3708 3275 3762 hominem
3305 3709 3460 3763 illum
3489 3710 3584 3779 qui
3621 3725 3651 3764 e
3683 3716 3824 3765 caelo
3859 3728 4076 3768 tenent

2483 3811 2723 3857 mentem
2780 3815 2889 3854 non
2948 3801 3196 3864 habere,
3252 3801 3347 3854 sed
3395 3801 3742 3855 divinitatem
3791 3803 4074 3875 Unigeniti

2485 3906 2737 3950 naturam
2786 3895 2989 3947 mentis
3020 3893 3350 3961 adimplere,
3387 3903 3447 3948 ut
3476 3909 3598 3963 quae
3628 3900 3706 3962 t5)
3747 3912 3875 3965 pars
3913 3899 4075 3954 tertia

2487 3990 2738 4042 humana:
2769 3986 3264 4056 coagmentationis
3309 3986 3380 4041 sit
3425 3987 3591 4053 facta,
3639 3988 3820 4042 anima
3858 4000 3916 4044 et
3950 4005 4073 4043 cor-

2485 4092 2619 4146 pore
2668 4075 2992 4130 liumanitus
3043 4074 3189 4129 circa
3249 4092 3371 4130 eam
3415 4079 3838 4144 easistentibus,
3890 4091 4077 4136 mente

2484 4168 2593 4223 illis
2617 4167 2952 4230 decollante,
2983 4175 3040 4221 et
3072 4167 3246 4221 verbo
3273 4167 3365 4220 Dei
3400 4170 3583 4222 locum
3608 4169 3728 4239 ejus
3756 4170 4074 4225 obtinente.

2488 4267 2666 4329 Atque
2699 4260 2959 4328 equidem
3009 4258 3255 4312 nondum
3298 4259 3405 4313 hoc
3448 4275 3618 4329 grave
3667 4273 3753 4316 est
3784 4271 4078 4330 spectacu-

2486 4351 2622 4404 lum.
2679 4350 2886 4405 Verum
2952 4349 3089 4404 illud
3139 4349 3387 4403 omnium
3445 4351 3609 4420 longe
3659 4353 4076 4419 gravissimum,

790 4451 883 4495 tus
919 4457 981 4495 es
1013 4439 1324 4510 mysteriis,
1355 4453 1467 4492 non
1506 4448 1716 4493 tantum
1749 4455 1870 4509 qua:
1899 4439 1965 4494 ad
2003 4439 2372 4510 patrocinium
2405 4461 2448 4516 ι)
2478 4442 2627 4512 quod
2665 4443 2848 4511 ipsunt
2904 4442 3255 4511 unigenitum
3287 4442 3485 4507 Deum,
3520 4442 3761 4512 judicent
3800 4445 4075 4511 omnium,

790 4547 844 4585 ct
879 4532 1258 4585 defensionem
1306 4531 1403 4585 Dei
1448 4530 1602 4585 verbi
1649 4541 1927 4602 spectant,
1967 4533 2062 4588 sed
2109 4548 2174 4588 ea
2209 4534 2377 4589 etiam

791 4641 913 4695 quae
940 4625 1008 4678 ab
1052 4624 1332 4678 haereticis
1361 4623 1630 4678 adversus
1655 4625 1932 4680 saniorem
1967 4625 2129 4681 fidem
2160 4629 2383 4699 excogi-

794 4727 905 4771 tata
943 4727 1097 4779 sunt,
1133 4726 1307 4770 tenes.
1341 4717 1594 4770 Attamen
1630 4732 1740 4770 non
1779 4718 2157 4788 importunum
2188 4718 2377 4785 fuerit,

793 4829 821 4863 a
863 4814 1132 4864 tenuitate
1174 4824 1296 4863 mea
1341 4808 1806 4878 magnificentiam
1852 4819 1998 4862 tuam
2052 4811 2246 4865 audire
2282 4812 2383 4866 ali-

791 4901 948 4970 quid.
1001 4901 1172 4953 lncidi
1212 4901 1262 4953 in
1300 4901 1635 4969 Apollinaris
1684 4902 1958 4966 libellum,
2003 4908 2097 4972 qui
2148 4921 2370 4959 onmem

800 4993 1114 5045 haereticam
1152 4993 1562 5061 improbitatem
1601 4995 1762 5065 longe
1794 5007 2039 5065 superat.
2077 4998 2377 5053 Asseverat

795 5087 968 5149 enim,
1012 5101 1232 5140 carnem
1265 5087 1420 5155 juxta
1454 5087 1650 5143 salutis
1692 5101 1897 5144 nostra:
1941 5092 2380 5146 administratio-

794 5195 917 5230 nem
962 5181 1030 5231 ab
1079 5179 1364 5247 unigenitu
1411 5178 1548 5233 Filio
1595 5191 1807 5236 natura:
1855 5195 2056 5238 nostra!
2103 5194 2382 5240 transmu-

794 5272 973 5323 t.md.e
997 5275 1205 5340 gratiae,
1254 5287 1365 5326 non
1400 5276 1756 5329 adventitiam
1783 5278 1859 5345 (5)
1895 5288 2204 5349 susceptam
2238 5296 2386 5347 esse,

867 5413 880 5440 ¹
925 5410 1071 5463 loan.
1105 5429 1185 5476 In,
1220 5415 1301 5468 15.

865 5557 938 5619 il)
971 5558 1028 5606 In
1081 5555 1270 5608 Graeco
1321 5554 1617 5627 Nicephori
1665 5555 1971 5626 exemplari
2022 5554 2237 5627 integer
2283 5559 2372 5614 hic

789 5627 1070 5680 sirxtcrnio
1128 5627 1321 5679 defuit.
1380 5626 1667 5698 Deiectum
1715 5643 1844 5680 eum
1907 5628 2064 5696 juxta
2122 5626 2368 5698 capitum

791 5698 1204 5818 auupmtionem
1253 5714 1322 5750 ex
1385 5698 1510 5751 aliis
1560 5697 1950 5764 ecclesiasticis
2003 5697 2373 5767 scriptoribus

791 5784 1026 5818 ρλειυγι.

809 5786 1026 5820 ξλίηυγι.

791 5784 1026 5835 expiem.

865 5843 937 5903 (:2)
973 5840 1188 5891 Sozom.
1232 5839 1328 5894 lib.
1363 5855 1438 5905 γι,
1465 5857 1587 5910 cap.
1625 5839 1715 5894 9.7.

865 5911 941 5977 (5)
973 5912 1060 5966 Μὴ
1094 5913 1410 5980 ἐπίκτητον.

2480 4547 2764 4591 auctorem
2810 4544 2868 4589 et
2915 4537 3115 4591 ducem
3169 4538 3315 4599 vitae,
3367 4546 3424 4590 et
3471 4545 3808 4591 vastatorem
3852 4540 4079 4600 mortis,

2482 4629 2775 4683 mortalem
2810 4628 3054 4682 instituit
3091 4646 3105 4681 :
3149 4629 3227 4681 ita
3270 4637 3331 4681 ut
3362 4629 3676 4698 passionem
3713 4628 3807 4683 ille
3845 4631 3900 4683 in
3936 4630 4082 4684 divi-

2480 4723 2654 4777 nitate
2697 4736 2799 4774 sua
2851 4722 3182 4791 susceperit,
3217 4731 3274 4775 et
3311 4721 3365 4774 in
3417 4721 3674 4775 triduana
3713 4721 3804 4775 illa
3848 4721 4082 4776 mortiﬁ-

2480 4818 2698 4869 catione
2755 4815 3052 4884 corporis,
3109 4815 3272 4869 simul
3319 4815 3485 4869 etiam
3536 4831 3601 4868 ea
3654 4829 3781 4869 cum
3841 4829 4082 4884 corpore

2481 4919 2855 4972 commortua,
2886 4917 2942 4962 et
2973 4907 3052 4962 sic
3083 4923 3113 4962 a
3148 4907 3311 4962 Patre
3342 4924 3562 4962 rursum
3606 4924 3634 4962 a
3665 4918 3857 4977 ,morte
3889 4923 4079 4963 resus-

2482 5004 2651 5056 citata
2702 5002 2798 5059 sit.
2851 5002 3087 5071 Reliqua
3141 5016 3266 5070 quae
3316 5002 3728 5071 importunitati
3791 5011 3955 5055 tantae
3995 5004 4085 5054 ille

2484 5095 2696 5167 adjicit,
2747 5097 2971 5167 longum
3023 5107 3170 5151 esset
3223 5111 3538 5150 recensere.
3587 5096 3891 5165 Opiniones
3947 5111 4082 5149 sane

2489 5189 2828 5258 Apollinaris
2866 5200 2922 5244 et
2952 5189 3209 5244 Eunomii
3259 5190 3450 5258 quales
3497 5189 3727 5252 fuerint,
3759 5205 3824 5243 ex
3859 5189 3930 5242 iis
3957 5203 4079 5256 qua:

2493 5281 2640 5337 dicta
2688 5290 2841 5346 sunt,
2881 5282 3121 5352 quilibet
3150 5293 3474 5351 cognoscet.
3512 5281 3575 5337 Et
3629 5293 3688 5334 ut
3735 5281 3918 5335 facilis
3952 5297 4083 5333 cou-

2561 5565 2635 5632 (4)
2665 5561 2980 5629 Legendum
3009 5562 3063 5616 in
3092 5562 3287 5616 Gneco
3316 5563 3763 5630 συνουσιωμένην
3786 5575 3886 5628 pro
3914 5577 4082 5615 συνω-

2485 5636 2782 5701 σιωμένην.

2559 5707 2635 5774 (5)
2667 5705 2852 5774 Μέρος
2900 5704 2994 5757 τοῦ
3031 5703 3380 5773 ἀνθρωπίνου
3431 5703 3819 5774 συγκρίματος
3853 5703 3916 5755 τὸ
3958 5719 4080 5770 τρι-

2491 5772 2681 5846 μόρινῡν
2710 5772 2888 5846 Cpiam;
2943 5792 3004 5827 τε.
3041 5772 3146 5828 atati.
3166 5777 3421 5844 σώματος
3463 5790 3609 5827 κατα
3639 5775 3705 5827 τὸ
3732 5772 4080 5842 ἀνθρώπινῡν

2489 5849 2619 5919 περ).
2649 5849 2820 5901 αὐτὴν
2851 5849 3042 5900 ὄντων.
