4288 6438
183 442 285 505 613

1134 438 1733 529 ECCLESIASTICJE
1770 443 2157 502 HISTORUE
2190 444 2331 503 LIB.
2377 445 2487 503 XI.

3306 435 3413 498 614

180 558 393 630 jectnra
417 563 522 617 est,
560 552 867 622 permultos
898 551 973 607 illi
1003 552 1072 606 ab
1101 551 1341 607 Ecclesia
1379 554 1669 607 universali
1702 555 1755 607 in
1789 564 1831 615 Α
1864 556 2143 617 transiret,
2189 556 2624 623 periclitabatur.
2680 556 2760 611 Ab
2801 554 3076 610 Eunomio
3104 563 3310 615 autem,
3343 566 3411 603 ne

184 663 375 701 eorum
414 648 750 699 sententiam
800 643 1219 710 pertraxissent,
1266 643 1371 697 nisi
1407 642 1663 697 Basilium
1699 652 1752 698 et

184 737 506 808 Gregorium
569 733 924 805 Cappadoces
988 734 1339 789 adversarios
1395 734 1754 799 invenissent,

187 833 278 901 qui
328 846 395 886 ex
461 828 711 899 professo
762 828 933 881 multa
991 825 1256 885 adversus
1304 841 1399 881 eos
1458 828 1755 896 scripsere.

188 924 488 977 Theodosii
518 929 804 992 praeterea,
835 917 982 988 quod
1012 919 1175 987 paulo
1212 928 1332 987 post
1364 931 1611 972 secutum
1647 924 1755 982 est,

189 1019 483 1085 imperium
537 1024 771 1069 conatus
816 1028 1008 1068 eorum
1062 1011 1347 1081 repressit.
1415 1011 1547 1065 Nam
1590 1010 1762 1064 duces

189 1112 340 1177 ipsos
369 1108 661 1162 haeresinm
700 1121 765 1160 ex
804 1104 1189 1172 frequentibus
1216 1111 1269 1155 et
1296 1103 1581 1171 populosis
1607 1101 1762 1155 orbis

190 1203 448 1273 partibus
485 1201 540 1253 in
576 1201 727 1253 solos
761 1198 917 1253 locos
954 1196 1239 1264 relegavit.
1281 1193 1558 1250 Obstitere
1591 1194 1757 1249 etiam

192 1295 423 1360 insuper
470 1290 580 1344 illis
612 1291 731 1358 ejus
770 1289 948 1343 aetatis
981 1285 1257 1340 monachi.
1307 1286 1581 1340 Mordicus
1608 1302 1763 1339 nam-

191 1398 301 1449 que
352 1382 571 1435 Nicaana
632 1383 914 1434 retinuere
963 1381 1217 1442 decreta,
1267 1378 1359 1447 qui
1415 1378 1465 1430 in
1518 1378 1672 1448 Syria
1706 1386 1764 1432 et

188 1474 545 1543 Cappadocia
615 1472 974 1539 ﬁnitimisque
1020 1470 1159 1525 locis
1212 1471 1570 1525 monasticam
1632 1478 1763 1525 sunt

192 1564 592 1633 philosophati.
626 1563 696 1617 Et
742 1563 892 1631 regio
929 1576 995 1615 ea
1046 1576 1167 1630 quae
1208 1575 1238 1614 a
1272 1559 1462 1615 Cilicia
1498 1565 1562 1613 ad
1602 1560 1766 1620 Phat-

199 1657 404 1711 niciam
459 1669 632 1725 usque
684 1654 880 1718 tendit,
933 1667 1003 1708 ne
1040 1653 1092 1708 in
1142 1652 1389 1707 haeresim
1433 1652 1766 1720 Apollinaris

1862 646 2217 701 inficerentur
2264 647 2449 715 papuli
2501 662 2531 701 a
2581 646 2773 702 Cilicia
2813 656 2870 701 et
2901 657 3085 701 monte
3114 646 3297 699 Tauro
3344 643 3410 696 ad

1861 736 2276 807 Hellespontum
2328 747 2383 792 et
2430 738 2959 807 Constantinopolim
3008 751 3180 805 usque
3238 744 3415 787 metus

1859 838 1995 883 erat.
2053 830 2167 882 Non
2225 830 2447 885 dimcile
2492 830 2639 884 enim
2693 830 2912 897 utrique
2964 838 3119 889 erat,
3172 825 3419 880 finitimis

1862 936 2078 988 quoque
2106 936 2320 980 eorum.
2347 921 2488 991 apud
2521 936 2661 990 quos
2692 920 3074 982 versabantur,
3109 927 3169 971 ut
3201 927 3415 970 senten-

1863 1012 1993 1066 tiam
2031 1027 2184 1066 suam
2222 1025 2612 1081 sequerentur,
2646 1010 3004 1083 persuadere.
3035 1010 3182 1064 Idem
3214 1022 3343 1063 sane
3367 1017 3421 1059 et

1863 1102 2080 1156 Arianis
2107 1104 2355 1176 contigit.
2405 1104 2605 1175 Vulgus
2626 1107 2795 1169 enim,
2836 1102 3255 1162 monachorum.
3286 1114 3425 1168 quos

1864 1196 2265 1259 recensuimus,
2299 1198 2561 1252 virtutem
2611 1211 2668 1253 et
2699 1214 2867 1268 opera
2918 1196 3272 1253 admiratum,
3302 1207 3424 1245 cum

1867 1285 2015 1354 ipsos
2049 1299 2199 1342 recte
2245 1290 2452 1344 sentire
2484 1290 2739 1349 credidit.
2776 1300 2889 1344 tum
2937 1289 3097 1342 aliter
3140 1285 3429 1352 opinantes

1869 1389 2093 1447 propter
2136 1382 2506 1451 suspicionem
2558 1383 2786 1449 impurae
2838 1389 2894 1433 et
2951 1377 3274 1432 adulterinae
3326 1376 3428 1429 do-

1869 1471 2057 1525 ctrina:
2101 1483 2411 1527 aversatum
2460 1481 2543 1526 est
2586 1472 2797 1526 :siCuti
2825 1470 3085 1541 Egyptii,
3134 1468 3430 1522 monachos

1873 1576 2002 1617 suos
2032 1574 2347 1635 sequentes,
2380 1564 2614 1619 Arianos
2635 1578 2736 1633 pro
2764 1562 3018 1617 hostibus
3046 1561 3313 1615 habuere.

1501 1815 1662 1885 ηε
1693 1813 1920 1871 CAPUT
1960 1814 2096 1873 xw.

192 1928 337 1995 Περὶ
372 1928 521 2001 τῆςΔ
552 1928 856 2001 αἱρέσεως-
888 1927 1007 2001 τῷν
1061 1930 1659 2001 Ἀνθρωπομορςριτῶν
1687 1933 1785 1985 καὶ
1824 1930 1940 1984 τῶν
1997 1934 2453 1988 Μασσαλιανῶν
2478 1952 2490 1964 ·
2528 1935 2703 1989 ἔτιδὲ
2762 1937 2858 1987 καὶ
2895 1934 3025 2001 περὶ
3060 1932 3178 1985 τῶν
3244 1933 3439 1986 Nava-

344 1997 599 2050 τιανῶν·
649 1998 738 2051 ὅτι
764 1998 861 2054 καὶ
893 1996 1060 2054 οὗτοι
1114 2003 1203 2063 εἰς
1234 1996 1437 2052 πολλὰ
1466 1999 1831 2066 διῃρέθησαν
1869 2002 1967 2054 διὰ
1995 2004 2110 2067 τὴν
2140 2003 2465 2072 μετάθεσιν
2499 2004 2603 2071 τῆς
2648 2004 2753 2058 τοῦ
2783 1996 2999 2072 Πάσχὰ
3033 2001 3262 2069 ἑορτῆς.

274 2117 351 2171 De
390 2116 577 2171 horreat"
601 2116 1255 2185 Anthropomorphitarum
1276 2123 1324 2167 et
1352 2112 1841 2187 Harssalianorumr:
1880 2125 2135 2187 pra'terea
2165 2119 2227 2168 de
2260 2116 2597 2177 Novatianis,
2637 2119 2775 2185 quod
2803 2127 2852 2171 et
2881 2118 3002 2187 jam
3029 2118 3067 2170 ii
3100 2120 3150 2171 in
3176 2120 3367 2171 multas

962 2195 1130 2239 sectas
1163 2187 1268 2237 sint
1302 2186 1451 2238 diuisi
1485 2195 1696 2253 propter
1726 2185 1984 2250 feriarum
2024 2184 2239 2238 Prisc/ue
2267 2190 2625 2240 Mutationem.

272 2305 347 2357 Ea
411 2315 573 2359 wtale
608 2304 843 2357 Audaeus
901 2318 1120 2372 quoque
1171 2302 1415 2369 quidam,
1452 2312 1507 2357 et
1567 2314 1765 2370 genere
1799 2306 1839 2360 Β
1877 2308 2117 2367 tempore
2137 2301 2303 2353 etiam
2323 2299 3435 2368 Massalianorum(ljpnllulavitlmresis.

196 2411 259 2453 et
290 2400 478 2465 lingua
508 2398 699 2465 Syrus,
732 2395 834 2448 fuit
866 2410 1131 2448 novorum
1161 2394 1475 2460 dogmatum
1502 2395 1771 2446 inventor.

197 2486 339 2550 Quae
401 2487 550 2538 enim
612 2485 749 2537 mala
798 2486 1013 2553 dudum
1072 2485 1430 2553 parturierat,
1481 2482 1775 2552 aliquando

202 2575 434 2629 tandem
473 2575 709 2643 peperit.
762 2552 1005 2628 Piimum
1045 2588 1282 2641 namque
1326 2588 1450 2627 cum
1494 2588 1774 2642 perperam

200 2668 341 2719 illud
379 2666 762 2727 intellexisset,
800 2664 1075 2719 Faciamus
1107 2665 1365 2719 hominem
1394 2667 1464 2719 ad
1492 2667 1777 2735 imaginem

199 2768 255 2809 et
278 2755 684 2809 similitudinem
707 2768 963 2817 nostram,
1014 2755 1179 2809 Deum
1207 2755 1443 2810 humana
1465 2771 1586 2812 esse
1608 2757 1779 2817 ferina

201 2850 471 2917 opinatus
510 2859 618 2913 cst,
657 2849 1026 2918 eumdetnqne
1059 2849 1365 2916 corporalia
1408 2852 1651 2904 membra
1686 2852 1782 2903 ha-

201 2945 342 2994 bere
366 2940 702 2993 existimavit
735 2958 746 2993 :
785 2956 952 2993 sacra:
982 2940 1286 3008 Scriptura:
1314 2945 1639 2995 sententiam
1670 2960 1777 2996 non

201 3033 347 3084 satis
401 3039 728 3090 assecutus,
786 3046 908 3099 qua:
971 3030 1145 3084 divini
1200 3031 1455 3086 Numinis
1516 3035 1781 3102 operibus

202 3122 581 3176 humanarum
648 3123 884 3191 partium
942 3124 1206 3177 vocabula
1267 3126 1480 3187 tribuit,
1531 3129 1780 3196 quando-

204 3215 437 3284 quidem
468 3230 535 3268 eo
575 3214 763 3278 modo,
799 3217 891 3285 qui
934 3233 1019 3271 res
1050 3218 1365 3271 subtiliores
1408 3220 1692 3289 percipere
1729 3232 1786 3277 et

205 3310 410 3363 audire
442 3315 745 3373 nequeunt,
773 3305 989 3360 facilius
1013 3308 1301 3360 consilium
1328 3307 1419 3362 Dei
1449 3311 1781 3380 intelligunt.

204 3398 443 3452 Addidit
468 3396 670 3450 deinde
701 3394 769 3448 ad
798 3396 1135 3463 impietatem
1171 3413 1289 3451 eam
1319 3400 1624 3453 consimilia
1653 3402 1782 3453 alia.

209 3491 253 3540 Α
290 3487 546 3541 ﬂauente
572 3490 717 3540 enim
752 3486 803 3540 id
840 3496 1146 3550 mutuatus,
1187 3490 1529 3543 conditorem
1564 3494 1787 3544 univer-

205 3580 399 3633 sitatis
446 3579 613 3647 hujus
656 3579 828 3631 Deum
875 3592 1055 3647 neque
1096 3580 1274 3646 ignem
1323 3596 1496 3649 neque
1530 3585 1785 3637 tenebras

206 3683 433 3723 creasse
473 3669 682 3722 docuit.
730 3667 929 3720 Verum
982 3668 1095 3721 haec
1139 3668 1384 3736 quidem,
1431 3679 1486 3723 et
1531 3685 1786 3738 quiscun-

205 3774 323 3824 que
356 3769 485 3810 sunt
510 3758 806 3826 ejusmodi,
833 3758 927 3825 qui
967 3757 1221 3810 factionis
1252 3759 1373 3825 ejus
1403 3767 1551 3822 sunt,
1581 3758 1781 3811 celant.

211 3843 490 3895 Dicuntur
518 3851 702 3893 autem
758 3856 787 3893 a
836 3840 1072 3909 publicis
1124 3842 1379 3895 Ecclesiae
1425 3844 1788 3895 conventibus

207 3931 516 4000 segregari,
550 3939 842 3997 propterea
875 3931 1020 3999 quod
1049 3931 1296 3984 nonnulli
1329 3935 1614 4000 pecuniam
1643 3932 1784 3999 apud

208 4039 318 4077 nos
387 4022 731 4076 exsecrando
788 4021 977 4075 fenore
1037 4024 1264 4085 locent,
1341 4024 1594 4076 nonnulli
1659 4038 1784 4077 cum

209 4115 549 4169 mulieribus
596 4125 772 4175 extra,
826 4132 936 4169 non
990 4126 1049 4170 ut
1096 4117 1179 4169 lex
1228 4116 1498 4183 postulat,
1549 4118 1787 4188 conjugii

210 4206 679 4259 consuetudinem
714 4206 981 4259 habentes
1017 4206 1182 4273 impie
1223 4206 1426 4260 vivant.
1460 4205 1563 4272 Qui
1598 4224 1728 4261 vero
1760 4224 1788 4261 a

214 4294 426 4347 talibus
473 4296 641 4358 rebus
684 4298 793 4347 sint
839 4294 1028 4354 alieni,
1075 4293 1250 4348 libere
1279 4311 1402 4349 cum
1436 4298 1519 4350 eis
1547 4312 1794 4351 commu-

212 4386 429 4438 nicare.
482 4384 549 4437 At
604 4384 731 4436 ideo
778 4384 901 4437 illos
940 4398 1043 4439 suo
1087 4386 1322 4453 quodam
1363 4401 1516 4441 more
1565 4390 1633 4442 ab
1670 4389 1792 4443 aliis

212 4485 504 4543 scparatos
538 4476 728 4527 vivere
760 4486 998 4536 constat,
1026 4480 1173 4544 quod
1209 4477 1525 4544 dogmatuut
1567 4494 1790 4533 suorum

212 4568 502 4620 oecultent
532 4566 931 4634 blasphemiam
968 4577 1024 4620 et
1062 4569 1425 4637 impietatem.
1462 4570 1635 4624 Porro
1668 4570 1792 4625 ficta

216 4661 338 4711 haec
369 4665 427 4711 ct
461 4658 781 4711 assimulata
818 4659 1082 4713 sanctitas
1127 4660 1454 4729 arrogantiae
1482 4670 1568 4715 est
1607 4662 1790 4730 plena,

215 4767 344 4819 quae
392 4751 605 4805 scilicet
653 4766 683 4805 a
718 4751 968 4805 doctrina
1005 4750 1405 4806 Pharisaeorum
1452 4755 1787 4823 provenerit.

218 4844 358 4895 ham
387 4853 444 4895 et
474 4843 550 4896 illi
578 4844 888 4897 animarum
918 4843 1081 4897 simul
1112 4853 1168 4899 et
1193 4859 1482 4913 corporum
1515 4847 1789 4901 medicum

217 4944 599 4997 accusarunt,
640 4936 709 4988 ad
755 4946 976 4990 sanctos
1025 4936 1304 5006 apostolos
1343 4936 1595 4992 dicentes
1630 4955 1644 4991 :
1685 4939 1792 4993 Cur
1826 4965 1867 5019 ο
1894 4941 2113 4995 venisse
2161 4939 2436 5009 cognovit.
2486 4953 2603 4991 eam
2656 4942 2821 5006 ejecit

214 5042 337 5079 cum
366 5027 664 5095 publicanis
696 5037 745 5079 et
780 5028 1144 5095 peccatoribus
1169 5027 1336 5081 cibum
1356 5031 1514 5083 sumit
1540 5031 1793 5097 magister

215 5128 390 5173 tester
418 5115 482 5168 ιτ
533 5118 596 5171 Et
627 5103 724 5186 per
759 5119 1081 5186 prophetam
1125 5120 1193 5172 de
1231 5120 1427 5173 talibus
1474 5120 1793 5177 hominibus

217 5213 358 5265 dicit
384 5212 529 5264 Deus
562 5210 704 5274 τρυε
730 5211 933 5276 dicunt,
973 5210 1148 5265 Purus
1178 5227 1314 5273 sum.
1347 5227 1509 5266 neme
1534 5217 1790 5285 attigeris,

214 5306 322 5357 iste
368 5304 549 5369 fumus
588 5304 787 5369 furoris
833 5305 935 5355 mei
981 5311 1057 5356 est
1113 5303 1153 5357 ³.
1197 5304 1454 5358 Sedenint
1498 5309 1791 5361 amentiam

217 5395 458 5448 istorum
493 5392 744 5446 refellere
801 5395 1065 5460 temporis
1097 5394 1255 5448 istius
1282 5410 1392 5447 non
1424 5406 1527 5450 est.
1560 5397 1793 5450 Proinde

215 5478 289 5541 εἰ]
341 5486 555 5554 reliqua
591 5487 1068 5539 commetnotanda
1106 5486 1548 5557 progrediamur.
1590 5486 1792 5542 Eodem

301 5604 314 5627 '
346 5598 543 5652 Matth.
571 5615 643 5668 Ix,
678 5600 762 5652 ll.
841 5600 861 5629 ²
904 5599 1003 5654 Isa.
1034 5616 1127 5665 ιιι,
1169 5602 1253 5656 ll.
1334 5602 1355 5634 ³
1377 5602 1531 5657 Joan.
1563 5618 1637 5670 vr,
1669 5602 1756 5657 55.

291 5753 369 5817 (1)
406 5750 856 5805 Μςιμιςειιὶίιιιοι-ιιηι
912 5750 1165 5813 istorum,

213 5837 383 5888 Supra

1883 2390 2149 2457 Εὐχή-τας,
2182 2391 2284 2445 hoc
2318 2402 2397 2444 cst
2422 2401 2741 2458 precatores,
2785 2393 2883 2445 hos
2912 2392 3320 2457 cognominant,
3348 2391 3441 2458 qni

1878 2496 1997 2532 eam
2061 2496 2248 2534 vocem
2310 2483 2359 2534 in
2413 2481 2658 2535 Granum
2718 2483 3049 2536 transtulere
3111 2498 3440 2537 sermonem.

1881 2564 2097 2621 Habent
2127 2579 2311 2622 autem
2342 2571 2486 2623 aliud
2528 2587 2746 2640 quoque
2779 2587 3102 2641 cognomen,
3134 2588 3199 2625 ex
3231 2589 3287 2626 re
3327 2573 3443 2639 ipsa

1881 2666 2067 2709 natum
2103 2676 2116 2710 :
2153 2660 2559 2715 Ἐνοουσιασταί
2585 2664 2750 2725 enim,
2775 2664 2877 2716 hoc
2903 2673 2990 2715 est
3012 2662 3246 2717 Numine
3277 2662 3442 2716 amati

1882 2749 2260 2813 nominantur,
2315 2752 2561 2806 dazmone
2611 2754 2868 2821 quapiam
2912 2755 3020 2807 vim
3072 2754 3125 2806 in
3168 2755 3251 2808 eis
3289 2770 3443 2807 suam

1883 2851 2207 2903 exercente,
2242 2858 2405 2910 quam
2457 2860 2569 2897 rem
2609 2842 2847 2912 Spiritus
2879 2846 3053 2899 sancti
3104 2846 3447 2914 praesentiam

1885 2950 2004 2987 esse
2033 2936 2348 3002 opinantur.
2375 2936 2477 3000 Qui
2509 2952 2637 2989 vero
2673 2938 2725 2988 in
2753 2936 2853 2989 hoc
2885 2936 3016 2988 vitio
3052 2936 3272 3004 perfecti
3298 2947 3447 2998 sunt.

1887 3040 2148 3077 manuum
2186 3041 2323 3093 opus
2354 3042 2515 3079 omne
2544 3036 2598 3079 et
2623 3026 2862 3079 laborem
2891 3026 3119 3095 perinde
3151 3036 3315 3095 alque
3348 3026 3450 3079 im-

1887 3124 2217 3194 probitatem
2260 3134 2603 3176 aversantur.
2641 3124 2829 3191 Itaque
2865 3138 3058 3176 somno
3086 3123 3452 3185 dediti,som-

1888 3214 2103 3267 niornm
2157 3213 2394 3265 visiones
2424 3223 2477 3263 et
2505 3210 2821 3279 phantasias
2852 3209 3197 3278 prephetiam
3226 3216 3445 3260 voeant.

1889 3303 2050 3356 Istius
2084 3303 2305 3355 haeresis
2336 3302 2502 3354 duces
2547 3300 2701 3353 fuere
2742 3299 2977 3360 Dadocs,
3016 3299 3244 3359 Sabbas.
3288 3296 3450 3350 Adel-

1887 3396 2073 3465 phius,
2115 3396 2345 3447 llermas
2396 3404 2452 3447 et
2483 3393 2803 3462 Symcones.
2837 3402 3000 3460 atque
3050 3400 3305 3457 praeterea
3334 3387 3450 3441 atii.

1888 3487 1988 3552 Qui
2018 3487 2237 3554 quidem
2283 3502 2339 3538 se
2390 3486 2456 3537 ab
2502 3483 2880 3537 ecclesiastica
2913 3480 3300 3534 communione
3343 3495 3449 3531 non

1889 3577 2291 3635 abstinuerunt,
2326 3575 2462 3627 nihil
2495 3590 2719 3643 prorsus
2744 3574 2828 3627 vcl
2860 3573 3117 3640 prodesse
3147 3570 3228 3622 vel
3258 3568 3453 3622 obeSse

1890 3670 2131 3722 divinam
2164 3683 2343 3719 escam
2376 3667 2645 3721 dicentes.
2676 3666 2750 3719 De
2780 3680 2885 3734 qua
2913 3663 3177 3718 Dominus
3201 3660 3457 3715 Christus

1893 3760 2072 3825 inquit
2102 3774 2114 3807 :
2149 3756 2249 3820 Qui
2282 3757 2567 3809 manducat
2601 3771 2770 3807 nteant
2806 3771 3039 3819 carnem,
3059 3763 3104 3805 et
3135 3752 3257 3805 bibit
3284 3766 3454 3803 meum

1888 3850 2220 3917 sanguinein,
2250 3850 2379 3903 vivet
2403 3849 2458 3902 in
2486 3856 2742 3903 (sternunt
2772 3856 2810 3901 ³.
2844 3850 3298 3903 Morbum'autem
3329 3860 3454 3899 eum

1889 3940 2232 4010 supprimere
2259 3941 2449 3995 sedulo
2474 3951 2762 4004 conantur,
2789 3950 2845 3995 et
2868 3940 3120 3994 eumdem
3142 3940 3306 3999 etiam
3328 3952 3459 3991 con-

1892 4032 2019 4083 victi
2054 4031 2402 4099 iinpudenter
2438 4038 2739 4100 pernegant
2782 4047 2795 4081 :
2830 4040 2884 4087 et
2918 4030 3028 4084 illis
3058 4031 3149 4099 qui
3180 4030 3235 4083 in
3265 4028 3456 4083 eadem

1893 4134 2023 4175 sunt
2057 4121 2356 4189 opinione,
2398 4136 2561 4189 quam
2614 4121 2716 4191 ipsi
2761 4123 2943 4175 animo
2991 4122 3458 4189 complectuntur,

1893 4211 2133 4265 Ecclesia
2187 4210 2551 4265 interdicunt.
2605 4210 2829 4266 Letoius
2879 4226 3009 4265 sane
3054 4211 3458 4265 Melitinensem

1892 4305 2205 4370 gubernans
2236 4303 2558 4367 Ecclesiam,
2594 4306 2676 4356 vir
2707 4303 2895 4355 divino
2925 4302 3122 4355 ardore
3155 4312 3457 4369 spectatus,

1892 4409 2014 4448 cum
2057 4394 2226 4446 multa
2269 4393 2599 4445 monasteria
2633 4407 2728 4446 seu
2772 4391 2953 4459 potius
2986 4391 3301 4460 praedonum
3334 4406 3460 4459 spe-

1893 4486 2083 4540 luncas
2116 4486 2443 4552 contagione
2476 4483 2654 4537 morbi
2692 4485 2813 4553 ejus
2847 4484 3048 4552 corripi
3082 4483 3333 4545 videret,
3367 4498 3460 4537 eas

1896 4574 2160 4635 incendit,
2199 4585 2256 4628 et
2288 4576 2447 4643 lupos
2482 4575 2551 4628 ab
2584 4574 2766 4627 ovium
2799 4591 2961 4644 grege
2991 4575 3228 4643 depulit.
3264 4575 3456 4628 Itidem

1893 4674 1948 4719 et
1979 4665 2432 4735 praeclarissimas
2462 4665 2552 4719 ille
2579 4665 3019 4734 Amphilochius,
3054 4668 3144 4733 qui
3183 4677 3461 4733 metropo-

1894 4757 1989 4812 litn
2022 4756 2310 4827 L‘ycaonize
2349 4757 2471 4810 lidei
2512 4773 2623 4811 suae
2656 4758 2922 4811 creditam
2961 4759 3117 4819 rexit.
3156 4768 3211 4811 et
3241 4769 3458 4827 gentem

1895 4849 2209 4902 universam
2258 4848 2606 4917 gubernavit,
2644 4848 2735 4900 ubi
2786 4857 2994 4918 pestem
3031 4850 3191 4902 talem
3233 4864 3299 4903 eo
3329 4866 3457 4918 per-

2868 4956 2881 4992 :
2928 4948 2984 4993 et
3032 4956 3225 5007 greges
3266 4940 3359 5003 qui
3391 4942 3461 4993 ab

1898 5045 1964 5083 eo
1990 5030 2376 5099 pascebantur,
2411 5030 2561 5082 clade
2596 5046 2656 5083 ea
2709 5029 2981 5083 liberavit.
3028 5031 3196 5083 Porro
3240 5039 3296 5089 et
3339 5031 3457 5085 Fla-

1899 5122 2115 5184 vianus,
2147 5120 2349 5174 celebri
2385 5122 2523 5174 fama
2555 5122 2657 5184 vir,
2696 5130 2981 5191 postquam
3016 5122 3320 5176 Antiochia:
3343 5123 3458 5190 cpi-

1900 5228 2098 5281 scopns
2140 5224 2225 5267 est
2274 5214 2469 5276 factus,
2522 5223 2575 5267 et
2625 5216 2675 5268 id
2729 5231 2902 5285 genus
2952 5216 3203 5269 homines
3252 5217 3463 5270 Edessa:

1902 5304 2109 5355 \‘ersari
2142 5303 2419 5370 cognovit,
2467 5320 2675 5358 veneno
2706 5321 2806 5359 suo
2840 5304 3104 5359 finitimos
3134 5306 3459 5367 inﬁcientes.

1903 5395 2298 5447 monachorum
2360 5395 2647 5449 sodalitate
2705 5398 2936 5466 quadam
2998 5398 3065 5450 ad
3121 5412 3216 5450 eos
3277 5399 3461 5459 missa,

1902 5488 2251 5542 Antiochiam
2300 5502 2395 5542 eos
2445 5491 2729 5556 pertraxit,
2775 5501 2830 5541 et
2876 5488 3257 5559 aegritudinem
3308 5502 3462 5540 suam

1238 5748 1331 5816 qui
1362 5758 1417 5805 et
1450 5747 1691 5803 Euchita‘.
1735 5750 1850 5803 sive
1890 5747 2259 5801 Entlmsiast:e
2312 5747 2595 5812 dicuntur,
2652 5750 2857 5803 mentio
2910 5748 2987 5813 Iit,
3040 5747 3075 5799 I.
3134 5745 3360 5803 Ariani,
3411 5758 3467 5797 ut
