4288 6438
813 439 917 502 615

2037 433 2455 491 NlCEPllURl
2499 432 2836 490 CALLiS’l‘I

3956 421 4068 489 616

813 561 1178 624 pernegantcs
1221 550 1288 604 ad
1335 549 1482 602 hunc
1517 547 1737 600 modum
1779 546 1832 599 in
1870 545 2101 599 crimine
2138 543 2258 611 ipso
2293 542 2387 596 de-
2413 551 2460 605 Α
2489 525 2664 596 noxas
2717 543 3020 596 remittere.
3071 539 3352 611 Ejusmodi
3403 538 3632 591 iitteras
3665 537 3717 589 in
3766 534 4070 605 provinciis

816 645 1132 715 prehendit.
1201 644 1567 696 Accusatores
1627 637 1775 692 enim
1842 650 2035 690 eorum
2099 634 2235 688 falsa
2292 649 2389 704 per

815 737 1142 790 calumniam
1187 735 1427 796 dei’errc,
1475 740 1531 785 et
1585 739 1754 783 testes
1807 727 2090 780 mendacia
2140 725 2388 795 proferre

816 830 976 882 dixit.
1039 826 1369 894 Adelphium
1434 832 1617 876 autem
1688 820 1981 873 admodum
2033 818 2145 888 jam
2202 832 2386 872 senem

817 917 1010 971 blande
1057 915 1416 984 compellans,
1463 913 1705 966 assidere
1753 910 1856 963 sibi
1902 909 2068 979 jussit
2109 908 2221 962 :Et
2264 923 2388 970 nos,

815 1008 1016 1076 inquit,
1059 1022 1090 1059 0
1137 1021 1326 1066 senex,
1364 1005 1455 1072 qui
1500 1004 1609 1072 jam
1654 1002 1820 1054 vitam
1872 1015 2043 1069 pr0pe
2085 1001 2386 1066 exegimus,

817 1099 1028 1153 certius
1060 1113 1183 1151 cum
1217 1096 1513 1148 humanam
1552 1103 1806 1145 naturam
1839 1089 2240 1158 perspeximus,
2275 1095 2386 1138 tum

816 1190 1262 1244 adversariorum
1301 1187 1612 1239 dmmonum
1651 1182 2013 1251 cognovimus
2047 1180 2387 1242 molitiones,

818 1283 999 1349 reipsa
1037 1294 1255 1347 quoque
1303 1278 1489 1346 gratiae
1525 1273 2094 1330 subministrationem
2144 1270 2390 1340 perdidi-

818 1377 1018 1426 cimus.
1051 1373 1290 1426 Juvenes
1323 1385 1506 1424 autem
1556 1369 1668 1430 isti,
1713 1368 1804 1438 qui
1843 1367 2036 1419 harum
2081 1379 2263 1417 rerum
2301 1378 2391 1417 ac-

817 1466 1065 1518 curatius
1118 1464 1256 1517 nihil
1319 1463 1675 1531 intelligunt,
1732 1476 2016 1515 sermones
2072 1459 2389 1530 spirituales

817 1557 1010 1610 audire
1071 1572 1178 1609 non
1238 1555 1535 1608 sustinent.
1593 1554 1942 1622 Quapropter
2001 1553 2133 1606 tnihi
2189 1551 2388 1613 dicito,

818 1648 1095 1718 quomodo
1121 1664 1219 1701 vos
1247 1647 1548 1715 perhibetis
1570 1662 1696 1699 cum
1725 1647 1983 1714 spiritum
2011 1645 2387 1699 adversarium

820 1740 1056 1799 cedere,
1113 1748 1226 1790 tum
1287 1736 1524 1806 Spiritus
1581 1738 1753 1790 sancti
1811 1737 2041 1805 gratiam
2085 1736 2392 1789 advenire?

827 1830 1017 1884 Verbis
1073 1829 1225 1882 hisce
1283 1844 1451 1883 senex
1510 1830 1835 1892 demulsus,
1897 1845 2167 1882 venenum
2225 1844 2388 1882 omne

2492 633 2749 702 degentes
2799 630 3052 685 homines
3117 646 3242 684 cum
3309 629 3675 698 accepiSsent.
3730 626 4067 680 sententiam

2491 740 2680 778 earum
2707 734 2762 778 et
2784 724 3050 794 judicium
3088 724 3152 776 ad
3187 738 3368 776 mores
3393 737 3522 777 suos
3547 719 4063 775 accommodabant.

2495 816 2561 870 Ut
2599 816 2744 869 enim
2803 815 2892 869 ille
2945 813 3295 883 signiﬁcavit,
3355 827 3463 866 non
3518 811 3888 864 admittendos
3939 823 4067 861 esse

2492 905 2558 957 ad
2623 904 2904 975 mysteria,
2957 904 3051 972 qui
3112 914 3234 971 post
3283 901 3616 969 baptismum
3669 906 3953 968 peccatum
4009 897 4065 948 in

2492 1001 2722 1045 mortem
2754 991 3152 1045 admisissent:
3196 990 3317 1044 aliis
3346 989 3568 1060 quidem
3621 989 3819 1042 acerba
3863 999 3920 1040 et
3962 987 4067 1039 im-

2495 1084 2670 1138 manis
2700 1084 2928 1138 canonis
2963 1082 3280 1155 hujusmodi
3311 1084 3422 1138 visa
3483 1091 3718 1136 estesse
3762 1080 4066 1140 sententia,

2492 1174 2584 1228 alii
2635 1186 2853 1242 autem,
2910 1176 3056 1244 quod
3107 1177 3314 1246 justum
3365 1185 3422 1230 et
3462 1175 3531 1228 ad
3563 1175 3731 1228 vitam
3767 1185 4067 1238 moresque

2491 1265 2851 1334 corrigendos
2911 1267 3385 1320 accommodatum
3436 1280 3559 1318 esse
3617 1268 3912 1317 censerent
3963 1258 4064 1312 de-

2493 1367 2729 1422 cretum,
2773 1373 3066 1427 suscepere
3097 1359 3197 1428 (εὶ).
3248 1358 3320 1412 De
3369 1371 3479 1426 quo
3522 1371 3645 1410 cum
3680 1370 3779 1422 per
3805 1352 4068 1423 quaestio—

2493 1463 2618 1501 nem
2663 1448 3061 1518 ambigeretur,
3111 1450 3232 1503 alia:
3282 1447 3523 1502 Cornelii
3571 1445 3814 1515 episcopi
3867 1458 4067 1511 Super-

2493 1555 2694 1594 venere
2725 1540 2945 1602 litterae,
2995 1541 3230 1610 gratiam
3273 1540 3461 1595 delicti
3507 1540 3674 1594 etiam
3712 1538 3822 1591 illis
3848 1550 4067 1590 annun-

2496 1635 2717 1693 tiautes.
2749 1635 2843 1702 qui
2879 1645 3000 1703 post
3036 1635 3372 1704 baptismum
3404 1641 3747 1704 peccassent.
3797 1630 3874 1684 Ad
3917 1630 4068 1683 hunc

2494 1724 2722 1776 modum
2753 1740 2876 1778 cum
2913 1727 3138 1794 utrique
3169 1728 3445 1780 contraria
3478 1727 3619 1779 inter
3647 1740 3703 1778 se
3735 1739 3832 1792 per
3858 1722 4069 1789 episto-

2494 1815 2575 1868 las
2609 1815 2937 1878 scriberent,
2968 1828 3024 1870 et
3070 1833 3192 1885 quae
3239 1817 3501 1870 dicebant
3547 1816 3859 1869 divinarum
3891 1813 4068 1867 Litte-

821 1936 1178 1988 snppressum
1234 1921 1524 1984 evomuit,
1595 1930 1652 1975 ct
1709 1921 1917 1974 nullam
1979 1921 2266 1974 utilitatem
2319 1937 2386 1975 ex
2420 1893 2462 1948 Β
2495 1920 2678 1958 rarum
2714 1908 2954 1961 οταευιίε
2983 1908 3368 1972 ουίίτιηθτθηίν
3399 1923 3498 1977 [πο
3539 1906 3786 1960 muribus
3826 1904 4066 1973 quisque

820 2013 982 2083 129
1013 2012 1202 2065 divino
1258 2013 1532 2081 baptismo
1569 2013 1634 2066 ad
1686 2029 1782 2067 eos
1827 2013 1920 2080 qui
1956 1995 2024 2066 eo
2075 2022 2385 2075 uterentur,

820 2101 1108 2169 pervenire
1142 2102 1301 2155 dixit.
1338 2101 1518 2156 Solam
1553 2111 1735 2156 autem
1784 2103 2089 2156 orationem
2138 2101 2387 2156 sedulam

818 2193 1121 2246 daemonem
1173 2193 1228 2245 in
1273 2192 1472 2248 animis
1525 2192 1868 2246 habitantem
1921 2192 2144 2261 ejicere.
2178 2191 2391 2246 Unum-

817 2299 1092 2352 quemque
1142 2284 1288 2336 enim
1345 2284 1441 2352 qui
1500 2295 1759 2336 nascatur
1810 2283 2088 2336 hominem
2148 2299 2176 2335 a
2212 2283 2390 2352 primo

820 2381 1068 2439 parente,
1130 2371 1295 2425 sicuti
1352 2380 1628 2436 naturam,
1671 2373 1744 2425 ita
1803 2372 2116 2425 daemonum
2168 2386 2390 2441 quoque

821 2461 1145 2513 servitutem
1224 2461 1464 2514 trahere.
1549 2461 1759 2526 Quibus
1815 2462 2135 2531 precatione
2203 2463 2392 2515 sedula

821 2550 1067 2610 exactis,
1126 2551 1390 2621 deinceps
1443 2550 1710 2621 Spiritum
1777 2561 2030 2605 sanctum
2093 2552 2388 2612 advenire.

825 2639 1173 2708 prazsentiatn
1209 2654 1386 2703 suam,
1419 2642 1492 2694 ita
1521 2651 1578 2695 ut
1606 2643 1876 2694 sentiatur
1906 2652 1957 2694 et
1991 2644 2390 2710 conspiciatur,

823 2732 1180 2796 iinliczintem,
1249 2747 1562 2800 corpusque
1602 2733 1672 2785 ab
1716 2733 2070 2786 atlectionum
2121 2750 2216 2787 seu
2269 2750 2393 2803 per-

820 2825 1139 2890 pcssionum
1176 2831 1323 2876 metu
1363 2823 1716 2886 liberantem,
1753 2837 1807 2877 et
1839 2825 2076 2877 animam
2123 2827 2190 2878 ab
2230 2826 2389 2879 incli-

823 2916 1043 2968 natione
1083 2930 1146 2968 ea
1182 2931 1303 2983 quae
1349 2916 1404 2969 in
1444 2917 1691 2970 deterius
1727 2916 1854 2982 fert,
1890 2918 1962 2970 ita
1994 2918 2388 2985 vintlica'ntem,

823 3016 880 3058 ut
916 3015 1106 3074 postca
1136 3021 1314 3074 neque
1347 3008 1687 3061 abstinentia
1727 3017 1783 3062 et
1824 3009 2034 3077 jejunio
2068 3025 2271 3079 corpus
2297 3026 2390 3065 ca-

823 3096 1079 3164 stigante,
1113 3112 1293 3165 neque
1328 3085 1582 3151 doctrina
1616 3114 1738 3167 qua:
1760 3099 1947 3154 frenos
1971 3101 2131 3155 nobis
2155 3103 2389 3173 injiciat,

821 3197 874 3238 et
928 3189 1236 3264 composite,
1269 3190 1553 3242 ambulare
1607 3190 1822 3254 doceat,
1863 3192 1932 3244 sit
1984 3206 2143 3261 opus.
2203 3193 2267 3246 Et
2301 3195 2388 3248 cui

824 3289 901 3331 ita
941 3279 1178 3346 Spiritus
1227 3290 1455 3334 sanctus
1506 3281 1822 3347 obveniret,
1869 3297 1995 3336 eum
2047 3298 2155 3336 non
2216 3287 2391 3339 solum

823 3385 850 3422 a
912 3371 1162 3436 corporis
1223 3371 1635 3426 titillationibus
1672 3372 1937 3437 liberari,
1999 3370 2190 3429 verum
2226 3379 2391 3430 etiam

822 3458 967 3510 clare
1030 3460 1214 3511 futura
1273 3462 1598 3528 przevidere,
1663 3473 1719 3516 et
1764 3465 2090 3518 Trinitatem
2153 3468 2391 3522 divinam

823 3548 1002 3601 oculis
1049 3550 1162 3602 suis
1212 3566 1460 3604 cernere.
1521 3551 1633 3606 lloc
1679 3565 1840 3622 pacto
1890 3556 2053 3610 divus
2099 3557 2396 3612 Flavianus

827 3638 1023 3704 putide
1064 3639 1267 3694 etiosso
1301 3642 1476 3707 fonte,
1509 3656 1565 3699 et
1614 3647 1784 3714 impio
1835 3649 2043 3702 nudato
2093 3649 2276 3714 latice,
2327 3651 2394 3704 ad

821 3729 1102 3784 infelicent
1140 3733 1294 3785 illum
1339 3750 1527 3788 senem
1565 3736 1745 3804 inquit
1782 3754 1795 3790 :
1829 3737 2137 3794 lnveterate
2180 3743 2392 3796 dierum

822 3821 1115 3885 malorum,
1145 3825 1429 3893 redarguit
1459 3833 1510 3879 te
1539 3842 1600 3878 os
1635 3837 1813 3892 tuum,
1845 3844 1948 3882 non
1982 3845 2083 3900 ego
2115 3847 2130 3883 :
2166 3842 2219 3885 et
2249 3833 2393 3886 labia

822 3923 915 3966 tua
959 3916 1333 3970 testimonium
1369 3918 1776 3986 perhibuerunt
1801 3929 1994 3974 contra
2026 3932 2099 3975 te.
2139 3923 2205 3977 Et
2237 3934 2393 3992 peste

824 4005 913 4058 illa
950 4006 1004 4058 in
1034 4020 1285 4076 apertum
1325 4011 1559 4076 prolata,
1593 4006 1750 4078 Syria
1785 4021 1913 4064 sunt
1936 4013 2134 4078 exacti,
2160 4024 2214 4066 et
2238 4015 2395 4067 Pam-

823 4097 1060 4164 phyliam
1095 4099 1545 4168 commigrantes,
1576 4116 1696 4153 eam
1736 4117 1954 4170 quoque
1996 4104 2148 4157 clade
2194 4105 2394 4174 imple-

825 4200 1045 4242 verunt.
1098 4192 1278 4258 Atque
1337 4193 1450 4245 haec
1503 4193 1728 4259 quidem
1778 4193 1845 4246 de
1887 4196 2140 4248 absurdis
2190 4197 2311 4249 istis
2338 4207 2396 4249 et

827 4282 1026 4347 ineptis
1085 4281 1392 4334 haeresihus
1458 4283 1568 4335 sint
1632 4285 1800 4336 dicta.
1887 4284 2092 4337 Eodem
2149 4296 2395 4355 tempore

823 4368 1114 4422 Novatiani
1142 4371 1218 4438 tl)
1249 4388 1474 4441 quttqtte
1498 4373 1786 4443 Phrygiam
1818 4376 2143 4440 incolentes,
2174 4378 2395 4432 Pascha:

826 4461 970 4514 diem
1007 4461 1207 4515 festum
1259 4476 1565 4520 mutavere.
1621 4465 1680 4518 Id
1738 4481 1902 4532 porro
1951 4483 2242 4534 exponam,
2299 4471 2392 4523 ubi

827 4555 1066 4621 primum
1103 4556 1320 4620 dixero,
1351 4557 1709 4625 quamobretn
1743 4558 1984 4627 Phryges
2012 4570 2067 4613 et
2099 4562 2396 4631 Paphlago-

829 4658 928 4696 nes
978 4645 1233 4698 Ecclesi-e
1273 4661 1464 4699 eorum
1511 4656 1618 4700 tam
1675 4651 1908 4702 lirmiter
1956 4653 2230 4706 retineant
2289 4653 2393 4705 hu-

820 4734 1058 4800 jusmodi
1105 4735 1435 4790 sanctiones.
1487 4738 1731 4791 Novatus
1767 4741 2058 4809 presbyter
2103 4753 2394 4809 proliterea

826 4826 894 4877 ab
954 4826 1184 4879 ecclesia
1240 4828 1483 4880 liomana
1541 4830 1834 4894 discessit,
1896 4833 2041 4901 quod
2107 4834 2394 4889 Cornelius

825 4917 1118 4985 episcopus
1151 4933 1250 4972 eos
1276 4922 1340 4972 ad
1373 4923 1814 4975 communionem
1850 4924 2170 4988 admiserat,
2213 4928 2305 4992 qui
2334 4926 2388 4977 in

828 5010 1207 5075 persecutione
1257 5010 1326 5064 ab
1375 5012 1711 5078 imperatore
1763 5014 1927 5067 Decio
1980 5017 2236 5078 excitata,
2289 5017 2395 5071 diis

828 5096 1296 5150 sacriﬁcaverant.
1329 5099 1478 5152 lianc
1505 5103 1674 5168 ipsam
1704 5103 1775 5155 ob
1801 5118 2021 5155 causam
2053 5115 2394 5174 segregatus.

827 5195 932 5239 eta
964 5191 1445 5244 consentientibus
1472 5193 1576 5246 $th
1608 5195 1883 5262 episc0pis
1916 5196 1981 5247 ad
2015 5192 2395 5264 episcOpatnm

830 5289 1080 5346 evectus,
1121 5284 1379 5336 omnibus
1417 5287 1622 5355 ubique
1653 5286 1914 5342 Ecciesiis
1944 5288 2189 5358 scripsit,
2229 5305 2296 5344 ne
2331 5291 2398 5343 ad

830 5373 1086 5438 mysteria
1143 5375 1495 5443 percipienda
1545 5393 1641 5430 eos
1683 5379 1775 5446 qui
1834 5379 2242 5434 sacrilicassent
2302 5384 2394 5434 ad-

834 5473 1116 5518 mitterent
1151 5482 1164 5518 :
1195 5467 1290 5518 sed
1325 5469 1472 5537 ipsos
1506 5469 1730 5537 quidem
1765 5471 1830 5524 ad
1866 5472 2246 5539 paenitentiam
2296 5489 2393 5527 co-

831 5553 1206 5621 hortarentur,
1240 5559 1354 5613 Deo
1383 5571 1563 5615 autem
1604 5564 1776 5616 venite
1811 5566 2221 5618 concessionem
2264 5581 2394 5634 per-

830 5644 1132 5711 mitterent,
1163 5650 1255 5718 qui
1295 5652 1444 5705 solus
1485 5653 1799 5709 facultatem
1834 5655 2062 5710 haberet
2114 5667 2171 5709 et
2206 5665 2394 5724 posset

905 5789 979 5864 (ι)
1010 5792 1160 5844 Socr.
1194 5793 1286 5845 lib.
1317 5809 1392 5864 _tv,
1430 5811 1548 5864 cap.
1580 5795 1669 5848 9.8.

2491 1999 2609 2053 suis
2643 2015 2761 2053 eam
2795 2000 3190 2069 comprobabat
3221 2000 3574 2060 sententiam,
3612 1999 3678 2052 ad
3706 2015 3870 2067 quam
3903 2008 4065 2050 antea

2490 2092 2654 2144 etiam
2692 2091 2988 2147 inclinatus
3012 2095 3180 2162 magis
3212 2093 3415 2146 fuerat.
3438 2092 3542 2158 Qui
3566 2092 3712 2146 enim
3737 2091 4066 2158 delinquere

2492 2194 2548 2237 et
2584 2198 2812 2254 peccare
2841 2185 3078 2238 libenter
3111 2185 3255 2239 soliti
3288 2198 3470 2246 erant,
3517 2185 3855 2254 ejuseemodi
3891 2187 4066 2236 veniae

2493 2277 2851 2329 concessione
2911 2285 3024 2328 tum
3080 2287 3324 2345 accepta,
3386 2292 3486 2346 per
3545 2279 3814 2346 reliquum
3865 2277 4066 2330 deinde

2494 2367 2619 2419 vitae
2671 2375 2888 2435 tempus
2940 2382 3002 2419 ea
3060 2368 3113 2420 in
3166 2368 3382 2421 delictis
3433 2369 3692 2421 onmibus
3745 2369 4066 2423 utebantur.

2492 2457 2640 2512 Gens
2690 2474 2855 2528 porro
2917 2460 3192 2529 Phrygum
3237 2460 3453 2528 p0pnlis
3497 2461 3621 2514 aliis
3668 2463 4068 2528 temperantior

2497 2550 2945 2622 moderatiorque
2970 2567 3092 2606 esse
3118 2552 3355 2606 videtur.
3389 2546 3623 2606 Perraro
3647 2558 3793 2606 enim
3822 2552 4073 2622 Phrygiis

2490 2645 2700 2714 jurant.
2759 2645 2824 2698 Et
2872 2644 3155 2698 iracundia
3203 2644 3426 2713 quidem
3498 2646 3641 2714 apud
3713 2646 3944 2715 Scythas
4010 2657 4072 2698 et

2497 2733 2743 2787 Thraces
2803 2733 3116 2787 dominatur
3160 2752 3174 2787 :
3227 2734 3442 2787 libidini
3496 2744 3552 2786 et
3606 2737 4076 2803 concupiscentia:

2496 2825 2808 2879 Orientales
2834 2826 3021 2895 populi
3065 2826 3238 2896 magis
3268 2827 3575 2881 inserviunt
3609 2845 3623 2882 :
3655 2828 4071 2898 Paphlagonum

2497 2926 2682 2968 autem
2715 2925 2770 2970 et
2801 2917 3077 2988 Phrygum
3112 2933 3247 2988 gens
3286 2918 3354 2972 ad
3387 2929 3646 2973 neutrum
3693 2937 3876 2973 rerum
3932 2924 4072 2974 ista-

2501 3024 2622 3061 rum
2673 3024 2944 3078 propensa
3005 3021 3108 3065 est.
3172 3011 3362 3082 Neque
3411 3015 3560 3067 enim
3614 3013 3729 3067 ludi
3779 3013 4076 3068 Circenses

2497 3116 2676 3169 neque
2735 3101 3046 3170 spectacula
3109 3118 3258 3158 nunc
3335 3108 3477 3173 apud
3552 3120 3650 3160 eos
3709 3106 4073 3165 exhibentur.

2421 3221 2463 3278 ο
2498 3195 2848 3265 Quapropter
2882 3197 2958 3251 illi
2990 3208 3153 3267 atque
3186 3199 3321 3252 item
3370 3199 3464 3253 alii
3501 3199 3746 3264 ejusdem
3781 3202 4073 3256 sententiae

2500 3287 2634 3340 mihi
2665 3290 2837 3358 magis
2868 3290 3135 3344 inclinare
3165 3292 3424 3345 videntur
3454 3293 3521 3347 ad
3557 3308 3621 3346 ea
3648 3310 3768 3363 qua:
3801 3310 3829 3347 a
3858 3295 4075 3349 Novato

2498 3381 2812 3448 prtescripta
2866 3390 3014 3436 sunt.
3066 3382 3412 3451 Praecipuum
3451 3401 3690 3455 namque
3745 3388 3892 3455 apud
3947 3389 4074 3443 illos

2499 3482 2756 3540 tanquam
2791 3472 3062 3540 piaculum
3113 3483 3169 3527 et
3223 3477 3562 3530 abominatio
3612 3488 3696 3531 est
3745 3477 4069 3532 fornicatio.

2497 3559 2565 3614 Et
2593 3577 2723 3616 sane
2758 3563 2999 3633 Phryges
3038 3573 3094 3616 et
3129 3564 3506 3634 Paphlagones
3555 3567 3836 3621 moderate
3872 3571 4070 3638 magis,

2498 3671 2662 3724 quam
2690 3656 2825 3710 alias
2865 3670 3226 3725 quascunque
3256 3658 3514 3723 haereses,
3551 3659 3737 3713 vivere
3781 3661 4072 3714 videmus.

2503 3746 2767 3800 Eamdem
2819 3762 3042 3802 causam
3093 3763 3215 3801 esse
3265 3749 3464 3816 opinor
3520 3749 3601 3803 eis
3645 3753 3808 3804 etiam
3862 3755 3956 3820 qui
4012 3755 4069 3806 in

2499 3840 2939 3894 occidentalibus
3001 3841 3252 3908 partibus
3306 3841 3576 3905 habitant,
3627 3853 3683 3895 et
3724 3843 3916 3898 Novati
3977 3846 4077 3898 de-

2499 3942 2652 3985 creto
2716 3944 2932 4000 parent.
3009 3931 3184 3986 Porro
3237 3932 3483 3987 Novatus
3545 3935 3760 3988 etiamsi
3841 3946 4079 4006 propter

2497 4023 2742 4076 exactius
2791 4024 2916 4076 vitae
2970 4039 3144 4093 genus
3181 4039 3335 4078 suam
3389 4026 3492 4078 sibi
3543 4037 3746 4080 sectam
3806 4030 4076 4094 instituit,

2499 4128 2606 4165 non
2637 4112 2724 4166 ille
2756 4121 2934 4166 tamen
2965 4114 3267 4182 quidquam
3306 4114 3375 4168 de
3406 4114 3631 4169 Pascha:
3662 4115 3801 4170 festo
3835 4120 3926 4171 die
3956 4136 4082 4173 mu-

2501 4208 2654 4262 tavit.
2689 4206 2916 4274 Semper
2947 4222 3210 4276 namque,
3259 4208 3421 4262 sicuti
3461 4207 3848 4264 Oecidentales
3887 4222 4080 4280 partes

2499 4297 2681 4350 facere
2743 4301 2914 4351 solitae
2970 4310 3151 4363 erant,
3210 4309 3267 4353 et
3323 4301 3438 4369 ipse
3484 4299 3695 4355 Pascha
3747 4305 4077 4360 celebravit.

2498 4387 2704 4440 Pascha
2757 4398 2941 4440 autem
2999 4391 3106 4442 illa:
3151 4405 3369 4459 semper
3431 4403 3601 4461 agunt
3649 4396 3763 4464 jam
3822 4395 3951 4449 inde
4004 4400 4080 4454 ab

2501 4479 2684 4540 initio,
2720 4493 2785 4531 ex
2836 4493 2945 4546 quo
2993 4480 3290 4536 Christiani
3343 4495 3470 4538 sunt
3527 4487 3678 4551 facti,
3730 4501 3854 4558 post
3897 4495 4080 4560 tequi-

2503 4571 2768 4624 nocnuut.
2802 4571 2901 4624 llic
2933 4575 3282 4641 postmodum
3339 4578 3442 4631 sub
3473 4579 3760 4633 Valeriano
3797 4585 4080 4653 principe,

2501 4661 2595 4728 qui
2641 4662 3084 4728 persecutionem
3138 4667 3402 4719 adversus
3427 4664 3782 4721 Christianos
3826 4674 4080 4726 concita-

2497 4759 2675 4814 verat,
2704 4753 2967 4821 martyrio
2994 4753 3160 4806 vitam
3189 4754 3351 4809 finiit.
3383 4757 3484 4820 Qui
3522 4773 3648 4812 vero
3683 4758 3804 4826 ejus
3847 4763 4080 4816 nomine

2500 4844 2554 4896 in
2584 4843 2819 4912 Phrygia
2851 4855 3170 4912 censentur,
3197 4848 3267 4901 ab
3297 4848 3567 4904 institutis
3596 4860 3653 4904 et
3682 4854 4081 4910 communione

2497 4937 2616 5005 ejus
2645 4953 2768 4991 cum
2802 4937 2906 4991 sibi
2940 4939 3075 5006 ipsis
3100 4939 3449 5009 indulgentes
3473 4942 3922 5012 degenerassent,
3971 4948 4080 5001 hoc

2499 5035 2743 5096 tempore
2770 5030 3024 5096 paschale
3058 5045 3282 5100 quoque
3327 5031 3528 5087 festum
3579 5044 3883 5089 mutarunt.
3927 5037 4080 5091 Con-

2496 5116 2625 5170 cilio
2679 5117 2824 5170 enim
2885 5118 2938 5171 in
2991 5120 3130 5172 Pazo
3192 5121 3341 5185 vico,
3378 5121 3504 5176 'ubi
3571 5123 3829 5192 Sangaris
3883 5129 4074 5183 amnis

2501 5207 2662 5277 13o
2699 5208 2878 5262 fontes
2908 5221 3060 5273 sunt,
3091 5221 3307 5273 coacto,
3335 5214 3492 5280 pauci
3517 5215 3740 5282 quidam
3765 5225 3821 5269 et
3845 5215 4076 5270 obscuri

2501 5315 2598 5368 per
2628 5300 2916 5371 Phrygiam
2967 5301 3401 5356 Novatianorum
3455 5306 3699 5374 epise0pi
3731 5317 4078 5372 statuerunt,

2499 5395 2815 5450 Judaeorum
2861 5413 3048 5468 azyma
3103 5400 3448 5456 observanda
3484 5413 3538 5455 et
3587 5418 3709 5456 cum
3741 5407 3823 5457 eis
3859 5405 4079 5459 Pascha

2501 5489 2896 5543 celebrandum
2946 5506 3089 5545 esse.
3131 5490 3254 5547 Haec
3299 5493 3403 5546 sibi
3456 5496 3766 5548 renuntiata
3814 5510 3938 5549 esse
3975 5497 4082 5550 So—

2501 5594 2681 5637 crates
2706 5583 2821 5653 (qui
2855 5585 2958 5638 hoc
2984 5585 3108 5638 loco
3140 5601 3248 5639 non
3281 5587 3582 5641 abhorrere
3634 5602 3692 5642 se
3739 5604 3767 5640 a
3809 5587 4081 5642 Novatia-

2503 5691 2703 5729 norum
2734 5676 3003 5730 institutis
3030 5677 3206 5747 palam
3234 5695 3344 5748 prae
3375 5693 3431 5732 se
3465 5679 3592 5748 fert)
3627 5696 3653 5731 a
3681 5694 3810 5732 sene
3834 5680 4078 5748 quodam

902 5863 981 5929 t2)
1017 5869 1137 5914 liam:
1185 5879 1248 5915 ex
1306 5862 1461 5919 Socr.
1497 5859 1780 5932 excerpta,
1831 5884 1991 5932 quem
2045 5867 2355 5921 Novatianm
2397 5863 2620 5921 hasresis'
2655 5870 2982 5916 sectatorem
3020 5859 3361 5928 Nicephorius
3395 5876 3516 5915 esse
3549 5863 3772 5916 censuit.
