4288 6438
323 403 428 469 617

1260 396 1856 473 ΕρρὶιιειιιετιείΕ
1891 398 2278 474 IllSTORl/E
2319 412 2467 477 Lm.
2509 404 2610 476 XI.

3460 408 3564 471 618

325 518 524 573 scribit
555 516 652 588 (l),
682 518 776 588 qui
818 532 878 574 se
935 517 1239 590 presbyteri
1292 521 1460 575 illium
1514 521 1680 576 fuisse
1739 523 1892 588 dixit,
1927 542 1973 598 Α
1999 533 2086 576 cst
2114 538 2225 576 non
2255 521 2574 590 incelebris)
2605 519 2872 589 episcopi,
2913 534 2942 572 a
2969 519 3168 588 quibus
3194 529 3306 574 tum
3332 521 3566 574 maxime

323 627 569 680 quocum
647 611 870 682 Synodo
904 612 954 667 ei
1002 611 1334 666 interfuerit.
1384 611 1521 667 Cum
1567 613 1788 681 quidem
1829 627 1896 666 eo

325 717 435 753 non
463 703 828 757 convenerint
852 702 938 757 vel
960 702 1184 771 Agelius
1205 703 1676 773 Constantinopoli
1720 702 1899 758 Nova-

325 791 603 843 tiauornm
661 790 999 861 episcopus,
1055 792 1139 846 vel
1200 793 1469 847 Maximus
1518 793 1756 858 Nicaeae,
1811 794 1896 846 vel

322 884 491 936 ctiam
528 882 860 938 Nicomedia:
888 895 983 940 aut
1022 885 1224 957 (Ζοιγωὶ
1257 887 1334 956 (2)
1371 887 1524 955 (urbs
1553 900 1620 942 ea
1649 886 1896 958 Phrygia:

2003 614 2436 668 Novatianorum
2495 612 2689 682 religio
2738 621 2821 666 cst
2866 611 3268 665 administrata.
3321 610 3448 666 llaec
3489 613 3571 665 sic

2006 714 2119 758 tum
2187 718 2331 759 acta.
2403 701 2596 758 Postea

2005 806 2228 866 propter
2255 812 2375 851 eam
2427 795 2700 867 synodum
2750 795 2804 849 in
2857 803 3042 864 partes
3078 794 3332 849 discessit
3366 810 3382 850 ς
3412 797 3573 848 sicuti

2004 902 2104 943 suo
2135 888 2254 942 loco
2289 887 2559 943 dicemus.

2663 716 2798 758 vero
2849 702 3285 756 Novatianorum
3339 704 3572 758 ecclesia

1753 1036 1983 1105 CAPUT
2023 1038 2142 1102 xv.

337 1158 454 1227 Ὡς,
529 1161 826 1236 Εὺδοξίρυ
876 1163 983 1236 τοῦ
1048 1149 1742 1236 Κωνστςιντινουπόλεῳς
1820 1148 2342 1236 χελωτῆσαντος,
2403 1167 2458 1218 ol
2537 1159 2827 1233 ’Ᾱρειανοὶ
2895 1167 3239 1236 Δημόφιλον
3290 1166 3580 1233 προεϐάλ-

398 1237 620 1307 λοντος
659 1233 804 1285 οἰδὲ
840 1235 953 1303 τῆς
988 1233 1315 1307 καθολικγῆς
1385 1232 2129 1307 ἙκκλησίαςῌΕὺάγριον,
2194 1237 2532 1290 Εὐσταθίου
2582 1232 2689 1290 τοῦ
2744 1232 3110 1307 Ἀντιοχὲίᾱς
3175 1232 3392 1290 τοῦτον⁸
3453 1253 3578 1304 χει-

395 1303 858 1370 ροτονήσαντος
879 1320 892 1334 ·
946 1307 1042 1358 καὶ
1083 1304 1200 1357 ὅσα
1221 1305 1318 1356 ἐπὶ
1352 1305 1585 1367 τούτοις
1614 1303 1867 1371 συνέϐη.

404 1417 471 1474 Ut
531 1419 772 1474 Eudoxio
817 1419 1403 1488 ConstantinOpolitano
1446 1421 1683 1486 epist-apo
1737 1427 1964 1490 mortuo,
2011 1417 2201 1490 Ariani
2237 1415 2624 1490 Demophilum,
2661 1415 2923 1490 Catholici
2966 1425 3143 1471 autem
3192 1417 3508 1490 angrium,

756 1491 1036 1545 Eustat/cio
1067 1486 1390 1544 Antiocheno
1420 1491 1656 1558 episcopo
1682 1492 1818 1542 hunc
1845 1489 2126 1542 ordinante
2152 1486 2403 1556 elegerint
2437 1501 2455 1543 .'
2479 1495 2531 1540 et
2554 1503 2670 1556 qua:
2689 1489 2768 1540 his
2797 1488 3119 1554 acciderint.

407 1606 515 1659 Sed
574 1614 636 1658 ut
682 1605 966 1660 historiam
1021 1620 1421 1676 persequamur
1483 1609 1593 1676 (ὅ).
1645 1620 1710 1660 eo
1759 1606 1905 1660 unde

328 1699 568 1765 digressi
596 1712 809 1761 sumus,
847 1698 1240 1752 revertendum
1273 1699 1429 1753 nobis
1457 1708 1560 1753 est.
1595 1698 1900 1768 Imperator

2014 1612 2307 1659 revocatus
2337 1643 2353 1667 ,
2399 1613 2512 1658 tum
2576 1613 2760 1659 autem
2807 1604 3286 1676 Constantinopoli
3332 1609 3582 1678 privatus

2011 1696 2240 1761 latebat,
2271 1706 2330 1750 ut
2360 1711 2458 1750 sua
2491 1697 2687 1752 saltem
2734 1698 3026 1766 praesentia
3087 1700 3402 1769 ὀμοουσιου,
3446 1717 3583 1757 con-

347 1789 558 1842 Valens
615 1787 1099 1854 Constantinopoli
1146 1789 1388 1853 solvens,
1435 1788 1780 1843 Antiochiam
1837 1787 1903 1842 ad
1939 1771 1979 1825 Β
2010 1785 2414 1851 substantialis,
2453 1785 2800 1855 professores
2824 1788 3200 1844 confirmaret.
3228 1790 3305 1844 lta
3351 1791 3582 1854 factum,

333 1880 604 1934 Orontem
633 1879 786 1933 adire
830 1880 1168 1948 properavit.
1227 1877 1295 1935 Et
1343 1895 1467 1936 cum
1529 1881 1905 1935 Nicomediam

331 1973 682 2043 pervenisset
713 1973 820 2045 (l),
857 1973 930 2027 ibi
963 1973 1064 2028 hac
1093 1973 1159 2028 de
1190 1988 1355 2029 causa
1381 1974 1599 2029 restitit.
1626 1972 1909 2029 Eudoxius

331 2069 554 2121 Arianae
605 2077 774 2120 sectae
838 2066 1135 2135 episcopus
1193 2067 1372 2120 statim
1428 2074 1551 2134 post
1603 2065 1907 2120 discessum

335 2161 693 2228 imperatoris
736 2158 1212 2225 Constantinopoli
1241 2159 1347 2212 vita
1382 2158 1673 2213 defunctus
1710 2159 1907 2221 fuerat,

335 2252 632 2304 consulatu
695 2250 1061 2304 Valentiniani
1122 2257 1179 2302 et
1236 2248 1485 2302 Valentis
1546 2248 1730 2310 tertio,
1784 2263 1909 2302 cum

331 2343 562 2412 quidem
646 2343 862 2397 clavum
955 2342 1216 2396 Ecclesia:
1287 2339 1910 2408 Constantinopolitana

333 2439 499 2492 anuis
549 2437 807 2491 undecim
856 2435 1114 2489 rexisset.
1186 2432 1319 2503 Ejus
1370 2435 1423 2487 in
1487 2434 1668 2488 locum
1720 2432 1909 2486 Ariani

333 2539 703 2600 Surrogarunt
746 2526 1132 2596 Demophilum
1189 2527 1508 2597 quemdam.
1565 2527 1912 2581 Professores

329 2636 522 2678 autem
576 2622 892 2692 ὀμοουσιου,
919 2618 1435 2681 consubstantialis,
1462 2616 1812 2672 commodum
1853 2631 1912 2671 se

336 2723 605 2784 tempus,
683 2723 743 2768 ut
807 2713 995 2767 sedem
1064 2709 1438 2780 episc0palem
1496 2716 1910 2776 recuperarent,

336 2818 537 2862 nactos
585 2822 708 2861 esse
757 2806 884 2870 rati,
914 2803 1206 2874 Evagrium
1256 2817 1368 2855 sua:
1396 2800 1654 2855 factionis
1684 2800 1911 2871 presby-

337 2916 525 2958 terum
552 2901 873 2970 episcopum
895 2897 1280 2967 designarunt.
1305 2893 1404 2949 Cui
1433 2907 1629 2947 manus
1652 2892 1911 2963 imposuit

340 2993 688 3056 Eustathius,
720 2991 1018 3060 episcopus
1053 2987 1353 3059 aliquando
1378 2986 1780 3048 Antiochenus,
1815 2986 1910 3056 qui

339 3103 372 3139 a
390 3084 686 3140 Joviniano
708 3083 930 3152 quidem
959 3085 1027 3135 ab
1049 3079 1246 3135 exsilio
1264 3093 1374 3132 non
1399 3078 1471 3132 ita
1493 3076 1707 3147 pridem
1731 3076 1911 3133 fuerat

2011 1887 2071 1931 ut
2098 1878 2285 1932 Ariani
2338 1879 2784 1946 persecutionem
2831 1879 3099 1934 adversus
3146 1890 3367 1936 nostros
3419 1898 3580 1936 reno-

2009 1979 2226 2024 'varent.
2269 1969 2343 2024 Ea
2377 1985 2466 2024 res
2494 1980 2793 2040 postquam
2832 1981 2920 2027 est
2942 1972 3012 2026 ad
3043 1973 3351 2044 principem
3379 1975 3580 2035 delata.

2010 2063 2222 2116 veritus
2260 2061 2355 2117 ille
2402 2078 2471 2117 ne
2510 2062 2786 2117 seditione
2837 2073 2895 2118 et
2940 2064 3181 2118 tumultu
3238 2065 3432 2121 civitas
3466 2076 3584 2120 tur-

2012 2155 2264 2220 baretur,
2313 2155 2606 2210 militarem
2646 2171 2868 2211 manum
2907 2157 3230 2214 Nicomedia
3266 2159 3583 2216 Constanti-

2011 2248 2255 2317 nopolim
2288 2249 2460 2310 misit.
2497 2265 2622 2304 cum
2673 2250 2934 2306 mandato
2973 2252 3272 2321 ejusmodi,
3309 2263 3373 2308 ut
3410 2253 3580 2308 simul

2010 2349 2066 2394 et
2097 2341 2382 2396 ordinatur
2406 2349 2462 2395 et
2486 2341 2776 2397 ordinatus
2800 2345 3390 2413 comprehenderetur,
3414 2355 3581 2416 atque

2012 2433 2154 2486 alius
2185 2433 2293 2486 alio
2325 2433 2640 2488 exsulatum
2672 2435 3011 2491 mitteretur.
3051 2437 3379 2493 Eustathius
3407 2440 3580 2509 igitur

2012 2523 2232 2596 Bizyam
2275 2525 2381 2597 (5).
2414 2526 2560 2596 quod
2586 2526 2833 2583 Thracia:
2869 2528 3130 2599 oppidum
3167 2541 3277 2594 est.
3313 2526 3583 2601 Evagrius

2014 2619 2070 2672 in
2107 2619 2288 2673 locum
2340 2619 2509 2673 alium
2566 2620 2896 2690 deportatus
2935 2630 3039 2677 est.
3093 2622 3329 2678 Proinde
3367 2625 3580 2685 Ariani,

2015 2711 2160 2779 quod
2193 2711 2442 2780 plerique
2493 2728 2686 2767 omnes
2727 2713 2781 2767 in
2813 2713 2979 2769 rebus
3029 2717 3284 2770 secundis
3337 2717 3572 2782 faciunt,

2016 2805 2186 2873 magis
2210 2805 2491 2874 magisque
2518 2803 2762 2870 efferari,
2789 2803 3126 2863 orthodoxos
3163 2818 3219 2863 et
3267 2820 3414 2864 recte
3457 2827 3584 2864 sen-

2017 2897 2219 2951 tientes
2280 2896 2574 2952 admodum
2629 2913 2869 2960 vexare.
2920 2901 3169 2964 caedere,
3227 2903 3584 2957 contumeliis

2015 2987 2256 3053 adicere,
2287 2989 2345 3043 in
2372 2989 2590 3043 vincula
2625 2989 2924 3059 conjicere.
2981 2993 3228 3060 pecuniis
3258 2994 3424 3048 etiam
3454 3009 3586 3064 spo-

2016 3079 2179 3147 Iiarc,
2215 3079 2561 3136 intoleranda
2589 3082 2772 3135 omnia
2806 3081 3072 3138 adversus
3092 3100 3191 3140 eos
3220 3085 3421 3141 facere.

1776 3241 2007 3300 CAPUT
2046 3236 2189 3298 XVI.

344 3367 484 3434 Περὶ
515 3365 620 3433 τῆς
645 3365 948 3436 ὠμότητος
1010 3360 1147 3436 τῶν*
1205 3359 1540 3436 Ἀρειον-ῶν.
1606 3359 1739 3436 acab
1774 3360 1850 3436 ᾡς
1917 3357 2158 3436 Obtian
2216 3360 2368 3436 ξιᾳτὰ
2419 3362 2541 3436 τὸν,
2586 3361 2960 3436 Ἀστακηνρν
3015 3364 3124 3433 τῆς
3191 3368 3587 3436 Νικομηδείας

419 3428 655 3491 iuit-tor
688 3428 1089 3506 ’ὀγδοήκοντα
1124 3430 1667 3498 ἐκκλησιαστικοὺς
1714 3428 1814 3482 ἐπὶ
1889 3431 2090 3498 μέσης
2122 3430 2444 3500 θαλάσσης
2473 3430 2596 3485 σὺν
2654 3430 2735 3496 τῷ
2759 3435 2951 3498 πλοίῳ
3021 3428 3163 3504 ari-pl

415 3523 549 3564 σεν.

3228 3440 3554 3506 alaparde
3576 3469 3586 3478 -

351 3627 426 3680 De
488 3627 797 3682 crudelitate
837 3627 1188 3686 Arianorum,
1265 3634 1313 3677 et
1374 3630 1432 3675 ut
1500 3620 1706 3674 Valens
1744 3621 1885 3674 circa
1947 3613 2619 3690 AstacenumNieomedic
2653 3623 2864 3690 portum
2909 3619 3172 3690 octoginta
3204 3622 3583 3682 ecclesiasticos

1051 3699 1191 3750 viros
1226 3710 1332 3747 una
1370 3709 1486 3747 cum
1519 3693 1727 3762 navigio
1776 3693 1831 3743 in
1877 3690 2046 3742 medio
2095 3688 2232 3740 man’
2268 3686 2378 3756 igni
2416 3686 2773 3740 combusserit.

423 3815 579 3885 131
623 3814 794 3868 Porro
825 3826 948 3868 cum
973 3811 1179 3866 nostris
1207 3810 1342 3864 dura
1386 3809 1501 3863 haec
1528 3817 1584 3862 et
1614 3807 1795 3877 gravia
1824 3819 1914 3858 es-
1943 3809 1986 3866 ο
2019 3809 2126 3862 ret,
2181 3816 2249 3854 ne
2308 3800 2503 3853 seditio
2556 3800 2613 3853 in
2666 3801 2828 3872 vulgo
2855 3801 3116 3867 oriretur,
3176 3807 3386 3864 veritus
3453 3822 3534 3867 est
3568 3834 3581 3867 ;

346 3914 498 3967 scut,
520 3904 585 3956 ad
611 3902 917 3973 principem
956 3910 1272 3970 preratorcs
1302 3900 1522 3963 misere,
1554 3899 1598 3952 si
1624 3913 1734 3965 quo
1756 3896 1917 3949 modo

353 3997 522 4049 tinem
553 4007 809 4046 aerumna:
834 3992 952 4059 ejus
986 3990 1237 4044 obtinere
1261 3997 1506 4057 possent.
1539 3985 1810 4040 Caeterum
1840 3981 1916 4035 illi

351 4087 619 4159 opinione
647 4100 743 4138 sua
773 4082 1071 4153 plurimum
1101 4089 1230 4134 sunt
1257 4079 1401 4143 falsi,
1430 4087 1489 4132 ut
1519 4079 1610 4146 qui
1646 4076 1916 4144 justitiam

357 4197 418 4234 se
456 4173 523 4232 ab
560 4179 767 4248 iujusto
807 4177 1205 4245 impetraturos
1232 4187 1352 4226 esse
1372 4172 1739 4241 speraverint.
1780 4169 1916 4223 Cum

353 4286 598 4340 namque
647 4267 834 4323 dilecti
872 4281 940 4320 ex
985 4263 1361 4318 ecclesiastico
1404 4262 1598 4315 ordine
1638 4260 1919 4326 octoginta

350 4365 481 4429 viri,
527 4361 727 4431 quibus
755 4356 976 4428 praefuit
1021 4354 1286 4417 Urbasus,
1321 4350 1676 4411 Theodorus,
1719 4361 1775 4402 ct
1806 4348 1918 4403 Me-

349 4458 644 4517 nedemus,
679 4449 1058 4507 Nicomediam
1098 4449 1401 4509 venissent,
1438 4459 1630 4513 preces
1680 4444 1921 4510 impera-

349 4549 464 4605 tori
507 4544 866 4607 obtulissent,
921 4551 978 4595 et
1021 4540 1090 4594 de
1130 4542 1182 4593 vi
1232 4547 1378 4592 tanta
1422 4535 1674 4606 quiritati
1709 4543 1916 4596 essent,

351 4641 678 4708 indignatus
709 4636 824 4697 ille,
852 4635 903 4687 in
935 4632 1230 4704 praesentia
1263 4629 1485 4700 quidem
1519 4631 1656 4683 iram
1683 4627 1918 4697 pressit:

349 4729 555 4784 deinde
581 4736 764 4779 autem
793 4724 934 4791 clam
977 4723 1226 4776 Modesto
1261 4719 1519 4789 praefecto
1551 4720 1839 4787 praecepit,
1863 4730 1922 4772 ut

349 4818 790 4886 comprehensos
822 4830 921 4869 eos
960 4823 1203 4866 necaret.
1239 4811 1501 4881 Supplicii
1533 4813 1652 4881 ejus
1701 4813 1919 4873 modus,

345 4911 482 4982 quia
531 4922 707 4962 novus
750 4916 807 4961 et
862 4906 1105 4959 insolens
1149 4917 1376 4972 prorsus
1409 4903 1534 4960 fuit.
1578 4901 1921 4971 posteritatis

352 5002 644 5058 memoria:
678 5007 763 5053 est
796 4994 1107 5051 mandatus.
1142 4993 1462 5058 Praefectus,
1505 4995 1550 5050 si
1598 4994 1749 5047 viros
1797 4993 1922 5046 reli-

344 5098 559 5166 giosos,
587 5092 681 5160 qui
711 5090 847 5143 nihil
886 5087 1315 5152 commisissent,
1347 5085 1633 5154 propalam
1673 5085 1918 5152 perime-

425 5300 501 5368 (l)
537 5299 754 5356 Sozom.
784 5301 883 5355 lib.
919 5315 996 5359 vi.
1032 5313 1153 5369 cap.
1177 5295 1270 5369 εις

423 5363 502 5441 (2)
537 5370 693 5426 Socr.
741 5372 902 5425 habet
949 5363 1216 5439 Cotyanii.
1256 5365 1572 5436 Legendum
1615 5380 1686 5421 ex
1728 5363 1920 5430 Suida,

344 5443 573 5500 Commi.

423 5459 749 5584 ῐὲῗέοεΐθι-
917 5522 992 5572 Iv,
1034 5523 1154 5576 cap.
1292 5514 1348 5560 et
1376 5506 1464 5560 l5.

422 5578 500 5648 (4)
530 5581 748 5635 Sozom.
784 5579 879 5632 lib.
913 5595 985 5642 Vt,
1025 5593 1145 5645 cap.
1188 5578 1272 5631 t3.

421 5645 501 5723 (5)
543 5651 720 5723 Βὶιμ
758 5665 864 5723 arx,
904 5649 1400 5723 regum_'l'hr:i_c_i:e,
1431 5645 1649 5723 a__'l‘erei
1705 5645 1918 5723 nefasto

339 5716 579 5783 crimine
615 5716 784 5776 invisa
818 5719 1225 5775 hirundinibus.
1261 5719 1405 5771 Plin.
1442 5717 1538 5771 lib.
1572 5734 1644 5782 tv,
1683 5731 1804 5784 cap.
1828 5716 1915 5769 il.

420 5793 498 5861 (6)
546 5790 1024 5857 Constantinopoli
1083 5802 1264 5842 autem
1315 5788 1501 5861 Ariani
1557 5788 1742 5856 plures
1781 5788 1915 5861 pios

339 5857 758 5931 cat'liolicosquc
805 5863 1152 5930 presbyteros
1212 5860 1370 5921 navi,
1438 5858 1492 5911 in
1543 5873 1649 5926 qua
1701 5857 1911 5908 nullum

629 5958 900 6016 P‘T“')L.
931 5954 1042 6013 Gtt.
1079 5953 1306 6012 CXLVI

2019 3901 2359 3965 quapropter
2405 3907 2500 3946 eos
2558 3909 2617 3947 se
2678 3895 2732 3946 in
2787 3895 3046 3951 exsilium
3105 3901 3402 3957 missurum
3456 3922 3580 3966 esea

2022 3985 2365 4040 assimulavit
2389 3983 2489 4051 (6).
2510 3985 2568 4038 ln
2601 4001 2706 4052 qua
2738 3985 2815 4039 illi
2850 3991 3125 4044 sententia
3148 3997 3362 4062 magnis
3386 3999 3587 4051 animis

2022 4078 2367 4146 acquievere.
2420 4079 2516 4132 Ille
2565 4080 2750 4133 navim
2796 4096 2914 4142 eos,
2972 4084 3142 4138 veluti
3188 4088 3365 4143 solum
3409 4094 3588 4147 exsilii

2022 4185 2184 4225 causa
2216 4185 2473 4225 versuros
2504 4174 2877 4229 conscendere
2899 4176 3084 4246 jussit,
3120 4189 3176 4233 et
3223 4185 3407 4237 nautis
3439 4199 3584 4253 pra--

2024 4264 2193 4332 cepit,
2237 4273 2298 4316 ut
2339 4263 2394 4317 in
2437 4264 2622 4318 medio
2671 4267 2806 4320 mari
2857 4280 3050 4323 navem
3095 4271 3482 4340 incenderent,
3530 4292 3587 4332 ut

2022 4365 2149 4410 cum
2177 4371 2243 4409 eo
2279 4355 2441 4409 modo
2487 4356 2561 4409 illi
2597 4358 2962 4423 interiissent,
2998 4365 3235 4431 sepulcri
3263 4382 3397 4421 cura
3432 4384 3590 4424 care-

2027 4456 2172 4501 rent.
2206 4447 2451 4526 Ventum
2491 4455 2575 4501 est
2615 4450 2668 4502 in
2719 4451 2902 4505 sinum
2933 4455 3199 4520 medium,
3232 4459 3325 4526 qui
3359 4461 3587 4516 Astaca-

2027 4553 2133 4603 nus
2167 4547 2397 4593 vocatur
2428 4522 2454 4592 τ’
2479 4540 2552 4594 ibi
2594 4549 2777 4595 nauta:
2828 4543 3092 4613 imperata
3137 4522 3411 4606 fecerunt.
3447 4555 3583 4608 Nam

2025 4632 2130 4700 ipsi
2178 4632 2406 4702 scapha,
2444 4648 2567 4702 quae
2619 4650 2812 4689 navem
2849 4639 3206 4706 sequebatur,
3264 4659 3587 4711 conscensa,

2028 4723 2308 4792 navigium
2342 4724 2419 4792 (7)
2443 4726 2496 4777 in
2524 4739 2636 4793 quo
2664 4727 2767 4780 viri
2799 4726 2878 4781 illi
2915 4730 3281 4798 vehebantur,
3319 4736 3587 4792 incende-

2033 4824 2184 4868 runt.
2227 4813 2622 4870 Vehementius
2659 4824 2771 4870 tum
2816 4819 3147 4879 subsolanus
3175 4835 3373 4881 ventus
3398 4828 3586 4894 ﬂabat,

2031 4915 2087 4959 et
2118 4905 2347 4974 proinde
2372 4907 2526 4961 navis
2565 4922 2631 4960 eo
2656 4909 2822 4963 citius
2851 4910 3122 4968 ﬂammam
3163 4919 3436 4989 concepit.
3476 4921 3588 4977 Du-

2032 4998 2175 5052 ravit
2219 5014 2282 5052 ea
2326 5014 2500 5066 usque
2531 4999 2595 5052 ad
2637 5001 2819 5056 locum
2849 5003 3140 5074 Bithyniae,
3166 5009 3259 5076 qui
3288 5009 3584 5066 Dacidizus

2027 5099 2400 5160 nuncupatur,
2437 5091 2622 5160 ibique
2657 5108 2763 5147 una
2815 5109 2938 5150 cum
2989 5097 3097 5166 piis
3127 5099 3234 5155 illis
3266 5100 3588 5158 hominibus

1955 5299 2000 5355 ι)
2029 5303 2146 5371 erat
2168 5295 2599 5371 instrumentum
2621 5297 2922 5359 nauticum,
2937 5296 3337 5371 imposuerunt,
3354 5314 3584 5371 eamque

2032 5367 2441 5433 pelago,,ventis
2471 5366 2738 5435 undisqne
2759 5377 2963 5421 temere
2991 5367 3268 5422 ferendam
3299 5366 3587 5427 commise-

2035 5445 2182 5505 runt.
2223 5438 2425 5490 Deinde
2477 5438 2768 5504 populares
2811 5437 3076 5505 quosdam
3123 5451 3254 5491 suos
3276 5437 3334 5492 in
3363 5441 3585 5505 navigio

2031 5504 2141 5556 alio
2192 5505 2520 5568 submisere,
2579 5506 2672 5574 qui
2731 5504 2906 5576 ignem
2983 5508 3058 5560 illi
3145 5507 3444 5576 injicerent.
3494 5504 3587 5565 Sic

2017 5576 2191 5628 sancti
2247 5577 2323 5629 illi
2385 5576 2482 5628 viri
2528 5591 2654 5629 cum
2705 5577 2828 5645 igne
2878 5586 2934 5630 et
2986 5591 3125 5645 aqua
3184 5577 3582 5642 conﬂictantes.

2019 5655 2297 5712 postremo
2357 5646 2603 5718 in_mari_
2662 5647 3266 5718 submersitmartyrii
3323 5663 3582 5704 coronam

2019 5725 2367 5785 receperunt.
2395 5715 2694 5783 (Tlieodor.
2738 5732 2946 5783 iv,cap.
2978 5717 3092 5785 9.4.)

2088 5785 2163 5853 (7)
2199 5784 2449 5838 Socrates
2489 5787 2676 5838 navale
2707 5801 2830 5840 esse
2865 5789 3018 5841 dicit.

3077 5947 3149 6007 20
