4288 6438
796 419 900 480 610

2007 419 2428 479 NlCEPlIORl
2472 417 2810 478 CALIJSTI

3936 406 4041 470 620

797 534 849 586 in
889 531 1072 584 littore
1119 540 1201 586 est
1237 530 1545 599 absumpta.
1595 529 1852 586 Sedenim
1882 531 2083 586 factum
2119 542 2224 587 tam
2253 542 2366 588 tru-
2396 542 2436 597 Α
2472 532 2666 587 incola:
2698 531 2936 601 patriam
2979 530 3051 597 (l)
3114 527 3515 596 relinquerent,
3546 533 3600 580 et
3647 522 4044 578 Constantino-

796 625 1074 677 culentnm
1137 624 1375 677 vindicta
1397 632 1481 676 est
1512 636 1821 692 prosecuta.
1867 625 2056 680 Fames
2083 625 2354 695 siquidem

795 725 1024 786 repente
1059 725 1206 770 tanta
1257 724 1338 768 est
1387 713 1439 768 in
1497 714 1732 786 Phrygia
1765 728 1906 781 orta,
1940 727 1998 772 ut
2041 717 2357 772 necessario

2469 625 2634 693 polim
2669 641 2727 678 se
2771 633 2935 692 atque
2971 621 3038 675 ad
3081 621 3218 675 alias
3251 620 3501 674 diversas
3550 620 3864 687 provincias
3908 629 4043 670 con-

2465 717 2698 772 ferrent.

2181 866 2408 923 CAPIIT
2451 865 2616 921 XVII.

797 989 1102 1058 Πείι-ὶβιόυ
1143 989 1240 1043 καὶ
1281 990 1518 1058 ἀγωγῆς
1552 991 1647 1042 καὶ.
1706 989 1978 1051 παιδείας
2009 987 2103 1058 καὶ
2135 984 2508 1058 Ασιεμψυχίας
2555 982 2662 1058 toi)
2717 981 2980 1058 (terriﬁci)
3027 982 3349 1058 Βτιᾳιλείου
3392 982 3488 1034 καὶ
3535 980 3864 1049 Γρηγορίω
3929 972 4038 1030 τοῦ

1324 1052 1654 1129 Θεὸλόγου·
1709 1062 1802 1112 καὶ
1847 1059 2005 1122 ὅπως
2050 1056 2146 1108 ἐπὶ
2189 1056 2302 1120 τὴν
2351 1053 2658 1120 ἱερατικὴν
2696 1053 2995 1120 καθέδραν
3029 1052 3416 1120 ἀνήχθησαν.

799 1184 872 1238 De
901 1182 1031 1244 vita,
1061 1181 1406 1240 institutione,
1439 1178 1643 1240 studiis,
1684 1186 1730 1230 et
1753 1177 1939 1228 intima
1973 1173 2206 1294 amiciti;
2240 1172 2417 1252 magni
2476 1168 2664 1250 Basilii
2687 1180 2732 1224 et
2771 1168 3012 1240 Gregorii
3043 1169 3284 1239 Tlieolagt'
3310 1185 3328 1222 :
3400 1179 3449 1222 et
3475 1176 3530 1222 ιιι
3561 1169 3630 1222 ad
3653 1166 4039 1221 sacerdotalem

2094 1260 2149 1294 se
2191 1259 2270 1294 em
2298 1250 2401 1294 sint
2436 1251 2687 1294 moverit.

2094 1250 2270 1296 sedem
2298 1250 2401 1294 sint
2435 1251 2687 1306 provecti.

862 1373 998 1428 Cum
1027 1383 1160 1423 vero
1195 1367 1364 1420 multa
1396 1364 1556 1421 nobis
1579 1366 1645 1420 de
1675 1363 1878 1418 Basilio
1901 1359 2097 1430 Magno
2141 1369 2197 1412 et
2221 1357 2356 1413 Gre-

793 1465 946 1535 gorio
975 1461 1252 1531 Tbeologo
1277 1459 1509 1514 dicenda
1546 1458 1676 1522 sint,
1709 1471 1892 1526 opera:
1923 1454 2160 1523 pretium
2186 1451 2362 1505 iactu-

794 1573 913 1610 rum
948 1569 1033 1608 me
1058 1568 1180 1608 esse
1218 1550 1428 1622 putavi.
1478 1550 1522 1603 si
1555 1562 1728 1618 pauca
1765 1544 2010 1614 quaedam
2049 1539 2122 1594 de
2167 1539 2361 1594 arctis-

794 1649 955 1709 sima,
1008 1661 1129 1716 qua:
1182 1644 1352 1698 tantis
1410 1642 1542 1695 viris
1591 1641 1734 1693 inter
1785 1652 1842 1691 se
1882 1636 1985 1690 fuit
2020 1632 2262 1687 amicitia
2305 1640 2360 1684 et

793 1739 1210 1810 conjunctione,
1236 1730 1648 1805 praemitterem.
1671 1731 1825 1796 Quod
1848 1743 1978 1783 sane
2009 1742 2118 1781 non
2151 1724 2357 1778 rectius

794 1831 1113 1897 certiusque
1164 1827 1370 1890 fccero,
1405 1839 1567 1894 quam
1601 1822 1646 1878 si
1690 1820 1944 1889 Gregorii
1980 1817 2152 1887 ipsius
2191 1830 2254 1868 ea
2291 1813 2356 1867 de

796 1939 853 1976 re
895 1922 1063 1975 verba
1112 1920 1422 1989 protulero,
1485 1930 1608 1985 qua:
1669 1913 1722 1967 in
1780 1928 1842 1966 ea
1898 1911 2149 1964 oratione
2207 1917 2356 1968 sunt,

795 2030 960 2084 quam
1006 2013 1051 2066 is
1088 2013 1156 2066 de
1202 2010 1405 2064 Basilio
1440 2007 1728 2062 funebrem
1762 2002 2112 2070 conscripsit.
2149 2018 2165 2050 ι
2204 1999 2362 2051 Teiu-

795 2125 950 2178 pore,
988 2105 1188 2175 inquit,
1240 2103 1593 2172 procedente,
1623 2100 1714 2153 tibi
1747 2099 1886 2152 alter
1923 2096 2078 2149 alteri
2109 2102 2358 2146 mutuum

793 2214 1033 2253 amor-em
1074 2197 1299 2267 (factum
1355 2195 1408 2249 id
1459 2191 1710 2256 Athenis,
1765 2189 1853 2243 ubi
1904 2187 2069 2242 simul
2126 2197 2362 2252 uterque

797 2293 996 2348 litteris
1027 2305 1250 2362 operam
1285 2291 1526 2358 navavit)
1576 2287 1865 2346 indicavit.
1901 2281 2361 2348 allectioncmquc

795 2399 914 2438 eam
965 2381 1328 2452 philosophiae
1366 2379 1541 2449 gratia
1575 2385 1899 2444 conceptam
1944 2388 2065 2428 esse
2089 2371 2359 2429 constitit.

798 2487 913 2530 tum
939 2475 1081 2529 alter
1113 2472 1272 2527 alteri
1303 2472 1478 2526 iactus
1502 2478 1586 2524 est
1609 2469 1820 2523 omnia.
1855 2467 1966 2521 Snb
1989 2482 2099 2518 uno
2125 2463 2363 2517 viximus

797 2575 945 2622 tecto
986 2563 1436 2626 contubernales,
1488 2571 1545 2615 et
1592 2569 1744 2612 arcta
1803 2559 1945 2612 intcr
1989 2571 2088 2610 nos
2121 2554 2360 2608 devincti

797 2657 1189 2729 conjunctione
1234 2655 1378 2709 idem
1428 2654 1796 2722 spectavimus
1847 2669 1859 2702 :
1905 2661 1961 2703 et
2010 2650 2148 2702 alter
2201 2647 2362 2700 alteri

796 2751 1039 2806 animum
1074 2747 1396 2816 ﬂagrantem
1437 2754 1492 2798 et
1519 2751 1862 2797 constantem
1918 2739 2194 2808 pnestitit.
2229 2736 2364 2790 Cur-

798 2858 994 2912 porum
1037 2855 1274 2909 namque
1325 2835 1697 2898 necessitudo,
1733 2836 1992 2903 quoniam
2043 2847 2223 2884 rerum
2264 2832 2364 2880 llu-

800 2947 990 2986 xarum
1023 2941 1126 2995 est,
1161 2928 1308 2982 haud
1347 2927 1506 2981 aliter
1546 2941 1706 2995 quam
1740 2923 1894 2977 verni
1932 2922 2116 2982 ﬂores,
2150 2921 2360 2973 interit.

802 3027 988 3096 Neque
1024 3021 1452 3094 enim,materia
1485 3020 1607 3088 igne
1633 3025 1979 3085 consumpta,
2017 3015 2229 3067 ﬂamma
2265 3015 2364 3064 dn-

803 3131 908 3180 rat,
944 3117 1040 3172 sed
1101 3131 1206 3170 una
1248 3130 1370 3168 cmn
1424 3129 1479 3166 re
1527 3122 1768 3166 cremata
1803 3108 2127 3163 evanescit:
2189 3121 2365 3172 neque

2465 1358 2654 1412 datum
2702 1347 2963 1411 "divinum
2998 1356 3252 1416 duceret,
3281 1363 3338 1408 et
3379 1355 3520 1428 alter
3562 1353 3798 1408 alterum
3834 1353 3898 1407 ad
3934 1354 4042 1406 vir-

2467 1459 2638 1505 tutem
2675 1461 2903 1505 acueret
2942 1463 3107 1520 atque
3144 1450 3433 1505 excitaret.
3471 1450 3538 1504 Et
3568 1450 3614 1502 si
3647 1465 3754 1503 non
3795 1447 4042 1502 insolens

2469 1545 2571 1598 hoc
2635 1545 2862 1598 verbum
2905 1553 3072 1612 esset,
3137 1543 3381 1615 regulam
3442 1554 3497 1598 et
3560 1543 3848 1608 amussim,
3914 1542 4040 1610 qui-

2470 1640 2572 1692 bus
2628 1655 2751 1708 qua:
2802 1647 2953 1692 recta
2992 1649 3143 1704 sunt,
3179 1654 3369 1707 quasve
3415 1639 3618 1698 minus,
3653 1637 4039 1706 explorantur,

2467 1733 2700 1786 alterum
2742 1733 2899 1788 alteri
2935 1733 3105 1787 fuisse
3143 1732 3410 1787 dicerem.
3442 1731 3736 1786 Sodalibns
3773 1745 3874 1784 nos
3899 1744 4037 1783 con-

2419 1876 2432 1918 ς
2460 1824 2746 1893 jnnximus
2775 1841 2881 1878 non
2919 1824 3394 1892 impudicissimis.
3429 1822 3524 1877 sed
3568 1822 3990 1876 n‘todestissimis
4023 1840 4035 1874 :

2466 1934 2572 1971 non
2629 1917 3172 1981 cmitentiosissimis,
3235 1916 3330 1970 sed
3382 1917 3629 1984 paeilicis
3671 1916 3928 1978 maxime,
3986 1927 4044 1967 ct

2465 2009 2793 2077 quibuscum
2838 2024 2959 2062 esse
3004 2008 3358 2062 utilissimum
3407 2018 3514 2073 est,
3544 2010 3690 2076 quod
3743 2009 4037 2062 sciremus.

2465 2106 2683 2161 facilius
2729 2104 2859 2158 vitia
2897 2105 3226 2172 contagione
3270 2105 3549 2168 contrahi,
3581 2119 3744 2171 quam
3773 2103 4036 2156 virtutem

2466 2212 2589 2250 cum
2629 2195 2752 2248 aliis
2784 2193 3206 2247 communicari.
3241 2191 3699 2259 Quandoquidem
3727 2202 3781 2244 et
3807 2190 4038 2244 morbus

2469 2290 2520 2340 in
2557 2288 2696 2341 alios
2745 2287 2933 2348 citius,
2968 2301 3130 2354 quam
3164 2285 3419 2338 valetudo
3481 2285 3834 2338 translertur.
3866 2283 4044 2336 Disci-

2469 2382 2650 2450 plinas
2697 2396 2805 2435 non
2835 2379 3272 2446 iucundissimas
3315 2378 3487 2435 magis
3523 2393 3685 2446 quam
3716 2376 4042 2430 honestissi-

2469 2490 2583 2527 mas
2615 2474 2918 2528 consectati
2952 2487 3162 2526 sumus.
3203 2471 3337 2525 Nam
3371 2486 3468 2541 per
3501 2485 3596 2525 eas
3630 2471 3714 2524 vel
3753 2470 3821 2523 ad
3861 2471 4048 2524 virtu-

2467 2577 2598 2625 tem,
2633 2565 2716 2618 vel
2765 2563 2833 2618 ad
2894 2564 3025 2617 vitia
3081 2561 3421 2633 efﬁnguntur
3471 2560 3876 2615 adolescentes.
3915 2564 4047 2614 Duae

2463 2666 2649 2709 autem
2705 2657 2866 2710 nobis
2913 2663 3074 2710 erant
3109 2666 3255 2708 nota:
3284 2655 3384 2708 via:
3415 2671 3428 2708 :
3469 2654 3645 2708 altera
3681 2653 3830 2723 prior
3861 2664 3915 2706 et
3946 2654 4044 2705 bo-

2467 2750 2702 2812 nestior,
2725 2749 2896 2802 altera
2929 2749 3222 2818 posterior,
3243 2758 3298 2803 et
3325 2763 3434 2802 non
3467 2748 3712 2818 ejusdem
3735 2748 3998 2802 momenti
4026 2765 4040 2800 :

2471 2842 2564 2894 illa
2599 2842 2664 2896 ad
2700 2858 2856 2896 saera
2892 2843 3118 2912 templa,
3167 2855 3221 2897 et
3252 2842 3346 2911 qui
3379 2843 3432 2896 in
3468 2845 3551 2897 eis
3599 2853 3727 2896 sunt
3760 2841 4038 2904 doctores.

2470 2934 2584 2988 ha-c
2631 2935 2698 2987 ad
2751 2935 3014 3003 profanos
3063 2936 3356 3005 magistros
3387 2935 3616 2989 ducens.
3665 2935 3926 3006 Reliquas
3961 2937 4043 2988 in-

2468 3027 2667 3082 sistere
2721 3028 2802 3081 eis
2848 3028 3162 3082 volentibus
3213 3027 3559 3096 reliquimus,
3610 3027 3864 3082 videlicet
3920 3028 4043 3081 dies

2473 3118 2660 3180 festos,
2717 3119 2951 3181 theatra,
2992 3119 3333 3187 spectacula,
3400 3129 3708 3172 conventus
3763 3120 4042 3188 publicos,

801 3211 1072 3273 cbaritas,
1135 3208 1226 3262 ubi
1270 3206 1479 3260 l‘omitis
1529 3203 1694 3256 ardor
1753 3201 2041 3272 emarcuit,
2094 3198 2366 3252 consistit.
2396 3204 2494 3266 ο(

2353 3237 2366 3251 ο
2396 3204 2441 3266 C
2477 3211 2750 3265 convivia.
2807 3211 2951 3264 Nihil
3009 3212 3155 3265 enim
3187 3210 3572 3264 admirandum
3615 3223 3669 3264 et
3713 3213 4041 3280 pra-clarum

801 3305 1034 3359 Divinos
1078 3310 1258 3356 autent
1321 3310 1376 3353 et
1417 3298 1645 3368 pudicus
1695 3310 1872 3356 amor,
1918 3291 2364 3361 quandoquidem

805 3395 885 3449 rei
922 3394 1094 3446 ﬁrmae
1123 3399 1178 3444 et
1213 3388 1429 3443 stabilis
1459 3397 1560 3450 est,
1592 3396 1876 3453 pr0pterea
1913 3384 2053 3438 solet
2086 3397 2208 3436 esse
2235 3398 2369 3434 con-

803 3486 1066 3541 stantior.
1098 3481 1164 3536 Et
1197 3491 1405 3550 quanto
1444 3480 1615 3548 magis
1643 3488 1890 3530 amantes
1927 3474 2004 3527 rei
2043 3473 2368 3527 desiderata:

806 3573 1274 3646 pulchritudinem
1318 3570 1697 3632 considerant,
1731 3576 1886 3620 tanto
1937 3565 2080 3618 inter
2129 3580 2188 3618 se
2233 3578 2367 3618 con-

800 3670 1106 3737 iunguntur
1160 3661 1356 3731 magis.
1413 3658 1536 3712 ll;ec
1583 3654 1839 3711 amicitiae
1871 3662 2075 3707 nostra:
2108 3653 2190 3705 lex
2225 3659 2366 3704 erat.

803 3766 984 3832 Atque
1035 3773 1160 3816 cum
1201 3757 1268 3810 ad
1323 3756 1470 3808 hunc
1515 3752 1739 3806 modum
1789 3749 1933 3802 inter
1986 3761 2088 3801 nos
2141 3744 2367 3800 animati

793 3868 1088 3919 essemus,
1145 3861 1200 3906 et
1257 3849 1394 3902 tales
1448 3848 1602 3901 lirmo
1652 3845 1933 3907 thalamo,
1986 3851 2044 3896 ut
2097 3840 2368 3894 l'indarus

809 3949 1026 4016 inquit,
1084 3956 1283 3998 aureas
1333 3940 1622 3992 columnas
1687 3935 2227 3994 substruxissemus.
2293 3932 2366 3984 ita

807 4042 1068 4106 deinceps
1095 4033 1488 4104 processimus,
1519 4032 1628 4084 Deo
1656 4028 1820 4084 simul
1848 4037 1904 4082 et
1942 4027 2214 4081 desiderio
2250 4041 2368 4078 mu-

811 4143 904 4186 tuo
933 4121 1496 4197 opitulatoribususi.
1530 4120 1634 4175 Sed
1663 4118 1940 4188 quomodo
1967 4119 2084 4172 sine
2109 4116 2368 4188 lacryn:is

810 4219 1240 4279 necessitudinis
1275 4227 1438 4272 tanta;
1470 4213 1772 4269 recorder?
1802 4213 2003 4267 Eadem
2052 4223 2171 4265 erat
2208 4209 2366 4264 nobis

809 4319 890 4372 rei
939 4312 1410 4376 invidiosissime,
1443 4307 1706 4363 doctrina:
1737 4305 1970 4367 scilicet,
2007 4318 2134 4373 spes
2154 4318 2360 4372 propo-

801 4410 936 4464 sita.
974 4405 1080 4461 Sed
1136 4403 1341 4457 invidia
1403 4400 1558 4470 132
1616 4396 1812 4461 abfuit,
1852 4396 2128 4450 aemulatio
2180 4404 2365 4450 autem

810 4511 1110 4568 utrumque
1154 4496 1446 4550 exercuit:
1487 4503 1540 4547 et
1568 4501 1843 4546 certamen
1877 4489 2037 4543 nobis
2066 4497 2205 4550 erat,
2254 4503 2363 4541 non

2475 3320 2596 3355 esse
2619 3301 2784 3364 duco,
2818 3303 3048 3370 quodat!
3086 3303 3346 3355 virtutem
3380 3317 3489 3356 non
3521 3303 3788 3356 conducat
3817 3343 3831 3366 ,
3865 3319 4046 3371 neque

2474 3412 2569 3450 eos
2625 3397 2715 3459 qni
2766 3395 2950 3450 studio
3004 3395 3130 3463 ejus
3185 3405 3460 3458 tenentur,
3526 3397 3787 3449 meliores
3820 3399 4042 3450 reddat.

2476 3488 2651 3555 Atque
2688 3487 2812 3540 aliis
2844 3487 3064 3554 quidem
3098 3487 3202 3540 alia
3234 3495 3381 3548 sunt,
3417 3487 3502 3540 vel
3535 3502 3562 3539 a
3610 3497 3760 3555 patre
3794 3499 4045 3554 accepta.

2477 3581 2559 3634 vel
2589 3588 2750 3633 domo
2784 3595 2849 3634 ex
2893 3579 3238 3648 quotidianis
3283 3579 3484 3632 studiis
3512 3589 3570 3633 et
3599 3580 3916 3635 actionibus
3951 3599 4044 3634 re-

2478 3684 2690 3744 portata
2724 3674 3050 3742 cognomina
3079 3690 3092 3726 :
3133 3673 3293 3726 nobis
3323 3687 3453 3726 vero
3481 3674 3669 3743 ingens
3699 3687 4038 3728 momentum

2479 3763 2579 3816 fuit
2609 3773 2667 3818 et
2706 3777 2930 3823 nomen,
2965 3771 3022 3815 ut
3064 3760 3362 3815 Christiani
3399 3770 3454 3816 et
3483 3776 3730 3816 essemus
3775 3775 3828 3817 et
3861 3781 4040 3817 nom.-

2479 3871 2760 3910 naremur.
2831 3853 3058 3906 Athenae
3129 3852 3389 3922 equidem
3459 3855 3581 3908 aliis
3644 3871 3752 3908 non
3822 3871 4040 3924 parum.

2477 3952 2743 4012 quantum
2778 3942 2843 3995 ad
2876 3942 3088 3994 animos
3130 3944 3394 4010 pertinet,
3422 3953 3645 3997 nocent.
3679 3944 3814 3996 Nam
3844 3945 3894 3997 id
3930 3963 4044 4000 tum

2478 4038 2680 4090 {rustra
2713 4034 2787 4102 pii
2817 4033 3136 4101 opinantur,
3169 4032 3316 4100 quod
3351 4033 3471 4101 plus
3499 4033 3605 4086 ill.e
3633 4050 3796 4102 quam
3829 4036 4040 4105 reliqua

2477 4126 2685 4181 Graecia
2745 4125 2908 4181 idolis
2960 4125 3273 4179 abundant.
3306 4127 3371 4179 Et
3405 4126 3653 4195 profecto
3690 4130 3907 4183 dillicile
3936 4150 4045 4186 est.

2477 4235 2586 4274 non
2639 4219 2803 4274 simul
2853 4219 3095 4286 aliquem
3141 4229 3524 4273 transversum
3557 4220 3673 4288 rapi
3721 4220 3790 4274 ab
3825 4222 4047 4277 illorum

2478 4313 2857 4370 laudatoribus
2905 4322 2960 4365 et
3001 4311 3270 4380 patronis.
3309 4311 3482 4367 Nobis
3524 4327 3654 4366 vero
3695 4316 3788 4383 qui
3842 4318 4052 4370 animis

2476 4407 2648 4476 probe
2691 4405 2919 4460 munitis
2948 4415 3114 4472 atque
3143 4405 3396 4459 instructi
3428 4421 3698 4470 essemus,
3733 4408 3944 4460 nullum
3971 4409 4050 4462 alt

2478 4501 2587 4554 illis
2621 4499 2846 4552 obvenit
2889 4496 3308 4550 detrimentum.
3347 4497 3486 4562 Quin
3517 4513 3546 4551 e
3575 4498 3795 4554 diverso
3832 4503 4045 4569 potius,

812 4603 934 4646 uter
972 4600 1221 4644 nostrum
1264 4585 1468 4654 primas
1492 4582 1680 4646 ferret,
1716 4597 1908 4635 verum
1939 4589 2060 4634 uter
2091 4580 2246 4633 alteri
2278 4595 2370 4632 cas
2403 4561 2448 4620 Ι)
2478 4591 2623 4662 quod
2657 4590 2880 4660 quidem
2914 4591 3066 4644 diem
3116 4589 3368 4644 "ﬁmch
3412 4601 3516 4656 es"
3570 4609 3633 4646 ea
3667 4609 3733 4648 ex
3771 4610 3828 4648 re
3867 4600 4044 4666 magis

812 4679 1339 4739 coueetlcret.Alter
1367 4677 1516 4730 enim
1548 4673 2022 4728 alteriuslaudem
2056 4683 2113 4727 et
2144 4669 2370 4742 gloriam

812 4792 911 4845 pro
937 4791 1033 4829 sua
1066 4771 1325 4840 habebat.
1355 4771 1418 4824 Et
1449 4769 1503 4822 in
1539 4777 1769 4835 utroque
1793 4768 1904 4820 visa
1933 4776 2013 4820 est
2043 4767 2221 4819 anima
2266 4782 2370 4818 una

810 4870 922 4923 duo
957 4865 1318 4921 circumferre
1349 4876 1604 4931 corpora.
1637 4859 1792 4926 Quod
1825 4861 1870 4912 si
1896 4860 2230 4913 credendum
2259 4874 2369 4912 non

811 4971 898 5015 est
937 4959 1272 5019 dicentibus,
1331 4953 1515 5008 omnia
1557 4953 1610 5006 in
1660 4951 1919 5006 omnibus
1960 4933 2084 5006 esse
2129 4953 2231 5005 sita
2266 4969 2280 5005 :
2319 4961 2373 5004 at

813 5053 973 5106 nobis
1007 5052 1060 5105 id
1096 5049 1290 5104 saltem
1322 5047 1599 5110 credatur,
1627 5044 1859 5098 alterum
1901 5045 1953 5098 in
2000 5045 2176 5098 altero
2205 5045 2368 5098 situm

813 5147 1010 5205 tuisse.
1064 5151 1119 5194 et
1174 5139 1407 5193 alterum
1455 5137 1524 5191 ab
1563 5137 1734 5190 altero
1763 5136 2108 5204 pependisse.
2143 5136 2371 5205 Utrique

813 5250 953 5304 opus
999 5247 1165 5285 unum
1202 5227 1542 5298 propositum
1574 5227 1698 5292 fuit,
1727 5227 1897 5281 virtus
1945 5228 2086 5295 ipsa,
2118 5240 2173 5280 et
2207 5238 2265 5279 ut
2292 5228 2374 5280 vi-

816 5338 923 5381 tam
979 5338 1200 5378 omnem
1249 5321 1318 5375 ad
1369 5335 1520 5390 spem
1579 5319 1820 5372 futuram
1879 5319 2262 5388 dirigeremus,
2318 5329 2372 5373 et

817 5420 972 5486 prius
1033 5415 1158 5469 inde
1209 5414 1396 5468 animo
1450 5412 1876 5466 transiet-remur
1925 5427 2086 5479 quam
2143 5427 2374 5480 corpore

817 5509 1212 5563 excederemus
1239 5526 1252 5560 :
1291 5506 1359 5560 ad
1392 5503 1537 5573 quod
1568 5512 1900 5573 spectantes,
1933 5505 2098 5557 vitam
2125 5517 2181 5559 et
2206 5505 2377 5559 actio-

819 5615 943 5654 nem
977 5614 1194 5651 omnem
1228 5607 1470 5650 nostrain
1507 5595 1579 5648 ita
1611 5595 1969 5657 instituimus.
2005 5607 2059 5648 ut
2091 5612 2190 5649 nos
2224 5612 2379 5649 mati-

889 5711 961 5781 (l)
1008 5709 1535 5778 Constmttinopolim
1583 5709 1836 5764 Socrates
1885 5710 2078 5763 scribit
2124 5709 2377 5779 frequen-

823 5781 1085 5836 tissimam
1155 5782 1558 5834 multitudinem
1626 5781 1807 5842 alere,
1872 5792 2160 5847 propterea
2232 5784 2375 5850 quo-l

821 5867 968 5907 mare
1005 5856 1052 5906 ei
1093 5869 1253 5906 oinne
1305 5865 1474 5921 genus
1519 5861 1852 5905 commeatus
1902 5854 2211 5920 suppeditet
2265 5871 2276 5904 :
2323 5863 2377 5906 et

2475 4685 2641 4739 ctiam
2682 4684 2734 4736 in
2787 4683 2890 4736 [ide
2936 4698 3129 4736 sumus
3165 4683 3500 4746 conﬁrmati,
3550 4696 3847 4754 propterea
3891 4693 4043 4756 quod

2474 4794 2720 4832 errorem
2751 4785 2805 4830 et
2831 4777 3202 4844 impuritatem
3234 4792 3428 4830 eorum
3459 4781 3880 4845 cognoverimus
3909 4801 3921 4834 :
3969 4785 4043 4836 ibi

2475 4873 2751 4926 daemones
2777 4869 3145 4937 despicientes
3179 4868 3274 4922 tibi
3306 4870 3582 4924 dmmones
3615 4883 3742 4925 sunt
3769 4863 3826 4927 in
3858 4875 4045 4929 admi-

2476 4963 2706 5016 ratione.
2741 4961 2806 5014 Et
2853 4961 2898 5013 si
2930 4960 3057 5027 quis
3092 4971 3179 5014 est
3212 4970 3306 5014 aut
3355 4961 3603 5014 creditur
3635 4978 3760 5017 esse
3807 4963 4044 5028 ﬂuvius,

2475 5054 2567 5124 qui
2627 5067 2724 5121 per
2774 5051 3112 5121 salsuginem
3161 5066 3405 5105 amaram
3452 5055 3618 5107 maris
3687 5055 4042 5110 dulcedinem

2475 5160 2626 5197 suam
2674 5142 2916 5196 retinens
2956 5141 3112 5195 tluit:
3151 5153 3241 5196 aut
3275 5144 3531 5197 animans
3564 5143 3770 5212 aliqua,
3820 5160 3945 5214 quae
3988 5149 4046 5202 in

2477 5236 2618 5304 igne.
2648 5252 2676 5290 a
2723 5251 2833 5304 quo
2863 5235 3045 5288 omnia
3084 5245 3512 5299 consumantur,
3543 5235 3769 5290 subsilit
3798 5255 3810 5291 :
3851 5239 3906 5291 id
3945 5257 4057 5291 nos

2479 5329 2620 5381 inter
2675 5327 2916 5396 aequales
2970 5342 3164 5380 omnes
3212 5325 3461 5394 profecto
3512 5327 3739 5382 fuimus.
3785 5328 3854 5382 Et
3893 5332 4050 5399 quod

2479 5419 2910 5488 pulcherrimum
2966 5431 3084 5484 est,
3142 5418 3405 5471 sodalitas
3447 5419 3698 5486 quaedam
3756 5421 4054 5477 nobiseum

2479 5527 2586 5563 non
2617 5510 2877 5578 igmbilis
2909 5509 3032 5573 fuit,
3069 5525 3188 5579 qua:
3220 5512 3287 5563 ab
3326 5510 3419 5563 illo
3473 5521 3731 5579 tanquam
3787 5512 3930 5566 dure
3968 5515 4056 5566 iu-

2481 5604 2813 5657 stituebatur
2872 5612 3035 5673 atque
3099 5605 3416 5671 regebatur,
3480 5604 3686 5658 eisdem
3752 5605 4050 5659 nobiscum

2479 5725 2742 5788 praetera-51
2780 5717 2902 5767 cum
2937 5732 3074 5784 opus
3112 5717 3207 5776 sit,
3240 5714 3658 5788 Euxinol‘onto
3695 5716 3891 5786 ingens
3939 5717 4063 5772 fru-

2481 5787 2649 5838 menti
2685 5785 2838 5855 c'opia
2879 5804 2942 5840 eo
2982 5789 3335 5840 subvehator.
3376 5785 3516 5856 (L'ab.
3559 5801 3632 5853 ιν,
3663 5785 3783 5856 cap.
3823 5787 3936 5858 16.)
