4288 6438
305 434 400 493 (ίὶὶ

1234 441 1828 505 ΕΟιΠᾸῖὃίΛΞΤΠἹᾸΞ
1874 439 2250 506 ΠΙΒΤΟΒΗΞ
2293 437 2435 496 LIB.
2478 433 2582 492 XI.

3433 414 3536 479 6‘22

312 555 514 612 studiis
550 555 814 627 gaudens.
855 555 1115 621 Quamvis
1145 557 1397 624 pedites,
1447 561 1598 628 juxta
1641 561 1868 631 Lydium
1905 575 1941 617 Α
1979 558 2132 626 133
2181 556 2368 622 Itaque
2426 559 2718 618 postquam
2774 541 2825 594 in
2887 531 3290 606 philosophicis
3336 529 3539 630 litteris

310 667 560 715 currum,
595 651 744 704 illius
789 651 1000 704 scilicet
1032 667 1250 706 cursum
1277 662 1334 706 et
1377 669 1584 708 morem
1613 670 1869 709 currere-

309 761 454 799 mus.
499 744 657 798 Unde
687 743 985 797 celebritas
1015 743 1264 812 quaedam
1291 747 1450 799 nobis
1478 747 1704 814 contigit
1727 747 1868 815 apud

309 838 606 906 magistros
636 845 691 890 et
722 837 1133 891 commilitones
1166 847 1409 899 nostros,
1445 851 1710 907 prtetcrea
1744 854 1872 892 vero

309 931 365 982 in
408 929 613 982 Graecia
650 930 824 991 omni,
858 929 1002 996 apud
1038 943 1134 982 eos
1168 929 1402 982 maxime
1434 933 1526 1000 qui
1561 932 1615 984 in
1642 946 1704 985 ea
1735 947 1872 999 pm-

310 1025 473 1083 cipue
504 1022 635 1074 clari
674 1032 823 1074 sunt.
857 1020 1000 1086 Quin
1043 1022 1154 1091 jam
1198 1020 1339 1074 fama
1374 1037 1593 1092 quoque
1632 1024 1873 1076 nominis

311 1115 486 1166 nostri
535 1115 674 1166 ultra
719 1113 941 1167 Gnecize
998 1112 1154 1176 fines,
1213 1112 1373 1166 sicuti
1424 1115 1528 1166 hoc
1576 1114 1872 1168 multorum

309 1221 568 1260 sermone
638 1205 958 1263 ferebatur.
1019 1205 1324 1274 processit.
1392 1206 1564 1259 Tanta
1637 1223 1874 1276 namque

310 1311 708 1367 praceptorum
757 1306 1097 1359 nostrorum,
1142 1307 1344 1366 quanta
1391 1299 1774 1361 Athenarum,
1821 1309 1877 1352 et

309 1399 465 1441 tanta
498 1401 706 1450 nostra,
737 1398 944 1457 quanta
974 1399 1371 1456 praeceptorum
1398 1391 1517 1443 laus
1551 1390 1670 1442 fuit.
1700 1392 1876 1459 Atque

311 1482 452 1533 adeo
485 1497 582 1548 per
613 1481 924 1532 amicorum
965 1481 1203 1548 insigne,
1237 1480 1396 1534 sicuti
1448 1483 1671 1542 fuimus,
1709 1482 1780 1534 ita
1823 1492 1879 1535 et

314 1573 490 1626 habiti
530 1589 758 1626 sumus:
800 1583 861 1626 ut
901 1572 1038 1625 nihil
1077 1572 1257 1626 simile
1292 1573 1437 1641 apud
1463 1571 1682 1627 Grzccos
1708 1573 1878 1627 habe-

315 1673 439 1716 rent
486 1663 572 1716 vel
610 1663 838 1718 Orestes
882 1672 939 1716 et
979 1662 1231 1733 Pylades,
1280 1664 1363 1718 vel
1405 1663 1732 1725 Molionidae,
1769 1663 1879 1716 Ho-

314 1756 505 1808 merici
557 1755 816 1808 carminis
865 1754 1194 1808 miraculum
1225 1755 1324 1821 (I).
1363 1773 1382 1805 ι
1425 1755 1550 1809 Haec
1585 1756 1878 1823 Gregorius

315 1846 386 1898 de
451 1861 548 1899 sua
610 1855 668 1899 et
717 1845 900 1899 Basilii
954 1846 1242 1914 disciplina
1285 1857 1341 1900 et
1389 1846 1652 1910 amicitia,
1714 1860 1876 1914 quam

314 1938 489 1991 etiam
543 1953 669 1991 cum
711 1938 914 2007 scripta
946 1937 1231 2006 pleraque,
1265 1946 1379 1991 tum
1414 1938 1657 2007 epistola:
1686 1952 1876 1991 eorum

316 2033 491 2098 magis
519 2031 821 2085 declarant.
865 2030 976 2083 llos
1015 2045 1149 2084 sane
1188 2031 1340 2083 viros
1379 2031 1424 2083 si
1469 2031 1594 2098 quis
1644 2030 1788 2083 inter
1822 2044 1881 2084 se

313 2127 595 2185 conlcrre,
648 2125 953 2192 vitamque,
1007 2139 1189 2177 mores
1248 2131 1303 2176 et
1367 2123 1625 2176 virtutem
1689 2137 1879 2176 eorum

315 2233 594 2288 esponere
616 2217 766 2280 velit,
789 2217 1019 2270 alterunt
1044 2217 1202 2271 alteri
1229 2215 1487 2286 praeferre
1511 2213 1880 2268 addubitabit.

317 2309 445 2364 Fuit
473 2309 619 2362 cuitu
647 2311 792 2361 inter
815 2323 935 2372 eos,
965 2318 1022 2361 et
1056 2308 1183 2361 vita:
1205 2307 1523 2370 sanctioris,
1556 2314 1611 2359 et
1640 2309 1882 2374 profana

315 2401 484 2455 simul
522 2413 804 2468 sacrasque
838 2397 1107 2451 doctrinae
1156 2396 1517 2450 concertatio.
1567 2395 1700 2447 Nam
1746 2396 1883 2449 ado-

316 2498 594 2549 lescentes
641 2491 846 2553 adhuc,
870 2489 1101 2544 Athenis
1145 2488 1374 2542 llimerii
1424 2497 1480 2540 et
1529 2486 1881 2550 Prohaaresii,

316 2589 412 2657 qui
466 2597 579 2640 tutu
621 2586 767 2638 inter
810 2583 1084 2652 sophistas
1125 2581 1389 2650 ιιι-ωοίρυὶ
1457 2590 1639 2641 erant,
1690 2579 1886 2634 deinde

321 2681 491 2732 etiam
553 2673 858 2729 Antiochia:
916 2673 970 2726 in
1021 2671 1180 2741 Syria
1229 2669 1443 2723 Libanii
1501 2669 1782 2722 auditores
1832 2679 1887 2724 ct

318 2769 578 2838 discipuli
619 2777 791 2820 artem
826 2764 1156 2818 rhetoricam
1189 2776 1403 2814 summe
1448 2759 1884 2829 perdidicerunt.

323 2866 393 2919 Et
427 2878 573 2925 cum,
620 2859 767 2930 quod
806 2859 871 2911 ad
902 2855 1264 2926 philosophiae
1293 2853 1474 2907 studia
1523 2853 1680 2907 valde
1712 2869 1888 2923 appo-

323 2960 416 3014 siti
449 2964 655 3014 essent.
683 2952 909 3022 quidam
959 2965 1056 3004 eos
1104 2948 1171 3002 ad
1221 2947 1380 3001 ludos
1426 2947 1780 3016 aperiendos,
1832 2955 1888 3000 et

325 3047 688 3117 sophisticam
748 3041 916 3096 vitam
974 3037 1490 3108 complectendam,
1550 3037 1644 3091 alii
1699 3047 1884 3091 autem

322 3142 396 3195 ad
438 3153 633 3193 causas
685 3137 742 3190 in
778 3135 897 3189 foro
932 3132 1172 3202 agendas
1223 3129 1671 3192 cohortarentur,
1705 3128 1888 3182 studio

1977 652 2114 704 satis
2164 621 2366 700 versati
2415 649 2599 701 erant,
2630 653 2696 690 ex
2729 631 2985 702 Origcnis
3014 638 3069 683 et
3122 626 3384 686 aliorum,
3439 621 3534 690 qui

1982 744 2135 796 illum
2195 739 2282 791 vel
2336 737 2758 804 praecesserant.
2810 726 2895 778 vel
2954 719 3238 777 consecuti
3294 716 3539 774 fuerant,

1976 831 2153 892 libris,
2208 841 2484 882 sacrarutn
2524 823 2852 876 Litterarum
2881 813 3206 870 sententiam
3255 805 3540 862 addidice-

1979 933 2126 978 runt.
2159 921 2345 990 Magna
2391 919 2537 974 enim
2583 925 2697 968 tum
2740 913 2874 964 orbe
2923 919 3040 962 toto
3070 901 3325 972 Origcnis
3360 899 3534 968 gloria

1978 1016 2102 1070 fuit.
2142 1015 2198 1068 In
2248 1014 2368 1082 ejus
2413 1011 2574 1066 libris
2615 1022 2739 1061 cum
2787 1019 2844 1058 se
2886 999 3282 1056 exercuissent,
3319 992 3536 1048 Arianis

1979 1117 2202 1160 strenue
2249 1103 2594 1157 restiterunt.
2648 1098 2714 1150 Et
2767 1093 2896 1164 quia
2945 1091 3022 1144 illi
3078 1087 3442 1142 auctoritates
3484 1092 3539 1134 ct

1982 1198 2297 1253 testimonia
2341 1212 2408 1249 ex
2446 1191 2694 1262 Origenis
2732 1186 2955 1254 scriptis
3007 1182 3074 1236 ad
3130 1181 3326 1248 dogma
3380 1187 3538 1232 suum

1976 1287 2447 1357 comprobandum
2506 1283 2832 1342 affet-ebant,
2891 1278 2993 1346 ipsi
3044 1289 3141 1328 eos
3196 1269 3538 1323 refellcrunt.

1981 1397 2088 1434 non
2152 1381 2287 1434 satis
2346 1376 2602 1445 Origenis
2665 1370 2999 1426 sententiam
3069 1374 3356 1422 assecutos
3419 1373 3541 1412 esse

1982 1472 2360 1526 oStendentes.
2419 1467 2577 1534 Apud
2630 1465 2833 1517 multos
2889 1458 3111 1529 quidem
3165 1465 3278 1508 tum
3328 1451 3541 1507 Ariani.

1982 1573 2145 1631 atque
2194 1556 2496 1612 Eunomius
2559 1562 2616 1607 et
2672 1553 2788 1621 ipse
2840 1546 3183 1608 Arianizans,
3241 1544 3296 1595 in
3348 1554 3546 1608 magno

1983 1654 2137 1707 fuere
2191 1651 2391 1720 pretio.
2445 1648 2516 1700 At
2581 1645 2656 1699 illi
2701 1651 2987 1711 postquam
3031 1651 3156 1692 cum
3176 1633 3449 1704 Gregorio
3492 1638 3547 1683 et

1981 1745 2179 1800 Basilio
2212 1744 2298 1796 vel
2351 1740 2573 1810 scriptis
2621 1737 2706 1790 vel
2734 1730 3204 1804 disputationibus
3236 1735 3368 1781 sunt
3407 1737 3543 1777 con-

1982 1838 2174 1909 gressi,
2198 1835 2402 1888 indocti
2434 1845 2662 1901 prorsus
2685 1843 2806 1883 esse
2833 1812 3099 1891 comperti
3128 1829 3278 1876 sunt.
3309 1818 3547 1873 Basilius

1988 1945 2018 1983 a
2072 1928 2290 1982 Meletio
2343 1923 2648 1979 Antiochia:
2691 1920 2953 1989 episcopo
2987 1915 3253 1970 diaconus
3303 1921 3544 1972 creatus,

1987 2029 2177 2090 postea
2217 2017 2408 2088 patriae
2442 2030 2556 2071 suze
2599 2013 2863 2069 Caesarea:
2888 2007 3274 2078 Cappadocum
3313 2005 3548 2058 antistes

1987 2115 2189 2175 factus,
2227 2125 2350 2165 cum
2381 2123 2514 2163 cura
2544 2116 2600 2162 ct
2649 2105 2754 2160 fide
2789 2102 3041 2159 ecclesiis
3073 2097 3547 2169 praefuitNeritus

1988 2207 2134 2260 enim
2167 2220 2236 2257 ue
2263 2219 2352 2257 res
2378 2202 2705 2255 Arianorum
2732 2212 2888 2252 nova:
2937 2194 3096 2249 Ponti
3120 2193 3286 2248 etiam
3309 2190 3547 2244 ditioncs

1993 2303 2362 2366 occuparent,
2415 2292 2672 2348 celeriter
2724 2289 2792 2344 ad
2850 2303 2944 2343 eas
3000 2297 3184 2356 partes
3237 2282 3547 2354 percurrit,

1992 2398 2156 2456 atque
2209 2384 2606 2440 monachorum
2656 2381 2731 2436 ibi
2799 2379 3064 2436 exercitia
3118 2376 3435 2436 instituens,
3490 2382 3549 2427 ct

1992 2480 2284 2547 plerosque
2332 2492 2488 2531 sacra
2533 2475 2785 2529 doctrina
2817 2471 3106 2537 erudiens,
3141 2471 3195 2526 in
3243 2470 3347 2525 fide
3379 2471 3546 2524 etiam

1992 2569 2320 2624 fluctuantes
2352 2567 2715 2622 confirmavit.
2757 2565 3024 2635 Gregorio
3053 2575 3258 2627 autem,
3299 2561 3394 2631 qui
3426 2560 3535 2614 Na—

1997 2661 2170 2715 zianzi
2204 2659 2470 2714 mediocri
2510 2658 2866 2726 Cappadocia:
2913 2655 3138 2724 oppido,
3184 2655 3325 2719 patri
3361 2668 3461 2708 suo
3499 2656 3552 2706 it:

1994 2755 2311 2822 episcopatu
2359 2751 2640 2811 successit,
2688 2749 2829 2802 idem
2878 2748 3118 2801 studium
3147 2746 3269 2802 fuit.
3298 2745 3551 2801 Circum-

1997 2848 2114 2900 iens
2175 2844 2323 2897 enim
2366 2853 2422 2897 ct
2468 2843 2583 2910 ipse.
2629 2841 2825 2909 oppida
2867 2842 3150 2910 pleraque,
3192 2853 3287 2893 eos
3320 2839 3414 2908 qui
3489 2840 3544 2892 in

1999 2935 2257 3005 religione
2300 2933 2551 2987 imbecilli
2583 2939 2763 2993 erant,
2796 2930 3150 2984 confortavit.
3189 2930 3545 2986 Potissimum

1998 3044 2128 3082 vero
2170 3025 2695 3094 Constantinopolim
2751 3022 3096 3092 frequentius
3146 3022 3355 3087 visens,
3410 3036 3540 3080 son-

2002 3120 2180 3174 tentite
2208 3134 2320 3174 sua:
2352 3120 2743 3188 suffragatores
2774 3118 2827 3172 in
2856 3118 3106 3174 doctrina
3146 3122 3494 3178 confirmavit
3531 3144 3541 3174 ε

333 3245 572 3304 utroque
603 3238 946 3300 contempto,
987 3223 1291 3282 solitariam
1320 3231 1452 3278 sunt
1481 3222 1648 3276 vitam
1690 3220 1888 3275 secuti.
1920 3250 1962 3305 ο
1996 3221 2051 3266 ct
2073 3221 2270 3277 postea
2308 3212 2361 3264 in
2405 3226 2525 3264 eam
2559 3212 2747 3265 urbem
2777 3212 3016 3281 legitime
3058 3224 3341 3276 evocatus.
3373 3217 3549 3270 admi-

322 3419 574 3486 ⁶ὑστιερον,
607 3412 881 3481 συνδρομῇ
911 3407 1120 3461 πολλῶν
1153 3404 1344 3476 ἱερέων
1367 3403 1463 3474 τῆς
1499 3402 1680 3455 ἐκεῖσε
1700 3401 1896 3471 ἐκκλη-

326 3509 449 3568 σίας
484 3505 583 3571 τὴν
622 3503 928 3568 ἐπισκοπὴν
959 3497 1265 3566 ἐπετράπη.
1304 3493 1366 3546 Εἰ
1411 3493 1485 3562 μὴ
1521 3494 1628 3561 γὰρ
1663 3492 1825 3543 αὐτὸν
1860 3493 1892 3560 ἡ

326 3598 446 3651 Θεία
496 3595 654 3665 χάρις
684 3595 860 3646 ὲκεῐσε
889 3587 1252 3658 παραϐάλλειν
1287 3585 1478 3648 ἐκίνει,
1513 3582 1636 3653 μήτ’
1670 3582 1895 3633 ἐπισκό-

323 3708 433 3742 που
465 3688 590 3758 μήτ’
623 3682 918 3752 ἐκκλησίας
958 3680 1145 3748 οὔσης,
1171 3677 1387 3730 πάντων
1416 3675 1461 3728 δ’
1498 3672 1893 3742 ἐλαυνομένων,

323 3783 634 3837 ἐκινδύνευε
660 3777 844 3846 σχεδὸν
864 3773 1053 3844 μηκέτ’
1076 3768 1214 3824 εἶναι
1240 3772 1306 3838 τῇ
1328 3767 1734 3821 Κωνσταντινου
1757 3765 1813 3816 τὸ
1829 3767 1893 3834 τῇ

329 3877 386 3926 ὲν
434 3871 638 3938 Νικσίᾳ.
687 3868 920 3924 πίστεως
958 3863 1153 3931 δόγμα.
1202 3859 1360 3912 Ἀλλὰ
1404 3860 1531 3926 περὶ
1573 3857 1674 3926 μὲν
1705 3854 1896 3906 τούτμυ

326 3969 424 4020 καὶ
457 3965 609 4025 αὖθις
657 3961 798 4014 κατὰ
832 3961 1014 4028 χώραν
1052 3955 1282 4025 ἐροῦμεν
1311 3972 1324 3985 ·
1362 3954 1419 4006 τὸ
1451 3953 1506 4006 δέ
1537 3968 1598 4018 γε
1646 3949 1739 4001 νῦν
1774 3949 1900 4017 περὶ

328 4058 608 4114 Βισιλείου
634 4053 885 4120 διέξειμι.

918 4165 1170 4217 ΚΕΦᾹΛ.
1212 4159 1318 4214 ιη’.

340 4269 439 4330 Ὧς
476 4265 622 4331 μετὰ
648 4259 944 4331 Εὐσέὅι-ον
974 4258 1294 4331 Βασίζιειος
1326 4253 1448 4331 rip:
1472 4248 1902 4331 .Ittqazadoxtor

401 4320 740 4409 ἐπετράπη-ο
778 4329 878 4409 καὶ
911 4329 1041 4395 περὶ
1072 4325 1182 4393 τῆς
1230 4325 1380 4391 πρὸς
1412 4322 1719 4375 Οὐάλεντα
1748 4320 1902 4386 παῤ-

397 4411 621 4473 ρησιάς
653 4405 861 4455 αὐτοῦ.

405 4520 649 4588 Διαφορά
701 4532 784 4577 τις
840 4510 1041 4579 συνέϐη
1083 4508 1159 4578 τῷ
1193 4507 1300 4577 πρὸ
1349 4504 1444 4558 τοῦ
1476 4504 1756 4557 Βασιλεέου
1803 4504 1902 4571 τῆς

1997 3303 2375 3356 nistrationem
2412 3301 2669 3355 Ecclesiae
2699 3302 2772 3355 ibi
2807 3304 3100 3357 multorum
3147 3307 3541 3376 episcoporum

1996 3407 2266 3448 concursu
2309 3404 2363 3447 et
2411 3393 2674 3464 suffragio
2705 3397 2967 3464 suscepit.
3011 3395 3168 3462 Quod
3222 3399 3327 3453 nisi
3361 3400 3548 3454 divina

1997 3488 2188 3554 gratia,
2228 3495 2286 3537 ιιι
2319 3485 2363 3539 is
2392 3501 2456 3539 eo
2481 3488 2718 3550 veniret,
2751 3498 3123 3556 procurasset,
3163 3490 3309 3558 quod
3344 3496 3544 3561 expul—

1997 3576 2074 3631 sis
2126 3576 2422 3638 omniluts,
2487 3593 2662 3647 neque
2729 3579 3024 3648 cpiscopus
3081 3597 3259 3650 neque
3315 3584 3548 3638 ecclesia

2001 3667 2073 3720 ibi
2123 3678 2305 3730 esset,
2337 3668 2641 3736 periculum
2679 3679 2831 3726 certe
2861 3680 2912 3724 et
2949 3679 3125 3724 metus
3161 3671 3277 3726 fere
3320 3672 3516 3728 fuisset
3546 3718 3557 3731 .

2000 3776 2070 3813 ne
2122 3760 2318 3814 deinde
2387 3760 2618 3815 Nicaeum
2692 3761 2813 3814 fidei
2863 3762 3126 3816 doctrina
3173 3762 3564 3819 Constantino-

2002 3851 2109 3920 poli
2169 3852 2318 3905 locus
2369 3851 2606 3905 deesset.
2662 3851 2768 3905 Sed
2821 3851 2923 3906 hac
2973 3852 3040 3906 de
3101 3868 3160 3907 re
3212 3851 3401 3922 postea
3459 3872 3560 3909 suo

2001 3945 2119 3998 loco
2175 3945 2374 3997 dicam.
2434 3945 2490 3996 In
2549 3943 2836 4012 praesentia
2889 3944 3172 3997 historiam
3229 3945 3298 3999 de
3355 3946 3557 4002 Basilio

2002 4053 2068 4107 pc
2078 4054 2326 4105 rsequar.

2548 4147 2776 4203 CAPUT
2819 4146 3003 4202 XVIII.

2010 4244 2072 4299 Ut
2099 4252 2212 4311 post
2259 4241 2532 4295 Eusebium
2584 4239 2783 4293 Basilio
2813 4239 3041 4311 Ecclesia
3085 4239 3458 4310 Cappadocum
3491 4247 3556 4295 sit

2074 4310 2348 4366 commissa
2385 4329 2402 4365 :
2445 4320 2494 4363 et
2527 4311 2590 4363 tle
2624 4311 2814 4380 insigni
2845 4310 2960 4380 ejus
3007 4311 3252 4364 adversus
3290 4312 3562 4366 Valentem

2075 4384 2279 4437 dicendi
2305 4382 2561 4435 libertate.

2076 4498 2330 4560 Eusebio,
2363 4499 2454 4566 qui
2481 4507 2605 4550 ante
2632 4496 2888 4549 Basiliutn
2923 4497 3169 4550 ecclesiae
3200 4497 3562 4552 Caesariensis

343 4606 671 4675 Ἐκκλησίας
701 4601 1036 4671 καθηγεμὲνι
1061 4599 1324 4666 Εὐσεϐἱῳ,
1349 4595 1427 4646 ἐτι
1451 4597 1508 4646 ὲν
1529 4596 1797 4656 διακόνοις
1815 4610 1900 4644 τε·
1934 4596 1976 4650 D
2006 4609 2034 4661 ε

1868 4614 1900 4641 ;-
1934 4596 1976 4650 n
2006 4595 2333 4661 gubernator
2367 4591 2489 4652 fuit,
2519 4590 2805 4644 dissidiutn
2860 4589 3131 4658 quoddam
3180 4606 3302 4642 cum
3363 4591 3561 4644 Basilio

331 4703 574 4762 λοῦντος.
607 4693 714 4750 Ἦν
746 4695 804 4749 δὲ
831 4696 860 4748 ὁ
888 4691 1143 4751 Εὐσέϐιος
1176 4690 1267 4740 καὶ
1293 4687 1459 4740 τᾶλλα
1491 4688 1588 4756 μὲν
1620 4685 1902 4747 ἐπαινετὸς

330 4801 360 4850 ὁ
404 4796 563 4863 ἀνὴρ,
598 4791 691 4842 καὶ
726 4789 832 4850 τοῖς
878 4786 1017 4853 ὑπὲρ
1040 4781 1318 4843 εὐσεϐείας
1357 4779 1620 4839 κινδύνοις
1671 4779 1903 4848 μάλιστα

331 4887 659 4957 διαπρέψας,
693 4882 766 4943 ὡς
802 4883 829 4931 ὁ
862 4878 983 4931 τότε
1017 4875 1184 4938 ἔδειξε
1221 4872 1478 4941 διωγμός.
1517 4870 1625 4939 Τῆς
1667 4869 1755 4922 οὖν
1787 4870 1905 4921 δια-

332 4985 504 5052 φθρᾶἶ
527 4977 847 5047 γενομένης,
876 4969 1152 5028 Βασιλεῖ-οῖ
1187 4969 1284 5035 μὲν
1312 4966 1404 5017 ἐπὶ
1425 4964 1513 5016 τὸν
1545 4962 1744 5015 Πόντον
1773 4960 1880 5029 sxa.
1898 4990 1910 5001 .

332 5093 443 5150 ρει,
480 5072 705 5130 καὶτοῖς
733 5067 908 5119 ἐκεῖσε
937 5059 1242 5129 φιλοσόφως
1274 5057 1408 5121 ζῶσι
1440 5056 1602 5123 συνῆν
1624 5071 1637 5082 ·
1667 5055 1693 5105 ὁ
1721 5054 1776 5104 δὲ
1797 5053 1906 5104 τῶν

335 5141 662 5235 Καισαρέων
679 5160 871 5228 δῆμος,
895 5158 989 5207 καὶ
1015 5154 1216 5222 μᾶλλον
1241 5152 1355 5202 ὅσοι
1384 5148 1479 5200 τοῦ
1503 5147 1740 5216 πλήθους
1766 5141 1907 5216 ἦσαν

337 5260 677 5328 σοφώτεροι,
718 5251 785 5305 δι’
815 5248 1069 5307 ὑπονοίας
1099 5241 1246 5312 εἶχον
1271 5241 1556 5300 Εὑσὲὁιον,
1589 5239 1681 5290 καὶ
1713 5240 1933 5289 ἀπο).ι-’

336 5359 460 5409 πεῖν
488 5366 548 5403 τε
576 5347 735 5402 αὑτὸν
768 5341 1135 5399 ὶὸουλεύοντο,
1173 5339 1265 5388 καὶ
1297 5333 1418 5386 κατ’
1455 5332 1589 5384 ἰδίαν
1617 5330 1912 5401 χωρισθέν-

333 5465 448 5509 τες.
479 5447 578 5504 τὰς
615 5437 938 5505 συναγωγὰς
973 5433 1110 5500 δῆτα
1164 5428 1470 5488 ποιεῖσθαι,
1507 5426 1587 5476 ὅτι
1620 5424 1795 5492 φυγῆς
1825 5422 1911 5474 αῖ..

337 5557 450 5601 τιος
478 5532 723 5604 ἐγεγόνει
752 5529 908 5599 ἀνδρὶ
930 5523 1170 5591 τοσούτῳ
1190 5522 1290 5589 τὴν
1312 5519 1513 5588 ἀρετὴν
1535 5518 1624 5568 καὶ
1655 5514 1800 5584 βιοῦν
1822 5513 1915 5567 λι.

336 5649 456 5698 γειν
487 5629 630 5695 ὑπὲρ
658 5627 901 5682 ἅπαντας
937 5616 1226 5684 εὐδοκῐμῳ,
1262 5609 1552 5664 καὶταῦτα
1586 5610 1804 5675 στίφους
1827 5623 1917 5658 το-

340 5724 549 5777 σούτων
578 5715 872 5788 αἱρετικῶν
891 5710 1258 5780 περιθέοντος.
1278 5706 1336 5756 Ὁ
1375 5705 1471 5773 μὲν
1492 5697 1584 5754 οὖν
1612 5700 1912 5761 Βασίλειος,

421 5907 495 5974 (ι)
526 5903 741 5956 Sozam.
776 5896 902 5949 eod.
931 5910 1047 5961 cap.
1096 5893 1178 5943 Η.
1215 5888 1424 5941 Sorrat.
1455 5883 1578 5936 eod.
1611 5895 1728 5948 cap.
1757 5877 1847 5931 ‘26.

2005 4687 2302 4740 etiamnum
2321 4685 2551 4737 diacono
2573 4681 2902 4736 intercessit.
2922 4679 3048 4733 Fuit
3076 4690 3258 4733 autem
3291 4680 3563 4735 Eusebius

2003 4794 2130 4834 cum
2152 4779 2272 4830 aliis
2303 4778 2356 4830 in
2395 4777 2560 4829 rebus
2588 4776 2668 4826 vir
2721 4787 2968 4840 magnus,
3001 4783 3114 4824 tum
3169 4771 3566 4825 certaminibus

2003 4883 2059 4925 et
2083 4869 2340 4939 periculis
2367 4883 2466 4938 pro
2491 4868 2693 4935 pietate
2738 4864 3038 4918 subeundis
3068 4862 3303 4916 maxime
3357 4875 3572 4931 speeta-

2007 4975 2114 5018 tus.
2149 4963 2205 5016 Id
2253 4963 2397 5032 quod
2425 4961 2543 5029 ejus
2580 4956 2844 5026 temporis
2901 4954 3214 5024 persecutio
3249 4953 3566 5007 declaravit.

2009 5056 2300 5109 Dissidiunt
2351 5064 2533 5106 autem
2567 5067 2687 5104 cum
2718 5051 2800 5104 eis
2853 5046 3292 5109 intercessisset,
3344 5043 3575 5098 Basilius

2011 5152 2064 5204 in
2101 5151 2331 5203 Pontum
2358 5145 2602 5206 secessit,
2638 5153 2803 5211 atque
2839 5141 2911 5194 ibi
2961 5155 3084 5193 cum
3110 5138 3396 5192 monachis
3455 5140 3546 5206 pht

2007 5241 2290 5306 Iosophice
2343 5236 2651 5290 viventibus
2685 5234 2808 5287 fuit.
2851 5233 3012 5286 Plebs
3065 5239 3245 5285 autem
3275 5228 3574 5284 Cazsarien-

2011 5337 2108 5396 sis,
2135 5333 2373 5401 atquein
2404 5329 2599 5397 primis
2627 5328 2720 5396 qui
2749 5343 2812 5381 ea
2843 5334 3002 5380 erant
3030 5324 3393 5384 cordatiores,
3425 5322 3571 5389 quod

2017 5428 2310 5482 Eusebium
2343 5433 2659 5492 suspectum
2694 5420 2991 5481 habebant,
3025 5417 3180 5486 quasi
3228 5415 3365 5484 fugat
3412 5428 3578 5468 causa

2016 5527 2163 5574 esset
2183 5518 2282 5570 viri
2306 5518 2465 5577 tanti,
2489 5515 2582 5584 qui
2617 5513 2815 5566 virtute
2841 5520 2895 5564 et
2917 5509 3162 5564 moribus
3189 5516 3243 5560 et
3265 5507 3580 5573 eloquentia

2018 5610 2274 5664 omnibus
2304 5607 2424 5661 aliis
2453 5607 2652 5659 clarior
2681 5611 2844 5663 esset.
2903 5617 2969 5654 eo
3003 5600 3279 5669 prcecipue
3339 5607 3584 5664 tempore

2018 5717 2127 5771 quo
2163 5700 2546 5755 haereticorum
2600 5697 2790 5765 ingens
2838 5691 3132 5746 multitudo
3187 5692 3575 5744 circumcursa-
