4288 6438
779 419 886 483 623

1993 420 2413 484 NICEPHORI
2456 423 2801 485 CALLISTI

3926 421 4033 486 liii

774 549 894 603 ret,
924 537 1217 595 consilium
1267 537 1386 606 ejus
1438 536 1781 606 relinquendi
1834 547 1887 591 et
1941 539 2167 591 seorsim
2228 554 2346 590 con-
2378 539 2467 597 Ai

2340 540 2423 597 -Α
2456 539 2542 592 ἵνα
2609 539 2683 607 μὴ
2739 539 2799 589 τὸ
2861 536 2943 605 ἐφ’
2998 534 3176 606 ἐαυτῷ
3227 535 3325 608 τὴν
3390 534 3691 606 ἐκκλησίαν
3738 535 4033 606 ἐπιτρέψῃ,

773 638 970 685 ventus
1016 628 1119 683 sibi
1156 644 1285 683 suos
1333 628 1526 697 agendi
1593 644 1809 697 cepere.
1846 628 2003 699 134
2051 632 2228 699 Atque
2273 630 2345 683 ita

770 726 994 795 quidem
1051 724 1316 784 Basilius,
1393 738 1494 785 ne,
1570 732 1833 791 quantum
1907 740 1961 777 tn
2040 739 2107 776 co
2178 723 2343 776 silum

769 826 909 880 erat,
971 815 1271 871 Ecclesium
1323 814 1572 883 plurimis
1624 814 1951 867 tumultibtts
2008 814 2075 867 ab
2126 815 2207 867 eis
2250 814 2342 881 qui

770 909 945 962 aliena
1020 908 1361 968 sentiebant,
1428 906 1813 960 conturbatam
1864 907 2097 975 amplius
2145 907 2347 976 alllige-

771 1009 931 1065 ret,.
978 1000 1217 1070 quietam
1285 1000 1337 1051 iu
1424 999 1667 1051 Ponticis
1742 999 2089 1053 monasteriis
2149 998 2345 1068 agebat

760 1097 957 1149 vitam.
1021 1094 1219 1146 Valens
1273 1101 1479 1153 autem,
1530 1102 1588 1145 et
1619 1108 1737 1160 qua:
1760 1107 1884 1145 cum
1926 1107 1992 1146 eo
2037 1099 2156 1147 erat
2188 1108 2341 1147 sacra

767 1188 970 1241 cohors
1024 1186 1267 1256 (SClltptl'
1314 1185 1458 1238 enim
1526 1184 1678 1238 illum
1740 1183 2032 1237 incitantes
2098 1183 2339 1251 episcopi

770 1280 955 1335 Ariani
1007 1278 1418 1347 sequebantur)
1470 1286 1837 1346 Opportunum
1876 1292 1935 1330 sc
1969 1285 2186 1344 tempus
2245 1292 2342 1329 na-

768 1381 887 1425 ctos
944 1384 1064 1423 esse
1120 1369 1390 1429 dicentes,
1450 1375 1510 1421 ut
1567 1366 1618 1419 in
1675 1365 2056 1436 Cappadocum
2090 1367 2336 1421 Caesarea

770 1463 914 1533 quod
977 1461 1180 1514 vellent
1240 1448 1609 1527 perficerent,
1666 1469 1956 1527 propterea
2003 1456 2149 1525 quod
2195 1457 2341 1510 Basi-

768 1556 874 1606 Ιιιις
932 1551 1265 1615 secessisset,
1324 1556 1380 1602 et
1421 1548 1658 1618 populus
1699 1547 1921 1603 Eusebii
1956 1547 2083 1601 odio
2124 1547 2192 1602 ad
2225 1549 2340 1603 dis-

770 1646 1079 1699 cessionem
1110 1651 1410 1711 spectaret,
1436 1640 1749 1695 Nicomedia
1767 1639 1993 1710 profecti
2008 1640 2337 1702 Caesaream,

773 1750 1028 1808 tanquam
1083 1747 1138 1791 ct
1184 1736 1327 1790 bane
1356 1735 1625 1799 eversuri,
1651 1742 1961 1789 venerunt:
2033 1742 2197 1804 atque
2265 1735 2336 1788 ibi

770 1849 889 1901 quae
914 1832 1057 1887 soliti
1088 1831 1322 1889 fuerant.
1352 1844 1614 1899 peragere
1647 1837 1775 1884 sunt
1823 1829 2029 1893 conati,
2079 1827 2337 1883 videlicet

2456 631 2729 691 πλείστοις
2770 629 3020 699 θορύϐοις
3067 628 3216 697 napi
3270 629 3378 680 τῶν
3410 629 3738 697 ἑτεροδόξων
3771 645 4039 696 κυμαινο-

2457 721 2644 789 μένην,
2671 723 2783 782 τοῖς
2818 720 2961 773 κατὰ
2992 721 3189 773 Πόντον
3218 721 3663 789 φροντιστηρίοις
3695 722 3953 775 ἐνέϐαλεν
3977 725 4039 792 ή-

2455 814 2590 879 συκῆ
2621 812 2842 876 διαζῶν,
2885 810 3099 881 Οὖάλης
3119 813 3175 865 δὲ
3201 814 3293 866 καὶ
3322 815 3348 865 ὁ
3371 814 3500 882 περὶ
3518 812 3679 866 αὑτὸν
3703 814 3847 881 ἱερὸς
3872 830 4039 882 στρα-

2452 906 2541 967 τὸς
2579 907 2689 975 (ἀεὶ
2720 904 2831 974 γᾶρ
2889 906 3083 974 ἐκείνῳ
3123 907 3362 975 συνῆσαν
3395 908 3808 977 διερεθίζοντεςὶ
3843 908 4039 976 καιρὸν

2453 997 2594 1067 ἔχειν
2638 998 2884 1060 είπόντες
2922 998 3015 1051 καὶ
3062 999 3121 1051 ἐν
3170 1002 3237 1068 τῇ
3289 999 3677 1053 Καππαδοκῶν
3728 1001 3925 1053 ἁνύσαι
3973 1000 4039 1052 τὸ

2454 1090 2906 1159 σπουδαζόμενον,
2941 1089 3000 1141 τό
3026 1105 3086 1142 τε
3120 1090 3405 1158 άπόδημον
3433 1087 3573 1143 εἶναι
3605 1092 3905 1155 Βασίλειον,
3941 1094 4039 1145 καὶ

2450 1184 2510 1236 τὸ
2537 1184 2623 1236 διὰ
2659 1184 2846 1253 μίσους
2874 1183 3104 1249 ἄγεσθαι
3138 1182 3215 1253 τῷ
3250 1183 3364 1252 λαῷ
3396 1184 3486 1236 τὶν
3526 1184 3791 1238 Εὑσέϐιον
3821 1188 3916 1238 καὶ
3952 1187 4036 1247 είς

2453 1272 2608 1343 ῥῆξιν
2646 1273 2802 1343 ὁρᾷν,
2837 1274 2899 1325 ὲκ
2927 1275 3025 1339 τῆς
3056 1272 3423 1342 Νικομηδείας
3451 1273 3788 1341 ἀπάραντες,
3828 1275 3903 1333 ὡς
3938 1274 4037 1326 καὶ

2447 1366 2655 1434 ταύτην
2677 1356 3203 1435 καταστρεψόμενοι,
3226 1366 3290 1434 τῇ
3312 1364 3639 1432 Καισαρέων
3663 1365 4030 1433 προσέϐαλον,

2448 1458 2540 1511 καὶ
2582 1458 2649 1511 τὰ
2701 1457 2937 1510 εἰωθότα
2969 1457 3145 1508 ποιεῖν
3194 1456 3548 1523 ἐπεχείρουν
3602 1456 3886 1508 ἐκϐάλλειν
3933 1457 4036 1525 μὲν

2448 1548 2553 1600 τῶν
2584 1545 2896 1615 ἐκκλησιῶν
2930 1547 3054 1605 τοὺς
3106 1544 3467 1615 ὀρθὸφρονας,
3496 1548 3607 1608 τοῖς
3649 1545 3693 1598 δ’
3720 1546 3779 1610 ἐξ
3810 1548 4032 1617 Ἀρείου

2446 1640 2648 1702 ταύτας
2680 1640 2902 1693 διδόναι.
2933 1639 3174 1692 Ἤκιστα
3206 1640 3251 1693 δ’
3282 1639 3466 1700 αὑτοῖς
3503 1640 3642 1707 μετὰ
3681 1640 3885 1691 σκοπὸν
3925 1640 4035 1691 άπ-

2449 1732 2543 1799 έϐη
2596 1732 2656 1784 τὸ
2702 1732 3132 1801 βουλευόμενον·
3164 1730 3280 1800 ἅμα
3310 1732 3417 1799 γὰρ
3461 1731 3759 1801 ἠγγέλλετο
3804 1733 4033 1794 τούτους

2449 1821 2541 1872 ἐπὶ
2572 1820 2909 1890 Καισαρείας
2942 1820 3212 1884 ἐλαύνειν,
3251 1824 3347 1873 καὶ
3378 1821 3653 1886 Βασίλειος
3685 1822 3778 1885 τὰς
3803 1824 3861 1875 ἐν
3894 1825 4033 1876 Πόν-

772 1936 832 1979 ut
896 1934 1042 1978 recta
1103 1923 1408 1977 sentientes
1479 1921 1727 1975 ccclesiis
1776 1920 2079 1990 exigerent,
2129 1934 2336 1987 easque
2371 1907 2409 1959 Β
2439 1932 2465 1965 τ

2371 1907 2409 1959 Β
2439 1932 2515 1983 τῳ
2563 1914 2846 1982 διατριϐὰς
2901 1916 3116 1983 χαίρειν
3174 1913 3367 1977 εἰπὼν,
3423 1916 3515 1982 ἐπὶ
3547 1916 3647 1984 τὴν
3699 1917 4031 1985 Καισαρέων

776 2016 995 2069 Arianis
1028 2014 1319 2067 traderent.
1353 2012 1620 2068 Creterum
1672 2012 1957 2066 consilium
2026 2012 2078 2065 id
2136 2010 2334 2066 frustra

771 2110 893 2159 luit.
930 2104 1348 2173 Quamprimum
1376 2104 1521 2156 enim
1555 2103 1653 2156 hos
1679 2103 1981 2156 Czesaream
2014 2101 2333 2170 pervenisse

771 2198 1080 2252 nuntiatum
1100 2204 1204 2259 est,
1233 2193 1465 2248 Basilius
1494 2193 1807 2247 monasticis
1836 2193 1890 2245 in
1938 2192 2113 2247 Ponto
2137 2193 2340 2247 scholis

768 2291 887 2343 vale
941 2290 1108 2351 dicto,
1164 2288 1462 2343 Caesaream
1512 2294 1566 2339 et
1625 2289 1739 2353 ipse
1785 2285 1945 2350 redit,
1991 2294 2048 2340 et
2099 2285 2338 2339 Eusebio

769 2385 934 2438 rebus
973 2380 1229 2434 omnibus
1279 2379 1401 2433 aliis
1437 2377 1767 2447 posthabitis
1816 2377 2162 2432 conciliatur.
2219 2377 2338 2442 Quo

769 2476 991 2547 quidem
1052 2475 1194 2528 facto
1240 2472 1405 2527 animi
1477 2470 1557 2525 sui
1609 2470 2044 2526 benevolentiam
2105 2471 2338 2523 maxime

771 2565 1026 2620 ostendit.
1055 2563 1122 2621 Et
1159 2562 1303 2632 quod
1339 2562 1390 2615 in
1428 2572 1667 2629 tempore
1693 2574 1891 2630 magno
1917 2558 2126 2625 judicio
2154 2562 2333 2614 omnia

770 2672 891 2708 eum
919 2654 1131 2709 ratione
1157 2652 1289 2722 egit,
1317 2650 1889 2718 disputationibusque
1922 2658 2232 2717 opportune
2253 2658 2336 2703 est

772 2760 921 2805 usus,
954 2759 1180 2800 chnten
1211 2742 1593 2795 haereticorum
1662 2742 1851 2811 ingens
1883 2742 2102 2810 repulit,
2136 2749 2193 2793 et
2250 2754 2339 2793 cc-

769 2839 948 2893 clesize
1013 2835 1354 2905 temporibus
1424 2835 1733 2889 durissimis
1818 2834 2040 2903 profuit.
2114 2833 2337 2894 Valens,

771 2944 1059 3003 postquam
1102 2930 1150 2982 ei
1176 2940 1408 2981 conatus
1432 2943 1539 2980 non
1573 2927 1854 2987 successit,
1910 2943 2017 2980 una
2049 2941 2171 2981 cum
2224 2926 2339 2995 epi-

772 3024 956 3092 scopis
996 3020 1110 3074 suis
1142 3018 1488 3072 Antiochiam
1524 3016 1794 3070 concessit
1819 3016 1934 3085 (l):
1974 3026 2141 3085 atque
2205 3016 2337 3069 inde

770 3113 1050 3180 aliquanto
1078 3120 1201 3177 post
1228 3110 1278 3161 in
1303 3106 1698 3176 Cappadocram
1746 3122 2024 3170 reversus,
2058 3107 2336 3170 Basilium,

771 3212 893 3269 post
918 3199 1128 3253 Eusebii
1157 3207 1386 3251 mortem
1408 3197 1667 3250 ecclesias
1685 3196 2153 3251 administrantem
2186 3196 2335 3251 inve-

682 3314 685 3317 π
772 3293 874 3345 nit:
904 3306 1061 3358 quem
1087 3304 1209 3343 cum
1227 3289 1443 3355 exigere
1461 3288 1641 3351 vvllet,
1667 3288 1881 3342 cmlilus
1898 3304 1957 3342 ea
1983 3288 2034 3342 in
2054 3304 2109 3341 re
2131 3298 2212 3343 est
2235 3289 2335 3343 itit-

770 3383 1009 3451 peditus.
1055 3382 1267 3435 Atenim
1328 3379 1681 3433 nihilominus
1744 3380 1957 3437 leonem
2016 3380 2202 3434 statim
2277 3395 2335 3435 se

770 3476 919 3530 larva
953 3484 1005 3528 et
1045 3472 1491 3527 terriculamento
1522 3472 1911 3524 exterriturnin
1940 3487 2060 3526 esse
2085 3472 2333 3537 credens,

772 3568 837 3619 ad
880 3565 1115 3633 praefecti
1154 3562 1395 3616 tribunal
1452 3577 1575 3616 eum
1610 3561 1747 3614 misit
1777 3562 1872 3629 (2).
1917 3562 1991 3615 lbi
2052 3562 2337 3630 pra:fectus

774 3660 1036 3712 assistens
1087 3672 1211 3710 cum
1248 3661 1565 3724 interrogat,
1612 3670 1842 3722 quanam
1900 3654 1967 3707 de
1992 3670 2156 3709 causa
2205 3655 2333 3710 reli-

772 3754 989 3819 gionem
1039 3748 1392 3819 imperatoris
1454 3762 1561 3800 non
1630 3746 2110 3814 complecteretur.
2156 3748 2335 3816 Atque

774 3847 862 3898 ille
892 3864 905 3897 :
936 3843 1088 3909 Quod
1120 3842 1222 3896 boc
1251 3842 1329 3896 sic
1360 3842 1503 3895 Deus
1534 3856 1638 3893 nou
1694 3841 1970 3908 prmccpit,
2022 3840 2217 3909 inquit.
2272 3840 2337 3895 Et

775 3942 997 4005 insuper
1041 3934 1384 4004 imperatoris
1431 3948 1673 3986 errorem
1738 3932 2113 3999 reprehendit,
2173 3941 2335 4001 atque

772 4030 1081 4096 ομοούσιον,
1111 4025 1597 4089 consubstantialc,
1623 4023 1885 4078 defendit.
1917 4022 2019 4077 Ubi
2065 4040 2195 4079 vero
2245 4025 2334 4079 ille

774 4128 1004 4174 mortem
1032 4118 1081 4173 ei
1113 4119 1351 4170 minatus
1374 4122 1481 4178 est,
1510 4114 1745 4168 Basilius
1773 4114 2001 4184 gratiam
2038 4131 2095 4169 se
2148 4115 2224 4169 illi
2270 4131 2337 4170 eo

770 4215 993 4269 nomine
1031 4210 1231 4264 habere
1256 4209 1413 4271 dixit,
1440 4208 1639 4276 quippe
1663 4208 1754 4276 qui
1813 4207 2091 4261 discedere
2147 4223 2212 4262 ex
2246 4209 2334 4261 tali

774 4321 958 4360 rerum
991 4313 1132 4359 statu
1160 4317 1265 4354 non
1296 4309 1511 4370 gravate
1537 4305 1777 4366 cuperet.
1803 4298 1870 4351 Et
1900 4313 2021 4351 eum
2051 4299 2338 4367 pradectus

774 4397 1007 4464 amplius
1068 4408 1185 4447 eam
1228 4406 1340 4444 rem
1396 4388 1702 4443 deliberare
1754 4388 1966 4458 juberet
1997 4429 2010 4452 ,
2066 4389 2332 4455 Basilius,

771 4489 882 4559 Ego
906 4486 1150 4556 quidem,
1187 4481 1384 4551 inquit,
1416 4489 1469 4534 et
1494 4480 1655 4535 hodie
1680 4488 1735 4535 et
1762 4496 1883 4535 cras
1911 4481 2052 4535 idem
2119 4483 2337 4539 futurus

2440 2008 2562 2076 ἣκει
2584 2024 2597 2037 °
2631 2010 2725 2059 καὶ
2756 2009 2933 2061 πάντα
2963 2008 3193 2077 θέμενος
3220 2009 3276 2059 ἐν
3299 2008 3562 2078 δευτέρῳ,
3600 2009 3888 2061 σπένδεται
3920 2010 4031 2062 Εὑ-

2444 2100 2633 2171 σεϐίῳ,
2691 2101 2786 2152 καὶ
2821 2104 2876 2153 ἐν
2911 2102 3024 2165 τοῖς
3072 2100 3308 2168 μάλιστα
3352 2100 3411 2153 τὸ
3438 2102 3683 2154 εὐνοϊκὸν
3713 2102 4025 2164 ἐπεδείκνυ,

2442 2193 2583 2246 κατὰ
2613 2193 2803 2257 καιρὸν
2834 2194 2888 2244 ἐν
2936 2194 3115 2262 κρίσει
3147 2194 3276 2255 τοὺς
3311 2194 3505 2261 λόγους
3530 2194 3856 2260 οἰκονομῶν.
3904 2194 4029 2258 νιετ-

2441 2286 2649 2354 καίρως
2679 2285 2733 2337 δὲ
2763 2287 2873 2346 τοῖς
2902 2284 3104 2352 λόγοις,
3140 2284 3199 2337 τὸ
3227 2284 3361 2338 πολὺ
3399 2285 3506 2337 τῶν
3557 2282 3852 2355 αἱρετικῶν
3884 2287 4027 2338 ἁπε-

2441 2377 2713 2446 κρούσατο
2758 2377 2994 2443 σμῆνος
3033 2375 3127 2429 καὶ
3186 2378 3251 2445 τῇ
3334 2376 3633 2447 Ἐκκλησία
3678 2378 3743 2430 τὰ
3791 2378 4025 2444 μέγιστα

2440 2467 2742 2536 τηνικαῦτα
2768 2467 3289 2535 ἐπήμυνεν.οὑάλης
3320 2467 3375 2519 δὲ
3407 2468 3696 2535 ἀποτυχὼν
3722 2470 3822 2537 τῆς
3855 2485 4021 2520 σπου-

2439 2562 2557 2631 δῆς,
2594 2562 2690 2613 σὺν
2722 2564 2831 2623 τοῖς
2858 2559 2995 2629 ἀμφ’
3025 2561 3187 2612 αὑτὸν
3216 2559 3455 2627 ἱερεῦσιν
3490 2561 3583 2613 ἐπὶ
3618 2560 3718 2629 τῆς
3751 2560 4026 2631 Ἀντιοχου

2442 2654 2657 2723 ἐχώρει.
2692 2652 2846 2704 Μετὰ
2868 2652 2922 2704 δέ
2954 2668 3074 2705 τινα
3096 2650 3288 2720 χρόνον
3319 2649 3530 2703 ἐκεῖθεν
3565 2647 3719 2713 αὖθις
3753 2653 3832 2714 εἰς
3860 2654 4024 2705 Καττ-

2444 2745 2708 2798 παδοκίαν
2738 2744 3063 2811 γενόμενος,
3104 2741 3417 2810 εὑρίσκεται
3450 2742 3729 2794 Βασίλειον
3762 2744 3898 2811 μετᾶ
3929 2744 4025 2807 τὴν

2443 2838 2702 2891 Εὑσεϐίου
2736 2836 2991 2903 τελευτὴν
3016 2836 3111 2896 τὰς
3142 2834 3443 2901 ἐκκλησίας
3470 2835 3871 2903 ἐπιτραπέντα.
3917 2837 4025 2887 Kal

2439 2929 2502 2999 δὴ
2536 2928 2969 2999 βουλευσάμενος
3004 2926 3167 2978 αὑτὸν
3205 2924 3477 2989 ἐξελάσαι,
3508 2926 3718 2979 ἄνωθεν
3751 2928 4025 2995 ἀπέσχετο

2441 3022 2538 3087 τῆς
2593 3020 2913 3086 ἐπιϐουλῆς.
2945 3019 3138 3086 Ὀμως
3169 3017 3211 3069 δ’
3267 3016 3358 3070 οὑν
3389 3017 3553 3077 εὐθὺς
3602 3017 4025 3087 μορμολυκείοις

2440 3111 2529 3162 τὴν
2561 3110 2766 3162 Λέοντα
2793 3109 3039 3176 οίὸμενος
3102 3106 3381 3174 ἐκφοϐεῖν,
3416 3110 3494 3169 είς
3534 3108 3595 3161 τδ
3624 3109 3731 3159 τῶν
3763 3109 4025 3177 ὑπάρχων

2443 3203 2658 3271 ἔπεμπε
2688 3202 3060 3270 δικαστήριον.
3105 3200 3163 3254 Ὀ
3210 3200 3268 3253 δὲ
3311 3199 3558 3270 ὕπαρχος
3586 3201 4024 3269 παραστησάμε-

2442 3311 2552 3357 νος,
2602 3294 2796 3346 πεῦσιν
2832 3294 3106 3361 προσῆγεν
3147 3293 3269 3345 ὅτου
3316 3293 3498 3361 χάριν,
3541 3292 3614 3361 μὴ
3648 3294 3714 3344 τὰ
3754 3292 4023 3361 βασιλέως

2439 3388 2769 3456 θρησκεύειν
2819 3384 3054 3453 αίρεῖται
3080 3400 3095 3416 ·
3131 3384 3223 3436 τὸν
3264 3383 3307 3435 δ’
3348 3380 3774 3450 ἀποκρίνασθαι,
3826 3382 4023 3447 ὅτιπερ

2440 3478 2515 3548 μὴ
2565 3477 2807 3529 κελεύειν
2842 3474 2985 3528 οὑτω
3018 3474 3170 3529 Θεὸν.
3203 3476 3314 3527 Καὶ
3361 3473 3604 3543 προσῆγε
3639 3474 3739 3535 τὰς
3780 3473 4023 3542 μέμψεις

2438 3573 2531 3623 καὶ
2582 3569 2643 3621 τὸ
2692 3567 2977 3638 ὁμοούσιον
3014 3567 3350 3636 συνεκρότει.
3392 3566 3483 3629 Ὠς
3513 3566 3568 3619 δὲ
3602 3565 3832 3619 θάνατον
3869 3566 4022 3633 αὐτῷ

2435 3660 2723 3729 διηπείλει,
2754 3662 2846 3711 καὶ
2888 3658 3047 3727 χάριν
3080 3658 3266 3724 ἔλεγεν
3301 3657 3445 3725 ἔχειν
3474 3658 3841 3713 ἀπαλλάττειν
3883 3660 4014 3729 ᾑρε-

2440 3756 2585 3822 μένῳ
2622 3753 2729 3804 τῶν
2756 3746 2880 3804 ὦδε.
2913 3751 3005 3812 El;
3036 3748 3228 3816 σκέψιν
3260 3750 3315 3801 δὲ
3339 3750 3431 3802 τοῦ
3462 3750 3707 3819 ὑπάρχου
3740 3752 3911 3804 θεῖναι
3929 3753 4021 3802 τον

2437 3846 2594 3910 λόγον
2629 3842 3103 3912 προτρεπομένου,
3125 3840 3214 3892 τὸν
3245 3841 3521 3894 Βασίλειον
3559 3843 3727 3909 φάναι
3749 3859 3762 3871 ·
3803 3862 3820 3893 ι
3873 3843 4019 3906 Ἐγὼ

2439 3938 2538 4006 μὲν
2571 3940 2661 3989 καὶ
2695 3936 2933 4005 σήμερον
2982 3934 3076 3984 καὶ
3109 3934 3173 4001 τῇ
3216 3930 3481 4001 ὑστεραίᾳ
3521 3934 3548 3982 ὁ
3579 3933 3742 3993 αὐτὸς
3778 3932 3977 3999 ἔσομαι
4003 3952 4016 3962 ·

2436 4029 2546 4081 εἴθε
2583 4028 2637 4080 ἐέ
2671 4029 2733 4079 σὺ
2767 4026 2959 4078 σαυτὸν
2999 4024 3073 4094 μὴ
3109 4024 3437 4091 ἐνήλλαττες
3461 4040 3475 4054 υ
3512 4024 3718 4091 κτίσμα
3764 4024 3869 4093 γὰρ
3899 4025 3975 4077 ὢν
4002 4066 4017 4085 ,

2437 4116 2535 4166 οὑκ
2566 4115 2630 4168 ἂν
2658 4114 2919 4183 κτίσματι
2948 4112 3275 4181 προσκυνεῖν
3316 4111 3545 4179 ἑλοίμην
3577 4114 3671 4164 καὶ
3713 4112 3845 4165 Θεδν
3876 4110 4019 4166 εἶναι

2438 4208 2739 4274 ὁμολογεῖν.
2782 4205 2924 4257 Ἀλλ’
2951 4204 3060 4256 οὐδ’
3098 4205 3225 4273 ὑμῖν
3269 4207 3548 4257 κοινωνεῖν
3583 4204 3680 4272 τῆς
3711 4204 4019 4274 θρησκείας

2439 4298 2718 4368 ἀνέξομαι.
2749 4297 2808 4349 Εἰ
2834 4298 2940 4366 γὰρ
2969 4296 3200 4349 καὶτῶν
3240 4295 3359 4348 λίαν
3388 4298 3681 4366 ἐπισήμων
3712 4298 3894 4366 ὑμεῖς,
3923 4302 4020 4349 καὶ

2438 4391 2535 4439 οὐκ
2576 4388 2861 4455 ἐλαχίστης
2913 4387 3132 4455 ἡγεῖσθε
3174 4388 3368 4457 μοίρας
3413 4390 3512 4459 τῆς
3561 4390 3660 4459 γῆς
3688 4430 3703 4455 ,
3754 4391 3869 4444 ἀλλ’
3919 4394 4019 4444 οὑκ

2441 4480 2627 4547 ἔμοιγε
2676 4478 2999 4548 χαρίζεσθαι
3040 4480 3315 4548 προσῆκον
3347 4481 3679 4549 ἀνθρώποις,
3718 4484 3817 4549 τῆς
3859 4484 3903 4536 δ’
3940 4487 4019 4546 είς

754 4595 911 4633 sum.
936 4578 1151 4633 Utinam
1175 4588 1303 4628 vero
1323 4582 1375 4625 tu
1399 4571 1629 4640 teipsum
1657 4587 1762 4625 non
1779 4573 2341 4630 mutasscs.Creatura
2376 4594 2415 4647 ι)
2444 4590 2447 4597 ‘

2328 4592 2341 4630 ι
2376 4594 2415 4647 D
2444 4572 2507 4621 τὸ
2554 4572 2703 4620 Θεῖον
2733 4572 2967 4632 πίστεως
2999 4571 3086 4623 διὰ
3134 4570 3305 4623 ταῦτα
3366 4572 3679 4643 ὀλιγωρεῖνο
3712 4577 3777 4645 ῆν
3804 4579 3902 4629 οὑκ
3954 4581 4021 4630 ὃν

770 4670 916 4725 eiiim
941 4683 1066 4723 cum
1089 4666 1215 4726 sim,
1242 4673 1543 4718 creaturam
1580 4661 1830 4721 adorare,
1894 4662 2173 4732 Deumque
2224 4679 2342 4718 esse

774 4760 1037 4831 proﬁteri,
1064 4760 1116 4812 in
1140 4756 1385 4811 animum
1400 4769 1506 4807 non
1528 4753 1779 4806 inducam
1804 4769 2010 4807 meum.
2030 4754 2134 4809 Sed
2170 4772 2346 4825 neque

774 4852 1018 4923 religioni
1047 4856 1241 4905 vestra:
1269 4861 1353 4900 me
1409 4846 1684 4915 aggregari
1753 4846 2053 4901 sustinebo.
2105 4847 2343 4901 Tametsi

770 4948 916 5000 cnim
940 4958 1035 4997 vos
1051 4939 1403 4997 clarissimiet
1419 4953 1524 4990 non
1546 4936 1766 4990 minima
1785 4937 1929 4991 orbis
1948 4953 2068 5006 pars
2093 4954 2213 4993 esse
2236 4939 2319 4994 exi
2336 4969 2348 4979 -

772 5039 1088 5102 stimamini,
1114 5034 1269 5105 135
1289 5050 1372 5087 me
1392 5042 1568 5087 tamen
1590 5033 1813 5085 minime
1849 5032 2004 5086 decet
2038 5032 2346 5087 hominibus

771 5131 1079 5203 gratificari.
1104 5139 1157 5183 ct
1177 5137 1458 5197 propterea
1481 5125 1637 5179 fidem
1662 5125 1712 5177 in
1732 5127 1896 5178 Deum
1919 5126 2068 5193 parvi
2088 5126 2344 5195 pendere:

772 5241 933 5293 quam
954 5238 1052 5291 ego
1088 5220 1464 5275 mediusfidius
1486 5217 1804 5287 proditurus
1825 5233 1931 5270 non
1957 5234 2095 5283 sum,
2127 5219 2342 5272 etiamsi

779 5318 911 5368 mihi
963 5316 1235 5368 bonorum
1270 5311 1720 5380 publicationem,
1747 5319 1801 5363 ct
1822 5311 2094 5372 exsilium,
2122 5321 2173 5364 ct
2195 5312 2341 5364 aliud

771 5406 1065 5475 quidquam
1086 5404 1328 5472 gravium
1349 5416 1733 5459 aerumnarum,
1751 5409 2089 5470 mortemque
2111 5404 2245 5457 adeo
2264 5403 2345 5470 ip-

772 5513 884 5551 sam
909 5496 1149 5549 mineris.
1170 5494 1474 5548 Nihilenim
1494 5508 1672 5545 rerum
1696 5494 1880 5545 talium
1903 5508 2190 5546 mmrorcm
2211 5494 2341 5547 milii

773 5588 969 5642 afferre
1004 5596 1201 5654 potest.
1227 5586 1381 5650 Quod
1403 5585 1446 5638 si
1477 5584 1762 5640 facultates
1781 5598 1927 5637 meas
1956 5585 2189 5653 expetis,
2210 5600 2342 5655 pan-

844 5725 919 5792 (l)
960 5722 1035 5776 Ad
1092 5722 1464 5791 episc0patum
1497 5738 1644 5784 eum,
1686 5723 1982 5776 multorum
2046 5722 2341 5793 ορίερονο-

775 5811 891 5849 rum
926 5794 1200 5860 suffragiis
1230 5803 1316 5846 est
1346 5802 1586 5846 evectus.
1631 5794 1895 5860 (Socrat.)

850 5863 1228 5933 (2)Sucraies,
1266 5862 1523 5917 llasilium
1582 5863 1649 5916 ab
1709 5863 2035 5931 itnpt‘ratorc
2094 5866 2334 5921 Cn‘sara‘n

2449 4666 2720 4731 προδοίην,
2755 4664 2855 4715 κᾶν
2883 4664 3165 4732 δήμευσιν,
3201 4665 3300 4717 κᾶν
3333 4666 3653 4736 ὑπερορίαν,
3679 4670 3783 4721 κᾶν
3815 4671 3943 4723 ἄλλο
3971 4691 4020 4722 τι

2448 4756 2553 4806 τῶν
2598 4754 2805 4817 δεινῶν,
2838 4756 2941 4807 κᾶν
2976 4755 3201 4808 θάνατον
3252 4758 3412 4809 αὑτὸν
3462 4759 3694 4827 άπειλῇς
3722 4778 3734 4791 ·
3766 4763 3918 4815 οὐδέν
3953 4783 4018 4831 με

2447 4849 2553 4915 γάρ
2583 4865 2632 4898 τι
2660 4846 2859 4899 τούτων
2888 4848 3192 4917 ἀνιᾷνέχει.
3218 4848 3276 4900 Εἰ
3310 4849 3366 4902 δὲ
3399 4852 3501 4920 τὴν
3533 4853 3670 4922 ἐμὴν
3702 4857 4020 4922 περιουσίαν

2448 4938 2646 5008 ζητεῖς,
2684 4941 2848 5006 ῥάκια
2888 4940 3059 4992 ταῦτα
3108 4940 3322 5010 τρίχινα
3370 4944 3461 4994 καὶ
3495 4943 3673 5009 βιϐλία
3709 4947 3886 5012 ὀλίγα,
3940 4943 4021 5005 οἷς

2447 5030 2555 5096 ἐγὼ
2583 5030 3017 5099 καλλωπίζομαι,
3053 5032 3101 5082 εί
3128 5031 3333 5084 τούτων
3367 5050 3448 5085 σοι
3482 5034 3640 5103 ἔρως,
3680 5037 4020 5091 ἁπόλαυε.Εἰ

2445 5122 2500 5175 δὲ
2530 5124 2621 5174 καὶ
2651 5124 2938 5192 ὑπερόριον
2970 5121 3148 5191 βούλει
3187 5126 3381 5196 ποιεῖν,
3410 5126 3649 5195 ἕτοιμος.
3683 5128 3800 5189 Πῶς
3827 5129 3870 5181 δ’
3896 5132 4020 5182 ἔσο·

2451 5234 2548 5284 μαι
2580 5216 2666 5267 ἀεὶ
2711 5217 2807 5284 τὴν
2858 5217 2960 5284 γῆν
2990 5216 3321 5286 παροδεύων,
3353 5222 3443 5270 καὶ
3471 5219 3605 5289 πρὸς
3636 5220 3799 5289 ἄλλην
3834 5222 4022 5290 χώραν

2448 5309 2690 5377 σφοδρῶς
2725 5311 3112 5379 ἐπειγόμενος;
3151 5309 3223 5362 Τὸ
3262 5311 3317 5361 δὲ
3353 5312 3510 5378 σῶμα
3547 5314 3684 5379 μετὰ
3718 5315 3817 5379 τὴν
3851 5316 3975 5382 πρώ
3998 5346 4015 5353 -

2444 5418 2542 5469 την
2593 5400 2825 5470 πληγὴν,
2879 5402 3186 5469 αἰσθήσεως
3235 5403 3570 5473 ἀμοιρῆσαν,
3624 5408 3715 5457 καὶ
3768 5405 4016 5473 βασάνων

2444 5497 2692 5562 κρεῖττον
2745 5495 2896 5547 ἔσται
2932 5498 3171 5548 πάντων.
3205 5514 3221 5546 ι
3257 5498 3442 5549 Ταῦτα
3480 5500 3573 5551 καὶ
3614 5500 3823 5553 τοιαῦθ’
3854 5502 4019 5570 ἕτερα

2444 5590 2963 5658 παρρησιασαμένου
2975 5630 2988 5650 ,
3006 5590 3376 5657 καταπλαγεὶς
3390 5594 3416 5645 ὀ
3435 5591 3540 5646 ὖπα
3552 5610 3677 5663 ρχος
3691 5593 3787 5665 τὴν
3802 5594 4020 5649 σύνεσιν

2444 5724 2782 5778 Antiochiam
2817 5736 3127 5793 evocatum,
3158 5727 3231 5782 ibi
3282 5731 3680 5796 comparuisse,
3706 5739 3762 5787 et
3788 5743 4015 5786 causam

2444 5796 2645 5849 dixisse
2679 5798 2892 5849 scribit.
2935 5798 3054 5852 Lib.
3092 5814 3166 5859 tv,
3198 5813 3318 5870 cap.
3354 5800 3433 5853 9.6.
