4288 6438
333 411 445 474 £25

1274 413 1858 476 ECCLESIASTH'JS
1897 413 2276 475 lllS'l‘Olil/E
2317 415 2457 476 LIB.
2506 416 2610 477 XI.

3455 405 3565 471 (ἱἳύ

325 529 422 587 τοῦ
449 532 665 603 ἀνδρὸς,
694 533 948 602 δρομαῖος
977 534 1054 603 τῷ
1084 533 1296 604 βασιλεῖ
1314 532 1553 604 προσιὼν
1582 534 1898 602 ἀνήγγειλεν
1924 540 1976 599 Α
2003 553 2016 589 t

1873 540 1976 599 νΑ
2003 536 2286 590 hoshos-ee
2338 549 2392 588 ct
2435 536 2636 598 cilicia,
2695 545 2856 603 atque
2903 532 3069 586 libros
3126 542 3329 598 paucos
3371 527 3464 596 qui
3508 527 3563 580 in

324 625 400 686 ὡς
452 623 674 686 π;ιθούς
725 625 1077 695 στερρότερος
1122 627 1150 678 6
1185 626 1363 695 ἀνήρ·
1396 628 1488 678 καὶ
1538 626 1572 694 ἢ
1617 628 1899 693 προφανῦς

331 716 627 781 κολάζειν,
663 718 694 784 ἡ
728 717 990 789 μηδαμῶς
1021 719 1231 772 οἴεσθαι
1265 721 1386 782 ταῖς
1428 719 1678 780 ἀπειλαῖς
1714 719 1905 789 πειθή-

328 819 444 855 νιον
496 804 664 871 σχεῖν.
721 805 778 856 Ὀ
813 806 869 858 δέ
916 805 1052 868 τέως
1087 805 1324 874 ἠρέμειο
1358 807 1453 875 τῆς
1481 807 1526 858 δ’
1555 806 1768 876 ἡμέρας
1796 808 1904 857 τῶν

327 893 642 960 Θεοφανίων
689 896 1044 967 ἐνισταμένης
1069 899 1164 950 σὺν
1183 899 1248 968 τῇ
1282 899 1408 967 περὶ
1435 899 1598 952 αὐτὸν
1641 898 1906 968 φαντασία

328 987 396 1055 τῇ
426 986 689 1058 ἐκκλησίᾳ
712 989 1175 1057 παραγενόμενος,
1192 989 1410 1059 δῶράτε
1432 993 1498 1059 τῇ
1526 989 1645 1061 θείᾳ
1662 990 1907 1060 τραπέζῃ

331 1078 711 1147 προσήνεγκε*
759 1080 853 1132 καὶ
883 1079 961 1149 τῷ
993 1079 1173 1149 πολλῷ
1201 1080 1299 1148 τῆς
1328 1080 1577 1146 εὐταξίας
1630 1082 1909 1134 καταπλα-

329 1172 474 1235 γεὶς,
530 1173 938 1240 παρατραπεὶς,
994 1171 1194 1242 μικροῦ
1240 1173 1306 1225 ἂν
1359 1174 1440 1235 είς
1468 1171 1738 1240 τούδαφος
1763 1172 1910 1244 ἐρῤι-

333 1277 459 1322 πτο,
496 1264 545 1313 εἰ
589 1263 664 1332 μή
695 1281 779 1326 τις
811 1264 916 1316 τῶν
946 1266 1010 1317 ἐκ
1047 1263 1142 1317 τοῦ
1178 1267 1421 1336 βήματος
1449 1265 1786 1335 δραξάμενος
1816 1263 1909 1316 τοῦ

332 1353 583 1420 χιτῶνος,
638 1353 728 1404 τὸν
768 1352 992 1422 βασιλέα
1045 1359 1234 1408 πεσεῖν
1263 1355 1640 1424 ἐπειγόμενον,
1681 1353 1911 1421 ἀνεκτή-

336 1460 488 1496 σατο.
542 1442 694 1496 Ἐπεὶ
723 1443 780 1496 δὲ
811 1445 902 1497 καὶ
941 1445 1020 1507 είς
1048 1443 1238 1512 λόγους
1285 1439 1388 1516 ἧκε
1423 1444 1632 1511 τάνδρὶ,
1655 1446 1738 1496 ἐτι
1773 1442 1912 1511 μᾶλ-

335 1534 426 1584 λον
445 1532 727 1604 ἐθαύμασε
757 1533 858 1603 τῆς
876 1551 936 1587 τε
963 1535 1155 1601 σοφίας
1173 1537 1268 1589 καὶ
1294 1534 1387 1588 τοῦ
1425 1534 1552 1603 περὶ
1578 1535 1636 1587 τὸ
1665 1531 1912 1604 ίερᾰσθαι

337 1625 432 1675 καὶ
476 1624 885 1694 ἐκκλησιάζειν,
921 1626 1016 1678 καὶ
1047 1624 1306 1690 εὐταξίας
1353 1625 1555 1694 κόσμον
1586 1626 1676 1677 τὸν
1713 1624 1912 1694 μέγαν.

338 1719 453 1767 υῷκ
476 1719 555 1780 εἰς
589 1717 812 1788 μακράν
840 1716 897 1769 δέ
921 1719 1041 1780 ταῖς
1068 1717 1179 1770 τῶν
1210 1717 1469 1771 ἐναντίων
1498 1715 1774 1776 διαϐολαῖς
1800 1713 1914 1767 ἐδό·

337 1824 426 1859 κει
461 1807 762 1877 ὑπερορίαν
794 1808 958 1860 αὐτὸν
974 1810 1274 1861 κατοικεῖν.
1319 1806 1547 1860 Ἐπεὶδέ
1577 1809 1610 1874 ἡ
1646 1806 1742 1869 νὺξ
1773 1821 1915 1875 παρ-

2004 630 2207 683 mundo
2241 646 2358 682 meo
2389 640 2535 691 sunt,
2565 629 2610 682 si
2631 628 2748 688 hos,
2781 629 3021 695 inquam,
3041 623 3329 686 adamasti,
3365 620 3564 687 recipe.

2007 719 2100 774 Sin
2128 730 2184 772 ut
2213 721 2389 774 exsilii
2419 735 2586 774 causa
2619 719 2796 772 solum
2854 727 3058 771 vertam
3109 714 3302 776 mavis,
3348 721 3569 782 paratus

2005 813 2072 866 ad
2106 812 2157 865 id
2198 827 2338 868 sum.
2385 811 2544 866 Exsul
2577 826 2703 865 vero
2743 808 3016 878 quomodo
3043 824 3156 872 ero,
3206 806 3300 876 qui
3354 817 3570 871 semper

2008 915 2212 959 terram
2239 904 2392 974 quasi
2443 902 2762 973 peregrinus
2792 913 3035 968 pererro,
3087 904 3144 951 et
3173 895 3237 948 ad
3290 893 3579 962 regionem

2010 997 2168 1050 aliam
2196 997 2550 1051 vehementer
2577 991 2802 1062 aspiro?
2855 990 3066 1058 Corpus
3120 1000 3280 1056 porro
3331 984 3454 1044 hoc,
3489 981 3572 1035 vel

2013 1097 2131 1159 post
2182 1089 2410 1158 primam
2461 1088 2694 1157 plagam,
2739 1097 2937 1139 sensus
2977 1079 3203 1135 omnino
3253 1090 3469 1145 expers,
3519 1085 3578 1126 et

2014 1180 2349 1234 cruciatibus
2379 1178 2636 1247 superius
2697 1189 2922 1245 prorsus
2961 1173 3204 1226 futurum
3234 1178 3339 1222 est.
3368 1185 3384 1216 ι
3450 1165 3575 1219 11ωο

2015 1281 2178 1339 atque
2209 1272 2293 1325 his
2345 1270 2542 1324 similia
2595 1268 2699 1322 alia
2733 1281 2859 1321 cum
2897 1265 3178 1319 liberrime
3207 1261 3441 1315 Basilius
3493 1258 3578 1310 dio

2016 1363 2205 1427 sisset,
2231 1368 2620 1418 consternatus
2647 1358 2714 1413 ad
2746 1357 2848 1412 viri
2881 1354 3224 1426 prudentiam
3266 1348 3578 1420 praefectus,

2014 1454 2268 1510 celeriter
2293 1453 2359 1508 ad
2381 1454 2765 1522 imperatorem
2784 1447 3025 1504 accurrit
3049 1485 3065 1512 ,
3085 1443 3396 1511 eidemque,
3423 1440 3578 1496 Basi-

2015 1545 2150 1600 lium
2173 1544 2604 1601 constantiorem
2633 1557 2777 1606 esse,
2809 1555 2973 1612 quam
3005 1547 3063 1593 ut
3099 1553 3131 1592 a
3162 1535 3439 1591 sententia
3481 1548 3579 1588 sua

2016 1641 2275 1696 suasione
2333 1639 2656 1700 deducatur,
2713 1634 3034 1690 renuntiat:
3107 1637 3440 1699 quapropter
3489 1635 3584 1681 aut

2017 1728 2293 1800 propalam
2347 1728 2402 1781 in
2475 1742 2600 1783 eum
2658 1724 3131 1786 animadverteret,
3202 1727 3296 1773 aut
3357 1731 3582 1786 persua-

2017 1821 2135 1877 deri
2201 1819 2362 1874 minis
2425 1820 2574 1874 illum
2653 1830 2833 1887 posse,
2891 1814 3202 1868 existimare
3289 1809 3582 1863 desineret.

337 1899 428 1967 ῆν,
466 1903 562 1953 καὶ
601 1901 628 1952 6
656 1900 846 1970 δίφρος
891 1900 1244 1971 ηὐτρέπιστο,
1282 1899 1541 1982 ἐξαπίνης
1588 1897 1913 1969 προσϐάλλει
1944 1909 2030 1970 Β]

1887 1909 2322 1982 ίιΒΙιηροταιοι·
2410 1920 2522 1964 tum
2607 1907 2827 1978 quidem
2912 1903 3140 1973 quievit.
3208 1902 3341 1956 Cum
3397 1908 3580 1953 autem

335 1991 490 2048 ν’ἓσος
528 1988 602 2056 τῷ
631 1987 726 2041 τοῦ
759 1988 1023 2057 βασιλέως
1059 1989 1230 2054 παιδὶ,
1272 1981 1316 2056 ᾧ
1346 1988 1590 2058 Γαλάτης
1635 1984 1700 2057 ἦν
1723 1985 1912 2054 ὄνομα.

350 2079 478 2130 Ἐπὶ
509 2081 665 2130 τόσον
697 2081 742 2132 δ’
776 2075 844 2148 ἦν
879 2081 1074 2151 ἰσχυρά
1098 2098 1158 2133 τε
1183 2083 1216 2150 ἡ
1243 2083 1396 2144 νόσος
1426 2081 1519 2134 καὶ
1555 2079 1914 2150 «palmi,ch

339 2172 712 2242 ἀπαγορεύειν
741 2174 938 2243 ἐκείνῳ
972 2174 1031 2225 τὸ
1066 2171 1188 2243 ζῇν,
1221 2173 1271 2224 οἳ
1300 2170 1623 2241 θεραπεύειν
1648 2168 1787 2243 ἦσαν
1810 2171 1916 2240 μά-

339 2263 499 2316 λιστα
538 2264 778 2332 δόκιμοι.
824 2265 1038 2336 Οὐάλης
1073 2267 1130 2319 δὲ
1187 2268 1462 2335 ἀφόρητον
1511 2265 1813 2335 ἡγούμενος
1858 2263 1919 2315 τὸ

343 2357 608 2425 πραχθὲν,
642 2358 780 2410 κατὰ
812 2359 902 2410 τοῦ
931 2361 1165 2426 ἐδάφους
1195 2359 1512 2429 ἐρρίπτετο,
1544 2357 1649 2426 πρὸ
1675 2356 1767 2409 τοῦ
1799 2371 1920 2406 παι-

337 2448 427 2510 δὸς
445 2448 717 2518 ᾑρημένος
736 2449 941 2513 θανεῖν,
967 2453 1062 2502 καὶ⁸
1093 2450 1367 2520 ἀνήκεστα
1386 2448 1599 2501 ἐπένθει
1624 2447 1714 2499 τὸν
1737 2445 1916 2498 παῖδα.

337 2543 585 2608 Δομνίκα
612 2539 668 2592 δὲ
701 2542 731 2610 ἡ
767 2541 1059 2610 βασίλισσα
1084 2542 1178 2593 καὶ
1209 2539 1345 2610 αὐτὴ
1369 2540 1585 2610 χείρονα
1615 2538 1917 2606 πάσχουσα,

338 2633 594 2700 δείμασιν
643 2634 792 2701 ἔλεγε
847 2634 1100 2703 φοϐεροῖς
1147 2635 1338 2695 νυκτὸς
1391 2633 1652 2702 ἐμπεσεῖν
1692 2630 1787 2682 καὶ
1818 2629 1922 2680 πά-

344 2740 502 2788 σχειν
550 2725 721 2776 ταῦτα
747 2724 841 2776 διὰ
868 2725 966 2794 τὴν
1001 2725 1138 2792 πρὸς
1180 2727 1271 2776 τὸν
1306 2722 1607 2776 ἐπίσκοπον
1636 2721 1923 2773 διετείνετο

342 2816 527 2887 ὓξριν.
561 2819 669 2869 Καὶ
705 2817 902 2871 αὐτίκα
934 2817 1026 2870 τὸν
1064 2815 1348 2868 Βασίλειον
1377 2817 1487 2877 τοῖς
1525 2816 1746 2876 οίκείοις
1796 2814 1923 2864 ἐπέ-

339 2924 515 2977 τρεπε
551 2908 1033 2977 μεταστέλλεσθαι,
1072 2908 1171 2962 καὶ
1218 2907 1294 2979 τῷ
1331 2907 1570 2978 κειμένῳ
1604 2907 1704 2959 ὅσα
1735 2922 1797 2974 γε
1827 2904 1924 2957 δυ-

345 3002 486 3054 νατὰ
516 3000 733 3070 βοηθεῖν
758 3016 770 3028 '
804 3003 1106 3070 παρῃτεῖτο
1130 3000 1237 3070 γὰρ
1265 3001 1424 3062 αὐτὸς
1450 3000 1578 3070 περὶ
1613 2998 1806 3051 τούτου
1833 3014 1925 3048 κε-

344 3094 530 3146 λεύειν
561 3095 786 3164 ἔναγχος
827 3093 1297 3165 περιυϐρισμὲνῳ.
1347 3094 1406 3147 Ὀ
1437 3093 1495 3146 δὲ
1529 3092 1734 3162 παρῆν,
1767 3092 1861 3143 καὶ
1897 3090 1926 3140 6

346 3186 478 3247 παῖς
503 3186 634 3256 ῥᾷον
663 3185 814 3255 ἔσχε.
844 3186 1048 3258 Πεῖραν
1067 3185 1112 3240 δ’
1135 3187 1275 3249 ὅλως
1302 3188 1558 3254 εἰσάγων,
1582 3183 1921 3255 διεμηνύετο,

2022 2003 2450 2075 Epiphaniorum
2507 2000 2677 2056 festus
2726 1998 2845 2054 dies
2898 1996 3132 2059 adesset,
3160 2007 3286 2047 cum
3335 1989 3586 2044 universa

2022 2109 2185 2165 quam
2295 2107 2481 2148 secum
2567 2089 2848 2152 habebat,
2943 2085 3092 2140 inani
3161 2092 3218 2138 et
3303 2079 3587 2150 splendida

2021 2200 2220 2257 pompa
2276 2184 2332 2239 in
2371 2181 2656 2238 ecclesiam
2717 2179 2906 2243 venit,
2962 2185 3014 2230 et
3065 2187 3267 2228 munus
3311 2186 3473 2226 suum
3510 2169 3587 2238 (5)

2023 2278 2089 2334 ad
2121 2292 2329 2334 sacram
2361 2289 2604 2330 mensam
2655 2270 2866 2326 attulit:
2904 2278 3069 2339 atque
3129 2266 3204 2321 ibi
3230 2264 3375 2334 quod
3403 2261 3588 2315 omnia

2028 2372 2167 2426 miro
2247 2369 2440 2425 ordine
2517 2374 2880 2437 gererentur,
2938 2363 3005 2416 ad
3077 2371 3357 2429 stuporem
3435 2356 3589 2408 dela-

2027 2477 2158 2531 psus
2196 2471 2251 2514 et
2302 2468 2449 2512 totus
2491 2467 2750 2520 mutatus,
2783 2457 2836 2508 in
2864 2455 3039 2509 solum
3103 2451 3454 2514 concidisset,
3485 2447 3589 2502 nisi

2027 2551 2251 2620 quidam
2317 2567 2381 2604 ex
2441 2549 2635 2602 ordine
2696 2546 3038 2608 sacerdotali,
3101 2544 3281 2598 tunica
3341 2551 3592 2609 correpta

2029 2641 2409 2710 imperatorem
2459 2641 2568 2709 jam
2636 2646 2882 2692 ruentem
2936 2634 3276 2689 retinuisset.
3317 2632 3418 2686 Ubi
3464 2647 3594 2684 vero

2029 2749 2332 2790 sermonem
2360 2750 2576 2803 quoque
2610 2747 2733 2785 cum
2768 2730 2883 2784 viro
2936 2728 3186 2788 contulit,
3241 2725 3410 2795 magis
3432 2725 3593 2779 etiam

2028 2825 2372 2894 sapientiam,
2439 2825 2721 2893 sacrisque
2792 2820 3064 2876 obeundis
3118 2828 3174 2873 et
3229 2816 3593 2872 coneionibus

2029 2925 2194 2985 atque
2245 2914 2612 2969 conventibus
2667 2911 2990 2983 peragendis
3042 2909 3446 2973 dexteritatem,
3492 2922 3597 2961 nec

2033 3023 2138 3061 nou
2166 3021 2348 3060 rerum
2381 3008 2626 3073 omnium
2653 3004 2898 3058 ordinem
2929 3001 3363 3072 pulcherrimum
3422 2998 3597 3054 admi-

2033 3107 2184 3153 ratus
2233 3107 2335 3153 est.
2396 3097 2653 3152 Sedenim
2703 3107 2890 3166 postea
2944 3094 3094 3150 brevi
3154 3091 3598 3146 adversariorum

2033 3190 2320 3246 calumniis
2351 3199 2653 3260 permotus,
2687 3188 2741 3242 in
2774 3187 3026 3243 exsilium
3049 3201 3175 3240 eum
3207 3185 3422 3238 mittere
3461 3199 3595 3238 con-

350 3295 369 3326 ε
418 3275 480 3326 ΕΞ
508 3275 702 3345 ἀληθῆ,
730 3274 929 3344 λέγων,
962 3275 998 3330 ά
1029 3278 1094 3329 σὺ
1127 3274 1377 3340 δοξάζεις
1406 3279 1536 3346 περὶ
1567 3273 1723 3337 Θεοῦ,
1758 3273 1925 3342 εὐχὴν
1953 3267 1995 3322 C
2030 3300 2043 3337 ε

1903 3288 1925 3323 ν
1953 3267 1995 3322 (ἶ
2030 3282 2230 3338 stituit.
2265 3283 2332 3336 Et
2352 3283 2461 3352 jam
2486 3296 2594 3334 nox
2625 3280 2833 3343 aderat,
2856 3289 2912 3333 et
2941 3292 3138 3333 currus
3165 3278 3596 3345 praeparabatur,

346 3369 584 3436 πρᾶττε,
616 3368 709 3419 καὶ
735 3366 976 3422 δνσὼπει
1000 3368 1156 3432 Θεὸν,
1175 3368 1264 3421 ἵνα
1290 3384 1376 3436 μοι
1407 3371 1434 3420 6
1466 3370 1588 3430 παῖς
1623 3367 1696 3436 μὴ
1724 3363 1923 3433 ἀπόλη-

346 3469 467 3512 ται.
509 3458 645 3512 Ἀλλ’
672 3461 720 3513 εί
756 3461 1056 3527 πιστεύεις,
1085 3458 1191 3528 ἔφη
1225 3459 1500 3521 Βασίλειος
1523 3499 1536 3522 ,
1571 3457 1760 3526 ὥσπερ
1789 3454 1922 3523 ἐγὼ,

349 3554 449 3604 καὶ
477 3552 575 3618 τὴν
603 3551 759 3604 νόσον
789 3552 896 3604 τῶν
919 3551 1226 3619 ἐκκλησιῶν
1250 3551 1559 3614 ἁποξέσεις,
1581 3551 1797 3610 πάντως
1821 3563 1923 3598 που

351 3643 584 3712 ζήσεταί
621 3658 705 3694 σοι
737 3642 765 3693 6
795 3644 948 3704 παῖς.
986 3661 1005 3694 ι
1054 3641 1161 3694 Τοῦ
1191 3642 1246 3695 δέ
1284 3640 1610 3710 συνθεμένου
1633 3639 1727 3692 καὶ
1757 3637 1926 3698 ἄλλως

356 3735 690 3804 πράξαντος,
721 3736 750 3787 6
782 3737 907 3796 παῖς
951 3732 1043 3786 τοῦ
1086 3732 1236 3802 βιοῦν
1264 3732 1661 3802 ἀπηλλάττετο.
1695 3727 1928 3796 ’ἰσχυρί-

351 3829 513 3890 ζοντο
561 3827 605 3878 δ’
641 3827 904 3890 ἅπαντες,
931 3825 1008 3887 ὡς
1063 3826 1161 3877 οὐκ
1195 3826 1261 3877 ἂν
1292 3823 1581 3882 ἀπολώλει,
1617 3824 1664 3874 εἰ
1700 3822 1774 3890 μὴ
1808 3823 1931 3882 τοὺς

350 3919 698 3988 ἐτεροδῦξοσς
716 3920 973 3981 καλέσας,
993 3918 1207 3986 σύναμα
1227 3915 1494 3985 Βασιλείῳ
1516 3913 1771 3976 εὐξασθαι
1793 3913 1932 3980 ὑπὲρ

351 4011 452 4064 τοῦ
477 4011 661 4071 παιδὸς
693 4010 995 4079 παρηγγύα
1024 4023 1037 4036 ο
1065 4005 1146 4071 οἷς
1172 4011 1264 4059 καὶ
1297 4005 1581 4076 βαπτίζειν
1616 4003 1814 4072 μᾶλλον
1843 4002 1934 4054 τὸν

353 4098 526 4150 παῖδα
552 4099 948 4170 προύτρέπετο.
977 4097 1240 4158 Βασιλεὺς
1263 4096 1319 4148 δὲ
1346 4094 1435 4147 τὸν
1455 4093 1623 4163 ἄνδρα
1655 4090 1722 4144 δι’
1754 4089 1935 4153 αἰδοῦς

353 4188 532 4254 ἄγων,
560 4188 738 4254 χωρία
769 4186 836 4238 τὰ
868 4185 1139 4238 κάλλιστα
1167 4179 1243 4237 ὧν
1277 4181 1424 4252 εἶχεν
1452 4183 1661 4247 αὐτόθι,
1696 4182 1806 4244 τοῖς
1837 4183 1936 4234 αὐ·-

351 4281 453 4332 τού
480 4280 702 4344 ξενώσιν
737 4279 1103 4348 άπεχαρίζετο
1128 4294 1143 4308 ⁸
1170 4277 1308 4330 ἀλλὰ
1342 4277 1504 4330 πάλιν
1534 4275 1638 4326 ὐπὸ
1668 4274 1779 4326 τῶν
1814 4288 1936 4328 συν·

354 4376 507 4445 eam
534 4372 994 4443 πολιορκούμενος
1017 4373 1043 4423 6
1061 4370 1297 4440 κρατῶν,
1326 4367 1479 4429 αὖθις
1507 4366 1600 4420 τὸν
1624 4367 1770 4419 ὅσιον
1806 4381 1936 4434 μετα

356 4466 646 4522 εστέ).λετο
669 4481 683 4494 ·
719 4469 815 4517 καὶ
854 4466 952 4532 τῆς
997 4463 1107 4516 τῶν
1132 4462 1390 4514 ἐναντίων
1439 4459 1654 4529 μερίδος
1685 4456 1937 4526 γενέσθαι

2027 3391 2151 3430 cum
2194 3375 2490 3444 derepente
2553 3373 2776 3426 morbus
2833 3370 3183 3439 imperatoris
3240 3367 3435 3431 illium,
3504 3366 3597 3421 cui

2026 3467 2183 3524 Gallo
2217 3481 2414 3519 nomen
2461 3470 2599 3530 erat,
2633 3461 2866 3516 invadit.
2896 3461 3029 3515 Tam
3082 3459 3381 3514 vehemens
3412 3469 3596 3512 autem

2026 3568 2083 3614 et
2110 3558 2448 3628 periculosus
2515 3555 2562 3608 is
2611 3563 2751 3618 erat,
2794 3561 2853 3606 ut
2899 3552 2990 3621 qui
3055 3565 3284 3620 puerum
3338 3549 3604 3609 curabant

2031 3651 2230 3706 medici
2264 3649 2526 3719 insignes,
2558 3646 2627 3701 de
2676 3647 2784 3700 vita
2836 3645 2956 3714 ejus
2985 3644 3369 3712 desperarent.
3401 3640 3604 3696 Valens

2031 3756 2354 3798 casumeum
2383 3738 2857 3809 impatientissime
2884 3736 3086 3801 ferens,
3119 3735 3174 3787 in
3198 3735 3316 3789 solo
3339 3733 3600 3799 volvitur,

2037 3850 2133 3902 pro
2166 3833 2261 3887 lilii
2288 3832 2463 3886 salute
2499 3842 2727 3883 mortem
2759 3827 2863 3882 sibi
2894 3827 2997 3896 ipsi
3025 3834 3202 3894 optat,
3242 3835 3296 3879 et
3329 3824 3597 3879 insolabi-

2035 3925 2162 3979 liter
2210 3924 2380 3992 luget.
2416 3922 2695 3976 Dominica
2738 3935 2958 3989 quoque
3011 3917 3358 3986 imperatoris
3400 3917 3602 3985 conjux

2037 4018 2277 4087 graviter
2306 4014 2584 4082 aﬂligitur.
2634 4022 2690 4066 et
2722 4009 3014 4066 horrendis
3074 4022 3241 4064 noctu
3305 4009 3603 4078 pavoribus

2041 4109 2493 4176 territam,atque
2522 4105 2574 4159 id
2613 4114 2836 4174 propter
2863 4119 2983 4158 eam
3009 4118 3132 4173 quae
3167 4101 3427 4171 episeopo
3457 4101 3604 4154 illata

2039 4211 2185 4256 esset
2219 4200 2497 4271 injuriam,
2541 4213 2755 4267 passam
2808 4212 2867 4252 se
2901 4211 3025 4252 esse
3081 4194 3390 4250 conﬁrmat.
3445 4192 3606 4264 136

2040 4293 2276 4348 Proinde
2305 4291 2558 4346 Basilium
2586 4290 2894 4360 statimiper
2910 4303 3038 4344 suos
3066 4291 3605 4358 accersitzeumque,

2045 4392 2105 4438 ut
2130 4385 2398 4454 jacentem
2418 4397 2666 4452 puerum,
2687 4383 2828 4450 quod
2855 4389 3057 4450 posset,
3073 4380 3384 4450 adjuvaret,
3421 4391 3594 4448 rogat.

2044 4475 2162 4545 Ipse
2201 4490 2436 4544 namque
2481 4476 2798 4543 imperator,
2839 4481 3065 4541 propter
3094 4482 3368 4526 recentem
3416 4473 3609 4526 etiam-

358 4562 622 4630 παρῄνει.
666 4558 752 4620 Ὠς
783 4559 842 4610 δέ
882 4557 973 4609 τὸν
1013 4557 1296 4625 ἀδαμαντα
1326 4553 1534 4606 πείθειν
1566 4549 1817 4620 οὐδαμῶς
1858 4543 1935 4600 εί-
1969 4596 2013 4650 ι)
2044 4585 2051 4621 ι

1916 4576 1935 4587 ’
1969 4596 2013 4650 ι)
2044 4543 2171 4621 num
2198 4567 2247 4619 ei
2279 4543 2472 4620 factam
2525 4565 2802 4634 iniuriam,
2859 4563 3155 4632 quidquam
3211 4564 3280 4617 ab
3305 4577 3373 4616 eo
3419 4572 3604 4632 petere

355 4671 484 4726 χεν,
513 4655 590 4716 εις
621 4652 836 4722 ἐξορίαν
864 4650 1101 4717 ἀπάγειν
1133 4649 1371 4700 ἐκέλευε.
1414 4647 1521 4700 Καὶ
1549 4648 1577 4698 6
1599 4645 1698 4715 μὲν
1725 4645 1824 4713 τῆς
1851 4643 1938 4707 ἐξ·

355 4745 519 4814 ορίας
562 4744 768 4815 χάρτης
797 4742 1105 4811 ἐγράφετο·
1129 4743 1196 4812 τῇ
1247 4742 1390 4811 χειρὶ
1433 4741 1491 4792 δέ
1521 4740 1710 4793 τοῦτον
1743 4756 1939 4809 πειρα-

361 4839 487 4899 Osi;
543 4834 864 4907 βεϐαιῶσαι,
897 4833 1049 4887 οὐδὲν
1088 4833 1200 4886 τῶν
1233 4834 1512 4903 στοιχείων
1541 4833 1753 4903 γράψαι
1789 4833 1940 4885 δεδύ-

357 4946 518 5000 νητο.
573 4930 630 4980 ’0
687 4929 792 4996 γὰρ
845 4928 1086 4995 κάλαμος
1126 4925 1290 4988 εὐθὺς
1332 4925 1642 4995 συνετρίϐη.
1681 4925 1834 4978 Ἐπεὶ
1882 4925 1940 4978 δέ

359 5028 464 5081 καὶ
495 5028 524 5078 6
551 5023 802 5093 δεύτερος
843 5024 935 5075 καὶ
960 5024 988 5075 ὁ
1022 5019 1205 5090 τρίτος
1236 5020 1311 5082 ὼς
1339 5021 1398 5073 το
1439 5019 1584 5081 εἰκὸς
1611 5017 1942 5086 εὐθυνούμε-

359 5136 455 5182 νος
497 5119 696 5187 ἐπίσης
723 5114 799 5184 τῷ
839 5113 1042 5184 πρώτῳ
1070 5113 1335 5184 ἔπασχον·
1370 5111 1450 5165 ἐτι
1493 5111 1548 5165 δὲ
1590 5111 1650 5164 τὸ
1678 5111 1939 5172 δυσσεϐὲς

364 5215 751 5286 γραμματεῖον
781 5212 958 5263 ἐκεῖνο
991 5207 1245 5278 βεϐαιοῦν
1287 5207 1570 5276 ἐπειρᾶτο,
1599 5204 1800 5257 σείεται
1838 5203 1941 5272 μὲν

361 5310 516 5380 αὐτῷ
551 5311 583 5376 ἡ
617 5308 736 5379 χεὶρ
784 5305 1124 5376 παραδόξως.
1177 5301 1388 5372 Τρόμος
1431 5301 1476 5352 δ’
1515 5298 1741 5369 ἄσχετος
1773 5297 1942 5368 αὐτὴν

361 5401 658 5472 διεδέχετο.
699 5397 980 5452 Ἐντεῦθεν
1008 5396 1063 5448 δὲ
1085 5393 1463 5455 κατασεισθεὶς
1493 5393 1595 5462 τὴν
1622 5390 1824 5460 ψυχὴν,
1849 5388 1944 5441 καὶ

439 5597 519 5668 (l)
552 5598 752 5679 Munus
806 5593 1158 5674 oﬂ‘ertorium
1195 5608 1213 5647 :
1250 5591 1398 5717 ihuod
1457 5590 1784 5660 αὐτουργὸς,
1839 5588 1945 5644 hoc

439 5683 473 5717 ι-
508 5686 606 5717 sua
641 5683 756 5717 inse
789 5681 952 5717 manu
987 5666 1208 5717 obtulit.
1243 5671 1256 5717 t
1315 5677 1426 5717 res.
1458 5660 1614 5717 Naz.)

357 5660 474 5730 est.
507 5660 606 5724 Sua
641 5670 756 5736 ipse
789 5681 952 5720 manu
987 5666 1208 5736 obtulit.
1243 5660 1426 5732 (Greg.
1458 5660 1614 5736 Naz.)

437 5741 518 5808 (2»
557 5732 700 5808 Cum
753 5749 934 5791 autem
993 5735 1045 5808 id
1099 5750 1207 5808 non
1265 5741 1536 5808 annueret
1584 5732 1945 5808 iuniperator:

365 5800 628 5876 Basilius,
671 5806 744 5862 De
793 5823 978 5875 puero,
1033 5806 1231 5876 inquit,
1277 5803 1520 5858 voluntas
1571 5801 1783 5857 Domini
1834 5800 1947 5867 lict.

363 5887 574 5958 (ὅσοι.)

2042 4655 2353 4712 verebatur.
2398 4654 2634 4709 Basilius
2661 4653 2835 4717 adest,
2867 4662 2924 4706 et
2950 4667 3083 4721 puer
3127 4651 3451 4706 meliuscule
3503 4651 3605 4706 ha-

2042 4749 2156 4803 bet.
2180 4748 2484 4816 Imperator
2503 4743 2859 4798 nihilominus
2882 4741 3186 4812 perieulum
3219 4741 3487 4806 facturus,
3535 4743 3604 4796 ad

2038 4841 2192 4896 illum
2220 4857 2234 4893 :
2269 4857 2288 4891 ι
2314 4837 2369 4892 Si
2402 4852 2550 4900 vera,
2583 4834 2783 4904 inquit,
2815 4841 2945 4888 sunt
2979 4847 3100 4902 qua:
3142 4832 3211 4886 de
3241 4832 3350 4886 Deo
3404 4832 3597 4895 doces,

2043 4944 2287 5001 precare,
2318 4937 2373 4983 et
2399 4928 2567 4981 Deum
2593 4941 2776 4989 exora,
2815 4939 2882 4979 ne
2907 4923 3041 4976 mihi
3068 4923 3211 4977 [ilius
3229 4923 3487 4978 intereat.
3510 4923 3610 4978 »Αι

2044 5023 2133 5078 ille
2153 5039 2198 5076 ιι
2219 5021 2273 5076 Si
2291 5021 2431 5074 idem
2447 5017 2594 5089 quod
2612 5034 2713 5089 ego
2735 5016 2935 5082 credis,
2957 5018 3317 5086 morbumque
3341 5031 3598 5085 grassan-

2045 5127 2151 5171 tem
2177 5115 2244 5168 ab
2273 5113 2520 5168 ecclesiis
2559 5111 2848 5181 dispellere
2876 5108 3184 5171 constituis,
3214 5108 3442 5164 omnino
3470 5123 3608 5177 puer

2043 5209 2406 5264 convalescet.
2440 5225 2458 5258 ι
2483 5205 2749 5261 Caeterum
2771 5218 2895 5259 cum
2924 5201 3126 5257 Valens
3161 5200 3216 5255 id
3247 5216 3306 5255 se
3334 5200 3607 5255 facturum

2046 5299 2333 5368 reciperet,
2368 5307 2424 5352 et
2455 5295 2613 5350 aliter
2646 5305 2826 5347 tamen
2858 5292 3080 5358 faceret,
3110 5306 3250 5362 puer
3278 5305 3310 5345 e
3358 5290 3469 5344 vita
3511 5303 3608 5343 ex-

2043 5390 2228 5446 cessit.
2260 5382 2461 5446 Omne's
2494 5394 2675 5440 autem
2699 5395 3105 5448 asseverarunt,
3157 5397 3268 5437 non
3299 5380 3605 5452 periturum

2120 5591 2193 5656 (5)
2224 5588 2394 5644 Ail'uit
2448 5588 2538 5643 isti
2584 5589 2860 5659 colloquio
2913 5587 3306 5659 Demosthenes
3361 5585 3609 5659 quidam,

2050 5661 2398 5729 imperatoris
2452 5657 2771 5720 Obsonator,
2806 5660 2898 5726 qui
2942 5659 3092 5713 orbis
3137 5657 3611 5729 universi‘dochto-

2052 5725 2164 5784 rem
2229 5745 2492 5797 carpens.
2544 5731 2773 5784 barbare
2828 5725 3193 5798 loquebatur.
3256 5729 3326 5780 At
3381 5725 3614 5798 Basilius

2052 5794 2366 5862 subridens.
2405 5799 2814 5866 Ἑοεασάμεθα,
2871 5794 3084 5867 inquit,
3146 5799 3236 5850 καὶ
3294 5794 3611 5865 Δημοσθένη

2054 5872 2442 5941 άονάξιξιανιν,
2501 5876 2601 5926 hoc
2653 5880 2758 5937 est,
2815 5870 2899 5925 En
2953 5870 3350 5926 Barnosthenem
3411 5879 3612 5935 quoque
