4288 6438
706 446 802 507 631

1910 455 2326 514 NlCEPllOltl
2368 457 2710 517 CALIJSTI

3839 456 3949 517 632

704 570 869 615 rent:
911 560 1068 631 139
1101 579 1333 630 quorum
1377 564 1463 619 hic
1508 566 1853 629 Melitincnsi,
1912 567 2001 621 ille
2050 566 2267 621 Pisidiae
2300 583 2340 627 Α
2372 569 2397 619 λ

2251 586 2267 618 ’τ
2300 583 2340 627 Α
2372 569 2777 637 Χρυσόστομος,
2811 569 2926 630 νέος
2982 568 3057 620 ὢν
3088 568 3190 635 ἔτι,
3225 570 3282 623 τὸ
3310 569 3499 640 περιὸν
3534 570 3632 637 τῆς
3666 568 3944 638 δυνάμεως

705 653 1206 721 ριαξίυίιοεςιοσίαξ.
1243 658 1409 712 Divus
1429 660 1596 714 etiam
1625 659 2071 729 Chrysostomus,
2107 662 2271 730 juve-

701 745 788 797 nis
821 745 1143 809 etiamnum,
1177 758 1523 815 prmstautem
1581 750 1785 820 ingenii
1821 751 2099 819 animique
2154 753 2265 804 vim

698 848 754 889 et
788 840 1067 905 specimen
1094 839 1398 895 Antiochiae
1426 844 1618 897 vivens
1676 842 1938 895 ostendit.
1999 842 2066 896 Et
2097 844 2268 898 disci-

701 928 904 996 plinam
985 945 1199 987 morum
1291 934 1583 986 admodum
1674 942 2018 996 consectans,
2100 936 2273 1004 magis

700 1020 1059 1088 magisquein
1084 1038 1148 1076 ea
1176 1024 1536 1092 proﬁciebat:
1598 1024 1846 1078 nondum
1910 1024 1997 1078 ille
2049 1025 2266 1093 quidem

700 1112 755 1162 in
786 1109 1169 1180 episcoporum
1206 1124 1495 1183 coaptatus
1554 1116 1825 1177 ordinem,
1855 1116 1950 1170 sed
1984 1116 2125 1169 inter
2185 1130 2269 1170 sa-

701 1214 826 1255 cras
875 1201 1188 1257 functiones
1247 1205 1465 1259 diaconi
1510 1207 1873 1261 ministerium
1940 1207 2268 1275 adimplens.

701 1292 874 1360 Cujus
924 1309 1046 1347 cum
1078 1297 1340 1364 epistolas
1365 1297 1598 1351 Basilius
1651 1308 1707 1352 et
1763 1298 2062 1367 Gregorius
2118 1298 2269 1352 vide-

702 1394 846 1449 rent,
883 1384 1134 1439 admirati
1166 1403 1260 1443 eas
1294 1398 1441 1451 sunt,
1470 1398 1524 1442 et
1549 1389 1823 1458 egregium
1844 1389 2101 1456 quiddam
2126 1390 2179 1441 in
2208 1403 2275 1442 eo

2364 658 2698 727 παρεδείκνυ
2737 661 2797 710 ἐν
2827 659 3129 729 Ἀντιοχείᾳ
3158 660 3475 729 ποιούμενος
3506 662 3603 722 τὰς
3638 661 3941 729 διατριϐάς·

2366 749 2460 801 καλ⁸
2487 749 2657 812 πολὺς
2686 746 2755 820 ἦν
2788 753 2929 817 ῥέων
2964 753 3030 821 τῇ
3062 752 3225 820 ἡθικῇ
3257 751 3576 820 διδασκαλίᾳ
3612 753 3707 803 ἐπὶ
3746 752 3947 820 μᾶλλον

2366 840 2712 907 προϐαίνων,
2753 841 2904 894 οὔπω
2955 842 3055 909 μὲν
3104 842 3437 912 τεταγμένος
3493 844 3551 894 ἐν
3601 843 3943 903 ἐπισκόποις.

2368 931 2665 999 ἱερατικοῖς
2697 932 2753 983 δέ
2788 931 3021 1000 βαθμοῖς
3052 931 3150 1001 τὴν
3177 930 3454 983 διακονίαν
3493 930 3856 1001 ἀποπληρῶν⁸
3886 923 3946 981 οὗ

2365 1020 2434 1072 τὰ
2463 1023 2878 1092 συγγράμματα
2910 1022 3186 1084 Βασίλειος
3219 1023 3313 1075 καὶ
3342 1022 3478 1092 Γρηγ
3494 1021 3639 1091 όριος
3660 1021 3946 1089 θεώμενοι,

2373 1114 2460 1165 διὰ
2488 1114 2764 1180 θαύματος
2788 1117 3085 1180 ἐποιοῦντο,
3117 1116 3210 1167 καὶ
3257 1116 3408 1181 ξένον
3438 1111 3579 1166 εἶναι
3604 1114 3663 1165 τὸ
3704 1113 3823 1165 κατ’
3856 1114 3949 1164 αύ-

2376 1206 2467 1257 τον
2496 1206 2832 1276 διήγγελλον.
2851 1208 3014 1260 Ἀλλά
3044 1209 3174 1275 περὶ
3203 1208 3301 1276 μὲν
3330 1204 3680 1274 Ἀμφιλοχίου
3715 1205 3808 1255 καὶ
3838 1204 3948 1255 Ἰω-

2380 1298 2539 1351 άννου
2574 1301 2665 1352 καὶ
2693 1296 2848 1362 αὖθις
2874 1299 3014 1352 κατά
3038 1301 3221 1368 χώραν
3246 1298 3652 1367 διαληψόμεθα,⁶
3687 1299 3777 1349 ἐπὶ
3802 1296 3856 1348 δὲ
3881 1295 3951 1347 τα

2380 1390 2522 1442 κατά
2556 1390 2647 1443 τὸν
2679 1392 2914 1460 δυσσεϐῆ
2944 1392 3218 1444 Οὐάλεντα
3247 1391 3341 1443 καὶ
3379 1390 3535 1453 αὖθις
3574 1390 3875 1457 προΐωμεν.

698 1477 899 1543 juvene
935 1488 1153 1533 exstare
1182 1482 1605 1549 perhibuerunt.
1642 1481 1746 1537 Sed
1786 1482 1853 1538 de
1879 1482 2263 1551 Amphilochio
2302 1490 2356 1536 et
2377 1482 2607 1550 Joanne,
2637 1485 2878 1540 suoloco
2911 1481 3524 1553 pluradicemus.Nunc
3586 1482 3654 1537 ad
3718 1481 3945 1551 impium

703 1572 983 1629 Valentem
1025 1579 1465 1651 progrediamur.

1284 1703 1513 1759 CAPUT
1548 1705 1691 1760 XXI.

707 1790 770 1847 Ut
807 1792 994 1846 Valens
1016 1794 1300 1847 Antiochia
1328 1798 1615 1849 maximam
1645 1798 2052 1864 persecutionem
2086 1804 2270 1848 contra

774 1865 888 1936 pios;
918 1865 1248 1936 moverittitt
1278 1868 1434 1936 ﬂuvio
1456 1869 1926 1936 eosgsubmergens:
1955 1876 2003 1936 et
2036 1867 2271 1918 divinum

2957 1700 3211 1755 ΚΕΦΑΛ.
3234 1697 3366 1754 KA'.

2387 1792 2485 1858 Ὠς
2511 1792 2752 1861 Οὐάλης
2809 1795 2880 1848 ἐν
2949 1795 3284 1861 Ἀντιοχείᾳ
3314 1795 3657 1859 γενόμενος,
3687 1789 3953 1857 διωγμὸς·

2439 1863 2732 1934 μέγιστον
2751 1866 2899 1919 κατὰ
2914 1864 3033 1917 τῶν
3051 1864 3463 1934 εὐσεϐούντων
3483 1863 3787 1934 ἐκίνησεν,
3806 1863 3953 1934 dno:

782 1934 1051 2005 :‘lleletium
1071 1944 1116 1985 et
1149 1932 1420 2005 Pcla‘gium
1456 1945 1505 1989 et
1533 1934 1937 1989 Samosatenum
1962 1935 2269 1995 Eusebium,
2306 1940 2345 1993 Β
2441 1932 2475 1988 ‘a

2256 1974 2269 1995 υ
2306 1940 2345 1993 Β
2441 1932 2675 2005 anfler
2727 1935 2808 1998 τῷ
2833 1933 3077 2003 ποταμῷ
3100 1950 3114 1963 ⁸
3170 1933 3493 2005 ὑπερόριον
3530 1932 3583 2005 δξ
3610 1932 3795 2005 ἐποίεέ
3844 1932 3949 1981 τὸν

774 2005 837 2054 dc
867 2003 1015 2070 cujus
1062 2008 1210 2055 rebus
1246 2003 1401 2071 gestis
1457 2008 1620 2059 brevis
1657 2007 1855 2060 inserta
1893 2017 1965 2059 est
1999 2005 2268 2066 narratio,

776 2076 831 2125 in
868 2089 923 2125 εα
935 2073 1109 2125 silium
1137 2078 1320 2143 egerit.

776 2246 913 2301 Cum
940 2247 987 2301 is
1012 2248 1318 2303 Antioohiae
1340 2289 1354 2314 ,
1383 2250 1546 2304 sicuti
1572 2250 1829 2312 diximus.
1861 2252 2068 2307 diutius
2092 2265 2274 2306 mora-

706 2351 881 2403 retur,
908 2349 961 2393 et
994 2340 1061 2393 ab
1098 2342 1347 2395 externis
1371 2342 1529 2396 bellis
1562 2345 1784 2411 quietus
1809 2354 1977 2407 esset,
2009 2345 2274 2401 adversus

707 2444 803 2480 eos
841 2430 933 2497 qui
983 2429 1468 2484 eonsubstantialis
1517 2431 1681 2487 ﬁdem
1730 2442 2047 2499 sectantur,
2082 2449 2141 2489 se
2188 2450 2275 2488 ar-

708 2522 916 2573 mavit:
955 2534 1009 2576 et
1042 2539 1148 2576 non
1186 2523 1349 2577 modo
1393 2539 1458 2577 ex
1508 2524 1852 2582 Antiocliena
1910 2528 2009 2596 (t),
2050 2543 2273 2581 verum—

707 2616 876 2671 etiam
912 2632 1002 2671 ex-
1024 2617 1271 2671 ﬁnitimis
1300 2634 1420 2686 quae
1449 2618 1811 2673 circumcirca
1841 2630 1967 2674 sunt
2002 2621 2271 2685 ecclesiis,

709 2716 876 2760 rectae
902 2711 1186 2761 sententia:
1224 2719 1658 2779 propugnatores
1681 2711 1865 2779 ejecit.
1890 2713 2027 2767 Aliis
2052 2728 2274 2782 quoque

709 2813 806 2850 eos
828 2798 1073 2854 cladibus
1100 2801 1360 2869 alliigens,
1408 2817 1533 2855 cum
1565 2804 1699 2856 varii
1732 2805 1953 2872 generis
1985 2806 2272 2875 suppliciis

709 2892 951 2955 sustulit,
1004 2902 1115 2944 tum
1177 2893 1410 2947 maxime
1460 2894 1512 2946 in
1548 2895 2003 2962 praeterﬂuentem
2057 2914 2271 2953 amnem

712 2984 972 3036 Orontem
1020 2984 1256 3053 conjecit
1283 2993 1339 3039 et
1373 2985 1683 3039 suffocavit.
1729 2986 1794 3041 Et
1826 2988 2100 3043 Meletium
2150 2992 2275 3060 qui-

710 3075 871 3139 dem,
923 3076 1201 3145 egregium
1249 3076 1317 3131 de
1368 3093 1495 3131 vera
1551 3078 1752 3147 pietate
1805 3090 2169 3147 certatorem,
2206 3099 2272 3137 ex

711 3166 941 3220 ecclesia
979 3168 1327 3223 deturbatum
1369 3169 1424 3223 in
1464 3170 1721 3225 exsilium
1762 3172 1933 3225 misit.
1973 3174 2274 3229 Samosatis

2443 2004 2609 2077 θεῖον
2632 2004 2943 2077 Μεέέτιον,
2988 2002 3101 2057 fatal
3131 2004 3453 2077 Πελάζιον,
3490 2003 3585 2077 καὶ
3614 2004 3734 2077 τᾶν.
3758 2002 3946 2077 Eapp-

2442 2076 2646 2133 σάτων
2703 2074 3033 2133 Εὑσέϐιονα
3076 2075 3210 2143 περὶ
3259 2070 3329 2129 οὗ
3360 2073 3459 2125 καί
3510 2070 3769 2139 ,ϐραχεῖα
3827 2070 3946 2121 τῶν

2442 2148 2638 2215 ἔργων
2677 2144 2983 2212 διήγησις.

2446 2256 2602 2311 Κατὰ
2628 2257 2726 2325 τὴν
2769 2256 3044 2323 Ἀντιόχου
3103 2254 3418 2323 γενόμενος,
3465 2252 3653 2320 ὥσπερ
3710 2249 3948 2319 εἴρηται,

2376 2349 2473 2400 καὶ
2502 2347 2756 2398 πλεῖστον
2799 2344 2991 2415 χρόνον
3024 2346 3142 2398 ἐκεῖ
3180 2343 3496 2412 διατρίϐων,
3553 2342 3675 2393 ἐπεὶ
3722 2341 3789 2392 τὰ
3841 2339 3951 2391 τῶν

2376 2438 2574 2506 ἔξωθεν
2608 2437 2861 2505 πολέμων
2883 2438 3103 2505 ἠρέμει,
3141 2437 3283 2489 κατὰ
3312 2435 3421 2487 τῶν
3477 2432 3615 2503 ὑπὲρ
3666 2432 3762 2499 τῆς
3818 2434 3949 2497 ὁμο⁴

2375 2534 2556 2586 ουσίου
2589 2532 2823 2592 πίστεως
2856 2528 3227 2592 καθωπλίζετο
3254 2543 3269 2559 ·
3329 2529 3421 2580 καὶ
3450 2526 3557 2579 τῶν
3617 2527 3715 2594 μὲν
3775 2527 3951 2577 ἐκεῖσε

2377 2627 2474 2680 καί¹
2508 2623 2675 2694 πέριξ
2705 2621 3017 2691 ἐκκλησιῶν
3068 2618 3364 2673 ἀπελαύνει
3415 2622 3540 2680 τοὺς
3592 2622 3691 2687 τῆς
3733 2616 3954 2686 690060-

2377 2715 2493 2780 ξίας
2557 2716 2883 2785 προμάχους
2944 2729 2960 2744 ⁶
3016 2714 3111 2764 καὶ
3180 2712 3371 2772 ἄλλαις
3430 2711 3529 2778 μὲν
3584 2708 3953 2767 παντοδαπαῖς

2374 2805 2672 2876 ἐπιτρίϐων
2702 2806 2897 2864 αὐτοὺς
2947 2802 3277 2869 συμφοραῖς,
3332 2802 3425 2853 καὶ
3470 2799 3747 2869 διαφόροις
3804 2800 3957 2849 ἀναι-

2376 2899 2485 2969 ρῶν
2519 2898 2761 2967 τρόποις,
2788 2895 3020 2963 μάλιστα
3052 2894 3109 2945 δὲ
3164 2893 3239 2962 τῷ
3287 2893 3656 2961 παραρρέοντι
3725 2888 3955 2956 ποταμῷ

2390 2991 2615 3060 Ὀρόντῃ
2670 2984 2924 3057 ἐμϐαλὼν
2971 2987 3064 3038 καὶ
3126 2986 3466 3050 ἀποπνίγων.
3528 2984 3639 3035 Καὶ
3690 2981 3956 3033 Μελέτιον

2380 3082 2478 3151 μὲν
2501 3081 2593 3132 τὸν
2621 3080 2717 3149 τῆς
2773 3076 3057 3134 εὐσεϐείας
3117 3075 3425 3144 ἀγωνιστὴν
3482 3074 3591 3125 τῶν
3649 3073 3956 3139 ἐκκλησιῶν

2378 3173 2676 3235 ἀπελάσας,
2709 3171 2999 3241 ὑπερόριον
3043 3169 3196 3221 ἔθετο
3227 3182 3242 3200 ⁸
3274 3171 3336 3221 ἐκ
3371 3168 3426 3219 δέ
3479 3166 3814 3235 Σαμοσάτων
3865 3165 3957 3216 τὸν

713 3269 896 3312 autem
924 3261 1170 3315 divinum
1201 3264 1361 3333 ejecit
1398 3264 1717 3318 Eusebium.
1750 3266 2022 3321 Praeterea
2051 3281 2180 3321 vero
2214 3277 2274 3321 ut
2301 3269 2345 3330 C
2379 3264 2406 3317 θ

2264 3269 2345 3330 tC
2379 3264 2523 3318 θεῖον
2585 3263 2797 3316 ἐλαύνει
2862 3260 3165 3314 Εὑσέϐιονο
3222 3254 3545 3313 Λαοδίκειαν
3598 3258 3653 3311 δὲ
3704 3258 3957 3327 χηρεύειν

716 3353 981 3406 Laodicea
1017 3357 1237 3423 egregio
1268 3366 1484 3424 pastore
1516 3356 1735 3426 Pelagio
1769 3359 2084 3419 orharctur.
2119 3370 2173 3413 et
2209 3361 2272 3413 ad

718 3445 1039 3499 viduitatem
1076 3446 1439 3515 redigeretur,
1466 3447 1669 3501 eﬂ'erit.
1697 3449 1799 3513 Qui
1836 3450 2277 3521 adhucjuvenis,

721 3536 927 3591 invitus
981 3539 1145 3592 etiam
1188 3539 1381 3609 jugum
1435 3540 1774 3594 matrimonii
1827 3541 2017 3595 subiit.
2059 3543 2117 3596 In
2161 3543 2280 3612 ipso

718 3644 849 3683 vero
883 3631 1112 3700 nuptiali
1138 3632 1418 3696 cubiculo,
1446 3633 1512 3685 ad
1545 3634 1776 3702 primam
1806 3634 2277 3689 cobabilationem

719 3738 932 3791 sponsa:
978 3738 1091 3777 sua:
1124 3725 1430 3792 persuasit,
1468 3735 1527 3777 ιιι
1568 3727 1877 3779 castitatem
1928 3738 2277 3791 consectans,

723 3816 928 3868 sororis
979 3815 1084 3868 sibi
1138 3814 1320 3884 potius
1374 3816 1669 3884 pietatem,
1725 3833 1887 3886 quam
1937 3819 2278 3891 conjugaletu

723 3906 1179 3963 consuetudinem
1229 3920 1534 3977 prmstaret.
1582 3912 1660 3963 Ac
1710 3913 1803 3965 tali
1850 3913 2073 3983 quidem
2128 3916 2284 3983 pudi-

724 4000 852 4051 t-iiia
904 3998 1151 4069 Pelagius
1203 4001 1345 4054 fuit:
1388 4016 1548 4071 quam
1597 4006 1758 4059 etiam
1816 4006 1869 4060 in
1917 4023 2018 4071 eo,
2059 4008 2284 4076 reliqua:

724 4092 841 4159 ejus
869 4093 1174 4160 coojnncue
1201 4104 1256 4146 et
1288 4095 1455 4147 veluti
1490 4110 1712 4150 sorores
1741 4098 1996 4163 virtutes,
2025 4109 2281 4168 tanquam

728 4201 779 4235 Ill
813 4185 1011 4238 chorea
1038 4186 1219 4255 aliqua
1247 4200 1378 4240 sunt
1412 4199 1739 4243 consecutae.
1772 4191 1943 4256 Quam
1968 4192 2040 4245 ob
2063 4207 2282 4247 causam

726 4278 971 4330 omnium
1022 4278 1247 4333 calculis
1293 4288 1350 4333 et
1388 4280 1662 4350 suffragiis
1713 4283 2013 4352 episcopali
2073 4288 2285 4340 honore

728 4370 926 4438 dignus
955 4370 1234 4439 judicatus
1257 4382 1358 4425 est.
1392 4373 1590 4426 Verum
1618 4384 1725 4427 tam
1757 4376 2044 4442 splendida
2073 4377 2287 4446 episeo-

727 4460 863 4527 palis
896 4461 1145 4513 muneris
1180 4459 1586 4515 administratio
1617 4462 1770 4531 ejus,
1802 4462 2023 4517 ﬂectere
2055 4463 2284 4532 impium

728 4551 1033 4618 principem
1067 4568 1173 4605 non
1208 4552 1404 4620 potuit.
1430 4553 1604 4607 lllicet
1638 4553 1782 4606 hunc
1809 4554 1897 4607 ille
1928 4556 1978 4608 in
2004 4555 2285 4619 Arabiam,

2378 3358 2473 3409 τοῦ
2507 3354 2675 3408 καλοῦ
2714 3355 2972 3422 ποιμένος
3006 3353 3275 3419 Πελαγίου
3329 3354 3505 3403 ἐποίει
3544 3368 3556 3381 ·
3589 3350 3644 3411 ὃς
3685 3352 3801 3410 νέος
3859 3352 3959 3415 μὲν

2379 3449 2475 3512 ὢν,
2508 3450 2597 3500 τὸν
2628 3447 2719 3499 τοῦ
2755 3448 2932 3514 γάμου
3003 3447 3099 3499 καὶ
3152 3445 3305 3499 άκων
3359 3444 3567 3513 ὑπῆλθε
3608 3443 3769 3508 ζυγόν
3799 3458 3811 3471 ·
3872 3444 3958 3493 ἐπ’

2381 3540 2627 3609 αὐτῆςδέ
2660 3540 2758 3608 τῆς
2811 3539 3079 3599 παστάδος
3143 3536 3285 3589 κατά
3344 3535 3445 3604 τὴν
3505 3535 3729 3605 πρώτην
3791 3536 3959 3603 μονὴν

2382 3633 2567 3684 ἔπεισε
2602 3630 2701 3699 τὴν
2758 3631 2978 3696 νύμφην
3026 3630 3224 3698 μᾶλλον
3279 3630 3377 3699 τὴν
3433 3630 3656 3694 ἁγνείαν
3714 3628 3957 3685 ἑλέσθαι,

2382 3722 2771 3793 φιλοστοργίαν
2802 3721 3095 3791 ἀδελφικὴν
3150 3722 3349 3789 μᾶλλον
3402 3721 3434 3790 ἢ
3487 3721 3733 3789 γαμικὴν
3796 3722 3961 3772 συνά-

2383 3833 2540 3885 φειαν
2580 3816 2723 3885 ἔχειν
2762 3817 3203 3883 προτιμήσασαν.
3242 3812 3496 3875 Τοιοῦτος
3543 3812 3640 3881 μὲν
3692 3812 3959 3877 Πελαγιος

2386 3909 2477 3959 ἐπὶ
2511 3906 2834 3977 σωφροσύνῃ
2858 3923 2870 3935 ·
2908 3907 3262 3975 συνεχόρευον
3297 3906 3480 3973 μέντοι
3526 3904 3621 3955 καὶ
3675 3904 3731 3955 αἱ
3775 3902 3961 3954 λοιπαὶ

2385 4000 2492 4051 τῶν
2524 3999 2765 4066 ἀδελφῶν
2789 3998 2981 4066 ἀρεταὶ
3030 3996 3253 4065 τούτῳο
3312 3991 3387 4047 ὧν
3456 3994 3521 4065 δὴ
3580 3996 3740 4064 χάριν
3793 3994 3960 4063 ψήφῳ

2387 4094 2539 4160 κοινῇ
2566 4092 2663 4159 τῆς
2696 4090 2989 4159 προεδρίας
3021 4088 3270 4157 ἠξίωται.
3332 4088 3473 4142 Ἀλλ’
3528 4090 3584 4143 αἱ
3647 4092 3745 4158 τῆς
3802 4090 3961 4140 πολι-

2386 4182 2535 4243 τείας
2566 4181 2782 4243 ἀκτῖνες
2813 4182 3009 4248 ἥκιστα
3044 4181 3273 4248 ἴσχυσαν
3329 4180 3647 4249 δυσωπῆσαι
3696 4180 3788 4231 τὸν
3836 4182 3963 4233 δυσ-

2392 4273 2544 4340 σεϐῆ.
2581 4272 2798 4341 ’Δμέλει
2837 4268 3025 4323 τοῦτον
3077 4270 3174 4339 μέν
3207 4270 3285 4331 είς
3338 4269 3596 4338 Ἀραϐίαν
3648 4269 3906 4337 ἐξώριζεν
3942 4285 3958 4299 ·

2390 4366 2470 4426 είς
2514 4364 2808 4432 Ἀρμενίαν
2832 4363 2886 4414 δὲ
2920 4364 3011 4415 τὸν
3041 4363 3300 4416 Μελέτιον
3327 4377 3340 4391 ⁸
3392 4366 3470 4425 είς
3508 4363 3565 4416 δὲ
3594 4363 3816 4434 Θρᾴκην
3862 4365 3963 4415 Εὑ-

2394 4458 2594 4521 σέϐιον,
2626 4456 2822 4525 ἄνδρας
2861 4458 3236 4519 ἀποστολικοῖς
3266 4459 3573 4528 χαρίσμασι
3630 4457 3963 4524 διαπρέπον-

2392 4567 2511 4603 τας.
2555 4550 2612 4602 Ὀ
2634 4550 2678 4601 δ’
2715 4548 2972 4611 Εὐσέϐιος
2997 4541 3175 4613 οὗτος,
3210 4551 3472 4618 πρότερον
3511 4549 3711 4610 πολλὰς
3752 4549 3956 4617 ἐκκλη-

732 4644 1009 4697 Meletium
1051 4656 1234 4697 autem
1272 4646 1324 4699 in
1374 4646 1688 4699 Armeniam
1714 4687 1728 4710 ,
1784 4657 1838 4700 et
1886 4647 2185 4701 Eusebium
2234 4650 2287 4703 in
2325 4617 2367 4673 υ
2401 4659 2425 4693 σ

2274 4617 2287 4703 j
2325 4617 2367 4673 υ
2401 4641 2522 4702 σίας
2562 4642 2801 4710 ἐρήμους
2859 4640 3131 4710 ποιμένων
3178 4617 3321 4693 εἶναι
3372 4640 3579 4709 μαθὼν,
3627 4639 3961 4710 στρατιώτου

729 4734 1014 4788 Thraciam
1050 4735 1324 4804 di-portari
1371 4737 1565 4805 jussit,
1603 4737 1751 4791 viros
1789 4739 2102 4806 apostolicis
2129 4738 2290 4793 donis

729 4826 1059 4881 relucentes.
1096 4826 1254 4897 140
1278 4827 1549 4881 Eusebius
1574 4828 1679 4884 iste
1704 4828 1935 4883 antehac
1963 4845 2083 4883 cum
2113 4831 2290 4885 eccle-

729 4920 838 4971 sias
894 4917 1094 4972 multas
1142 4933 1344 4972 vacuas
1393 4934 1510 4973 esse
1562 4919 1873 4988 pastoribus
1919 4922 2291 4989 cognovisset,

732 5011 922 5064 militis
965 5011 1150 5064 habitu
1199 5018 1439 5079 sumpto,
1487 5020 1542 5065 et
1585 5012 1786 5080 capite,
1824 5013 1982 5075 tiara,
2014 5028 2179 5082 quam
2224 5029 2290 5068 ex

734 5105 877 5171 pileo
926 5106 1271 5168 coniecerat,
1315 5113 1491 5166 tecto,
1540 5102 1793 5174 Syriam,
1843 5105 2206 5169 thnieiam,
2238 5117 2295 5161 et

732 5196 1078 5251 Palaestinam
1113 5204 1499 5264 peragraverat
1525 5212 1537 5247 :
1562 5196 1785 5251 ordines
1809 5211 2011 5251 vacuos
2032 5198 2086 5252 in
2116 5198 2296 5252 eccle-

731 5288 867 5351 siis,
922 5288 1291 5357 presbyteris,
1340 5286 1621 5351 diaconis,
1660 5288 1782 5343 aliis
1815 5290 1985 5343 sacris
2023 5290 2294 5346 ministris

733 5380 1014 5447 suppletis.
1052 5378 1262 5433 Alicubi
1297 5379 1463 5433 etiam
1493 5380 1782 5448 episcopos
1813 5380 2065 5436 ecclesiis
2094 5384 2293 5450 praete-

733 5485 905 5533 cerat,
942 5471 987 5525 si
1020 5487 1159 5541 quos
1193 5483 1341 5527 esset
1372 5482 1585 5539 nactus,
1617 5475 1711 5543 qui
1746 5490 1871 5529 cum
1902 5491 1972 5530 eo
2006 5477 2293 5533 sententiae

733 5566 980 5635 ejusdem
1012 5577 1219 5621 essent.
1268 5568 1439 5632 Quam
1469 5568 1791 5636 praeclarum
1836 5581 2019 5625 autem
2049 5570 2212 5632 fortis
2239 5580 2297 5625 et

732 5658 985 5725 generosi
1040 5659 1203 5711 animi
1249 5658 1484 5713 ediderit
1526 5651 1844 5730 specimen,
1897 5663 1951 5716 in
2004 5662 2290 5716 Thraciam

734 5748 1038 5809 exsulatum
1072 5752 1152 5806 ire
1180 5754 1401 5821 jussus,
1436 5753 1589 5808 nefas
1622 5764 1787 5819 esset,
1820 5756 1862 5811 si
1898 5755 2118 5810 silentio
2154 5769 2293 5825 pne-

808 5886 884 5967 (Ι)
918 5886 1132 5944 Sozom.
1167 5890 1289 5945 cod.
1320 5905 1437 5957 cap.
1473 5891 1553 5946 18.

2394 4735 2582 4804 σχῆμα
2613 4732 2915 4797 ἀναλαϐὼν,
2944 4732 3035 4784 καὶ
3056 4733 3220 4802 τιάρα
3268 4734 3333 4784 ἐκ
3369 4733 3523 4784 πίλου
3594 4734 3812 4786 σκέπων
3864 4738 3963 4801 τὴν

2390 4826 2655 4895 κεφαλὴν,
2685 4826 2787 4894 τήν
2811 4842 2870 4878 τε
2902 4824 3104 4893 Συρίαν
3136 4825 3228 4877 καὶ
3288 4824 3541 4892 Φοινίκην
3601 4826 3697 4877 καὶ
3758 4826 3962 4878 Παλαι-

2395 4920 2583 4987 στίνην
2610 4918 2748 4988 διῄει
2769 4933 2783 4948 ⁸
2804 4917 3085 4979 διακόνους
3116 4918 3209 4970 καὶ
3243 4918 3650 4987 πρεσϐυτέρους
3677 4919 3770 4970 καὶ
3796 4919 3963 4969 τᾶλῖοα

2390 5015 2489 5082 τῆς
2538 5011 2859 5080 Ἐκκλησίας
2885 5010 3140 5082 τάγματα
3202 5010 3513 5080 ἐκπληρῶν.
3565 5011 3673 5063 Καὶ
3733 5011 3963 5062 ἐπισκό-

2396 5121 2534 5166 πους
2589 5103 2649 5156 δέ
2699 5120 2829 5155 ποτε
2885 5074 3227 5171 ἀπεκλήρου,
3293 5105 3451 5171 είπερ
3511 5103 3647 5166 τέως
3698 5104 3963 5171 ὁμοδόξων

2394 5198 2709 5249 ἐπισκόπων
2763 5196 3042 5265 ἐπέτυχεν.
3104 5190 3228 5248 Οἶον
3279 5195 3336 5247 δὲ
3381 5194 3601 5264 ἀνδρίας
3643 5196 3737 5248 καὶ
3785 5194 3962 5263 ψυχῆς

2394 5289 2647 5357 γενναίας
2667 5291 2928 5359 ἐχέγγυον
2956 5289 3290 5352 ἐπεδείξατο,
3318 5287 3630 5348 κελευσθεὶς
3669 5286 3767 5356 τὴν
3818 5287 3963 5356 θρᾴ-

2394 5400 2500 5450 κην
2534 5383 2879 5446 καταλαϐεῖν,
2904 5382 2964 5432 οὐ
2994 5381 3151 5448 θέμις
3200 5381 3420 5448 δοθῆναι
3458 5382 3604 5449 σιγῇ.
3671 5380 3822 5431 Ἐπεὶ
3856 5382 3963 5449 γὰρ

2397 5474 2518 5526 ὁτὸ
2577 5474 2814 5542 γράμμα
2879 5472 3121 5541 κομίζων
3168 5472 3296 5538 περὶ
3351 5470 3531 5540 δείλην
3593 5465 3729 5541 ἧκεν
3784 5469 3963 5537 ὀψίαν,

2394 5567 2554 5635 σιγᾷν
2582 5565 2719 5627 τέως
2746 5567 3039 5635 ἐπέτρεπε,
3062 5564 3159 5617 καὶ
3204 5564 3305 5633 τὴν
3338 5563 3435 5633 τῆς
3466 5563 3704 5631 ἀφίξεως
3735 5563 3938 5631 ἐπικρύ

2395 5675 2550 5710 πτειν
2605 5658 2811 5711 αἰτίαν.
2851 5675 2869 5707 ι
2918 5657 2977 5708 Ei
3030 5656 3162 5725 γὰρ,
3223 5656 3378 5724 φησὶ,
3435 5657 3496 5707 τὸ
3541 5654 3746 5719 πλῆθος
3784 5654 3964 5724 γνοίη,

2395 5750 2691 5822 θερμότητι
2721 5750 2885 5822 ζήλου
2920 5751 3258 5819 κινούμενον,
3284 5752 3370 5802 σοὶ
3422 5749 3522 5819 μὲν
3583 5747 3745 5810 εὐθὺς
3800 5746 3965 5800 θάνα-
