4288 6438
284 437 391 495 ίὶ23

284 565 374 605 τος
406 546 599 613 ἕψεται
632 560 644 572 ·
676 542 785 607 ἐγὼ
814 540 867 592 δὲ
891 541 987 601 τὰς
1006 538 1157 598 δίκας
1186 537 1343 588 δώσω
1403 536 1499 603 τῆς

290 640 514 708 ρέσεως.
562 657 579 687 ι
612 632 783 687 Ταῦτ’
817 629 1007 691 εἰπὼν,
1042 629 1185 680 κατὰ
1220 627 1442 694 πρώτην
1478 622 1733 689 εἰσϐολὴν
1764 620 1862 689 τῆς

286 729 503 791 νυκτὸς,
541 725 664 801 μεθ’
694 724 811 786 ἐνὸς
862 721 1076 773 οἰκέτου
1136 716 1317 782 ἐξιὼν,
1355 716 1513 783 μόνος
1566 712 1811 773 ἐϐάδιζεν
1848 725 1862 740 ο

285 822 391 876 δ’δ’
414 822 599 875 εἰπετο
633 814 1072 886 προσκεφάλαιον
1130 812 1290 879 μόνον
1320 810 1411 860 καὶ
1475 806 1678 874 βιϐλίον
1710 806 1736 855 6
1781 802 1866 853 θει

291 916 485 982 ράπων
518 910 937 977 ἐπιφερόμενος.
989 904 1128 973 Πρὸς
1162 903 1218 955 δὲ
1256 902 1353 971 τὴν
1402 899 1567 968 ὄχθην
1617 896 1709 950 τοῦ
1765 895 1868 946 Εὑ-

289 1007 499 1076 ςράτου
539 1002 831 1070 γενόμενος
863 1015 879 1030 ⁸
910 998 1070 1050 δίεισι
1100 994 1156 1048 δὲ
1188 997 1215 1046 6
1254 991 1499 1060 ποταμὸς
1521 991 1612 1042 τὸν
1646 987 1870 1056 περίϐο-

288 1096 498 1149 λοντοῦ
532 1099 724 1154 ἄστεος
759 1091 1053 1162 περιθέων,
1123 1089 1250 1139 ἔνθα
1278 1086 1374 1139 καὶ
1405 1085 1495 1136 τὸν
1531 1084 1699 1151 πόρον
1728 1081 1870 1149 ἔχειν

288 1192 557 1257 λέγεται·
618 1187 814 1247 ἐπιὸἀς
876 1183 1072 1246 ἁλιὰδι,
1138 1182 1229 1233 ἐπὶ
1286 1180 1346 1231 τὸ
1402 1177 1575 1247 πέραν
1629 1173 1873 1226 ἐλαύνειν

294 1281 412 1339 τοῖς
471 1278 687 1346 ἐρέταις
749 1273 1095 1326 ὲνεκελεύετο
1143 1270 1272 1338 περὶ
1316 1269 1409 1321 τὸν
1442 1307 1455 1329 ,
1511 1268 1569 1327 ὃς
1625 1264 1874 1316 καλεῖται

292 1370 542 1437 Ζεῦγμα.
578 1368 685 1420 Καὶ
715 1369 742 1419 ὁ
771 1366 870 1434 μὲν
902 1364 991 1434 ᾔει
1040 1362 1136 1415 τοῦ
1164 1362 1353 1433 πρόσω
1374 1375 1387 1390 ⁸
1434 1358 1768 1425 Σαμοσατεῖς
1820 1354 1875 1407 δὲ

293 1465 513 1529 γνόντες
543 1460 602 1511 τὸ
633 1460 840 1527 δρᾶμα,
872 1457 1129 1525 ὀδυρμοῖς
1181 1453 1276 1506 καὶ
1334 1452 1597 1520 δάκρυσιν
1646 1448 1875 1517 εἴχοντο.

296 1558 409 1609 Καὶ
438 1554 633 1606 αὐτίκα
690 1549 961 1618 πλήρηςδ
1006 1546 1173 1617 πόρος
1235 1546 1344 1596 τῶν
1385 1541 1731 1612 ἐμπλεόντων
1786 1535 1876 1611 ἦν.

309 1651 399 1709 Ὠς
429 1649 487 1700 δὲ
521 1647 670 1714 μόλις
718 1642 1038 1702 κατέλαϐον,
1063 1639 1294 1695 ἐπιπολὺ
1330 1636 1389 1689 τὸ
1426 1635 1606 1705 ῥόθιον
1667 1633 1880 1701 διατρέ-

298 1736 931 1807 χοντες,δεδακρυμένοι
983 1731 1205 1793 πάντες,
1267 1726 1474 1778 πείθειν
1536 1723 1878 1792 ἐπεχείρουν,

302 1833 377 1897 μὴ
408 1832 518 1888 τοῖς
555 1827 739 1901 λύκοις
796 1823 1104 1895 προδιδόναι
1146 1820 1213 1872 τὰ
1267 1816 1539 1887 πρόϐατα.
1613 1812 1766 1865 Ἐπεὶ
1824 1810 1881 1864 δὲ

1214 420 1814 485 ΕίῖϐΙΕὲῑΛΞΤΙιᾊίΕ
1857 416 2239 476 ΗΙΒΊᾺΠΗᾸΞ
2285 412 2425 471 LIB.
2474 409 2579 467 Xl.

1556 533 1652 599 σῆς
1710 532 1861 581 ἀναι-
1894 536 1934 588 Α
1969 526 2282 579 terirvmns.
2337 520 2471 572 Cum
2505 519 2549 568 is
2575 530 2666 583 qm
2700 511 2877 564 exsilii
2913 507 3155 562 liiellum
3203 503 3270 557 ab
3297 502 3501 567 impera

3430 392 3537 450 63$

1975 628 2091 671 tore
2136 614 2429 672 allcrcbat,
2482 609 2626 661 circa
2672 602 3059 670 crepusculum
3094 596 3442 655 advenisset,
3481 599 3543 641 ut

1975 710 2175 762 tacitus
2213 714 2391 765 esset,
2444 712 2773 766 «visamque
2806 696 3074 748 adventus
3120 689 3204 743 sui
3244 690 3541 755 premeret,

1974 813 2099 852 eum
2134 794 2416 849 admonuit
2450 791 2552 859 (l).
2595 808 2611 839 ι
2654 788 2708 842 Si
2737 785 2881 839 enim
2906 826 2919 847 ,
2960 781 3172 848 inquit,
3210 779 3313 830 hoc
3359 772 3545 824 multi-

1977 892 2110 946 tudo
2154 888 2474 943 resciverit.
2524 881 2722 935 ardore
2766 876 2866 931 zeli
2918 874 3187 932 excitata,
3238 878 3289 919 te
3322 862 3544 932 quidem

1976 984 2069 1037 illa
2104 981 2288 1035 statim
2333 974 2587 1034 necabit,
2636 983 2720 1021 me
2756 978 2937 1021 antem
2990 960 3154 1017 etedis
3203 958 3321 1025 ejus
3354 967 3545 1021 pinnas

1974 1076 2127 1129 luere
2172 1068 2469 1137 oportebit.
2510 1084 2525 1117 ι
2563 1063 2687 1117 Haec
2736 1060 2825 1112 ubi
2876 1055 3142 1111 dixisset.
3195 1048 3259 1101 ad
3308 1045 3539 1112 primam

1978 1167 2174 1226 facem,
2206 1162 2370 1215 unico
2400 1158 2638 1213 servulo.
2670 1152 2763 1221 qui
2795 1146 3028 1203 cervical
3058 1153 3268 1198 tantum
3296 1146 3351 1193 et
3381 1134 3540 1190 libel-

1977 1260 2089 1313 lum
2127 1268 2313 1310 secum
2366 1250 2606 1309 ferebat,
2645 1244 2972 1303 comitatus,
3012 1237 3163 1291 solus
3205 1248 3264 1287 se
3305 1231 3361 1283 in
3393 1227 3541 1280 viam

1980 1349 2171 1404 dedit:
2212 1354 2376 1412 atque
2414 1341 2506 1394 ubi
2553 1337 2619 1391 ad
2670 1333 2970 1403 Euphratis
3020 1328 3192 1395 ripam
3217 1323 3403 1383 venit,
3451 1318 3545 1387 qui

1984 1440 2137 1493 urbis
2162 1440 2283 1504 ejus
2320 1432 2520 1487 mmnia
2550 1425 2976 1498 praeterlabitur,
3014 1420 3104 1474 ubi
3139 1418 3304 1472 etiam
3336 1412 3549 1466 transi—

1985 1540 2098 1584 tum
2132 1530 2333 1582 habere
2361 1526 2579 1582 dicitur,
2610 1518 2958 1588 piscatoriam
2985 1508 3311 1567 conscendit
3340 1505 3548 1563 navim.

1984 1632 2039 1676 et
2074 1620 2306 1686 remiges
2353 1617 2406 1669 in
2457 1614 2631 1681 ripam
2680 1610 2908 1663 alteram
2955 1619 3079 1657 eum
3126 1602 3307 1655 locum
3357 1608 3553 1650 vorsus

1986 1713 2079 1782 qui
2129 1712 2366 1780 Zeugma
2409 1710 2763 1765 nominatur,
2812 1698 3087 1769 appellere
3138 1693 3323 1763 jussit.
3376 1691 3554 1752 Atque

1984 1806 2076 1859 ille
2120 1803 2343 1872 quidem
2388 1800 2467 1853 sic
2506 1806 2591 1850 est
2652 1793 2953 1863 profectus.
3005 1790 3072 1841 At
3114 1782 3459 1840 Samosateni
3499 1794 3555 1832 re

302 1872 377 1897 r“.
419 1872 518 1888 "-v
555 1872 736 1901 "1"",
802 1872 1063 1895 -τιν---νννί
1313 1872 1323 1887 ι

302 1921 475 1973 πολλὰ
502 1922 753 1987 λέγοντες
773 1916 985 1970 πείθειν
1011 1914 1111 1967 οὐκ
1141 1907 1291 1980 εἶχον
1323 1910 1404 1978 (τὸ
1433 1908 1541 1976 γὰρ
1597 1905 1882 1959 ἁποστολιυ
1917 1896 1960 1955 Β
1988 1918 1995 1947 ι

1862 1934 1882 1947 -
1917 1896 1960 1955 Β
1988 1898 2239 1966 cognita.
2288 1894 2343 1946 in
2385 1890 2639 1959 lacryntis
2684 1896 2741 1941 et
2783 1886 2933 1938 luctu
2980 1894 3135 1942 esse,
3178 1876 3233 1931 et
3264 1872 3555 1929 confestim

2386 1984 2396 1987 -
2541 1981 2572 1987 ..
2789 1978 2799 1987 .
2874 1975 2883 1985 .
3239 1965 3549 1987 unum,“

303 2017 606 2069 κδνθεκεῖνο
641 2010 1036 2081 προύϐάλλετο,
1081 2009 1278 2077 ἀρχαῖς
1310 2006 1405 2057 καὶ
1444 2001 1715 2066 ἐξουσίαις
1755 2001 1878 2051 ὐπο-

300 2111 646 2176 τάσσεσθαι)’
680 2111 705 2160 6
736 2107 835 2176 μέν
862 2105 1021 2166 ἀλλος
1054 2102 1183 2156 ἄλλο
1226 2119 1277 2153 τι
1311 2099 1533 2169 χρυσίον
1572 2095 1671 2148 καὶ
1720 2092 1884 2161 ἐσθῆ-

301 2222 370 2256 τα
393 2204 489 2257 καὶ
520 2203 737 2261 οἰκέτας
765 2199 839 2262 ὡς
868 2196 963 2250 ἐπὶ
984 2198 1142 2265 ξένης
1204 2193 1496 2261 ἀπαίροντι
1555 2186 1833 2258 προσῆγον
1865 2199 1880 2214 ⁸

302 2301 333 2351 6
366 2296 423 2349 δέ
461 2295 771 2360 τάναγκαῖα
822 2291 976 2359 παρὰ
1014 2289 1121 2341 τῶν
1185 2284 1627 2354 γνωριμωτέρων
1682 2277 1885 2342 λαϐὼν,

302 2391 426 2450 ταῖς
466 2388 651 2454 εὐχαῖς
687 2402 744 2436 τε
782 2382 1115 2442 καθοπλίσας
1145 2383 1218 2442 ὡς
1246 2379 1349 2445 δεῖ,
1377 2379 1471 2430 καὶ
1535 2374 1644 2428 τῶν
1704 2389 1887 2441 παρα-

302 2477 606 2544 δεδομένων
639 2473 886 2543 ἁκριδῶς
943 2472 1160 2540 ἔχεσθαι
1202 2466 1619 2538 παρεγγυήσας,
1660 2463 1753 2515 ἐπὶ
1794 2461 1888 2513 τὸν

308 2576 523 2641 Ἱετρον
554 2571 843 2622 διέόαινεν.
882 2567 944 2619 Oi
976 2565 1020 2618 δ’
1079 2563 1377 2633 ἀχθόμενοι
1401 2563 1461 2613 τὸ
1514 2560 1646 2612 ἄστυ
1708 2573 1890 2609 κατει-

305 2663 560 2731 ληφότες,
588 2662 797 2728 ἕτοιμοι
829 2657 967 2728 πρὸς
1002 2656 1103 2724 τὴν
1160 2654 1268 2706 τῶν
1323 2652 1504 2703 λύκων
1566 2646 1890 2718 συμπλοκὴν

303 2753 450 2827 ἦταν
484 2769 498 2782 ’
537 2752 700 2806 καλὸν
734 2750 842 2821 γὰρ
875 2751 969 2802 καὶ
1023 2746 1203 2800 αὐτῶν
1254 2746 1462 2797 ἐκεῖνον
1486 2744 1576 2794 τὸν
1613 2742 1751 2808 ὑπὲρ
1794 2737 1890 2791 τού

308 2847 477 2901 καλοῦ
513 2846 675 2916 ζῆλον
708 2841 1139 2911 ἐκδιηγήσασθαι
1174 2852 1189 2870 ’
1224 2837 1431 2891 ἀδικεῖν
1488 2836 1593 2902 γὰρ
1659 2831 1888 2900 νομίσω,

307 2945 357 2992 εἰ
391 2941 465 3010 μὴ
495 2940 553 2995 τὸ
578 2936 780 3007 θερμὸν
809 2938 901 2987 καὶ
931 2931 1235 3003 ἀκραιφνὲς
1287 2928 1467 2981 αὐτῶν
1512 2926 1611 2995 τῆς
1656 2924 1891 2983 πίστεως

309 3028 622 3099 παραδώσω
656 3028 721 3097 τῇ
762 3025 971 3093 μνήμῃ.
1012 3022 1099 3083 Ὧς
1130 3020 1241 3090 γὰρ
1268 3019 1314 3069 ol
1347 3016 1446 3085 τῆς
1498 3014 1714 3082 Ἀρείου
1748 3027 1891 3080 συμ-

314 3120 536 3188 μορίας,
573 3116 700 3178 ὅλας
728 3112 1026 3183 ἐκκλησίας
1079 3110 1188 3162 τῶν
1233 3107 1512 3175 ποιμένων
1569 3098 1896 3171 γυμνώσαν-

310 3229 424 3274 τες,
460 3211 665 3261 καὶέπὶ
694 3205 988 3274 Σαμόσατα
1036 3201 1221 3269 ἕτερον
1272 3196 1386 3251 ἀντ’
1445 3195 1730 3257 Εὑσεὸίου,
1793 3192 1895 3243 Εὐ-

313 3306 503 3373 νόμιον
539 3300 735 3368 ὄνομα,
770 3298 1166 3364 ἀντεισήγαγον
1196 3310 1210 3323 ο
1244 3290 1416 3352 οὐδεὶς
1446 3289 1554 3341 τῶν
1616 3286 1896 3348 ἁπάντων,

313 3401 377 3450 ου
436 3397 627 3463 πένης,
684 3393 744 3445 οὺ
801 3389 1079 3449 πλούσιος,
1140 3387 1197 3439 ού
1252 3386 1388 3448 νέος,
1447 3382 1507 3433 οὐ
1565 3376 1896 3448 πρεσδύτης,

316 3491 510 3551 ἁπλῶς
533 3489 709 3549 οὐδεὶς
732 3486 898 3553 φάναι
946 3484 1025 3544 είς
1062 3481 1162 3550 τὴν
1201 3475 1499 3547 ἐκκλησίαν
1552 3474 1746 3544 εἰσῄει,
1795 3469 1905 3522 ὦσ-

323 3581 518 3657 περῆν
554 3582 675 3645 ἔθος
704 3598 720 3613 ο
754 3580 910 3650 μόνος
931 3575 975 3629 δ’
1021 3576 1228 3635 ἐκεῖνος
1276 3571 1352 3642 τῷ
1406 3567 1743 3634 ἐπισκοπείῳ
1788 3564 1903 3631 διῆ-

321 3699 447 3750 γεν,
471 3679 685 3739 οὐδενὸς
718 3675 883 3729 αὑτὸν
911 3673 1026 3725 οὔθ’
1070 3669 1328 3739 δρῶντος,
1358 3663 1479 3717 οὕτε
1535 3663 1596 3715 τὸ
1641 3660 1902 3731 παράπαν

322 3778 487 3844 λόγον
545 3768 946 3841 μεταδιδόντος.
1014 3764 1211 3819 Καίτοι
1282 3760 1445 3829 φασὶν
1512 3755 1675 3809 αὐτὸν
1728 3753 1905 3813 ἄλλως

318 3866 544 3935 ἐπιεικῆ
573 3882 630 3917 τε
656 3864 786 3916 ὄντα
818 3862 911 3914 καὶ
940 3861 1161 3929 μέτριον
1191 3870 1204 3884 °
1238 3855 1334 3908 καὶ
1370 3850 1527 3904 τοῦτο
1549 3846 1899 3916 παρίστησιν.
1952 3906 1957 3911 ἢ

335 3961 559 4030 Ἐπειδὴ
582 3959 689 4029 γὰρ
717 3961 796 4018 είς
818 3954 1078 4024 δημόσιον
1106 3948 1207 4020 ἧκε
1260 3948 1507 4016 λουτρὸν,
1539 3943 1647 3995 τῶν
1679 3936 1906 3994 οἰκετῶν

323 4052 774 4121 ἐγκλεισαμένων
806 4050 901 4109 τὰς
933 4043 1121 4113 θύρας,
1153 4039 1359 4109 πλῆθος
1412 4039 1517 4106 πρὸ
1574 4034 1684 4086 τῶν
1728 4030 1905 4099 θυρῶν

327 4146 553 4200 ἑστάναι
592 4139 804 4212 μαθὼν,
838 4138 948 4199 τοῖς
973 4136 1211 4193 οίκέταις
1248 4128 1403 4193 αὖθις
1441 4127 1783 4181 ἀναπετάσαι
1810 4125 1906 4185 τὰς

328 4239 504 4305 θύρας
559 4234 654 4287 τοῦ
712 4229 998 4302 βαλανείου
1042 4224 1406 4285 ἐνεκελεύετο,
1462 4222 1554 4273 καὶ
1602 4216 1768 4279 ἀδεῶς
1815 4215 1907 4267 τοῦ

326 4327 558 4397 λουτροῦ
584 4327 860 4379 κοινωνεῖν
890 4322 967 4393 τῷ
1004 4319 1315 4389 βουλομένῳ
1358 4316 1648 4383 ἐπέτρεπε.
1686 4310 1759 4361 Τὸ
1793 4310 1909 4360 [σον

326 4424 387 4475 δὲ
420 4422 514 4475 καὶ
539 4422 596 4471 ἐν
621 4420 733 4480 τοῖς
756 4415 931 4475 θόλοις
970 4414 1116 4465 ἔνδον
1145 4410 1341 4462 ἐποίει.
1390 4406 1543 4458 Ἐπεὶ
1575 4403 1621 4456 δ’
1650 4403 1909 4473 εἰσῄεσαν

324 4531 477 4572 τινες
512 4514 603 4565 καὶ
634 4511 821 4578 κύκλῳ
861 4506 1209 4573 εἱστήκεσαν,
1241 4500 1606 4570 συμμετέχειν
1629 4496 1738 4547 τῶν
1786 4494 1909 4563 θερ-

328 4603 450 4672 μῶν
478 4601 688 4654 ὑδάτων
721 4594 1120 4665 προύτρέπετο.
1158 4591 1244 4651 Ὠς
1278 4590 1323 4641 δ’
1345 4589 1626 4655 ἱστάμενοι
1679 4584 1776 4636 καὶ
1827 4581 1906 4633 ἐτι

326 4688 489 4767 σιγὴν
519 4695 745 4768 ἤσκουν,
774 4689 938 4759 τιμὴν
960 4687 1057 4756 τὴν
1113 4683 1303 4735 στάσιν
1356 4677 1662 4742 ὑπολαϐὼν,
1720 4676 1916 4727 θᾶττον

328 4789 656 4846 καταλιπὼν
690 4786 750 4837 τὸ
798 4781 1024 4853 θερμόν,
1060 4776 1457 4845 ἀπηλλάττετο.
1512 4773 1572 4823 Οἱ
1611 4771 1665 4821 δὲ
1707 4783 1919 4836 συμμε-

324 4885 553 4953 τασχεῖν
586 4882 643 4933 τό
675 4877 822 4946 ὕδωρ
850 4873 943 4927 τοῦ
973 4873 1067 4942 τῆς
1094 4869 1358 4941 αἱρέσεως
1380 4868 1547 4933 ἄγους
1573 4862 1915 4935 νομίσαντες,

330 4981 518 5032 ἐκεῖνο
557 4974 654 5044 μὲν
686 4973 795 5033 τοῖς
828 4967 1126 5035 ὑπονόμοις
1175 4963 1391 5030 ἐξέχεον
1420 4976 1433 4989 θ
1480 4958 1671 5024 ἕτερον
1728 4954 1785 5005 δὲ
1823 4968 1918 5003 κε-

332 5072 629 5144 ράσαντες,
686 5059 1037 5118 ἀπελούοντο.
1088 5058 1155 5110 Ὀ
1198 5055 1263 5125 δὴ
1321 5051 1508 5123 μαθὼν
1560 5053 1587 5102 ὁ
1634 5048 1919 5113 Εὑνόμιος,

332 5135 502 5223 εὐθὺς
558 5160 659 5225 τὴν
719 5154 875 5207 πόλιν
926 5147 1123 5211 λιπὼν,
1178 5145 1363 5197 οἴκαδε
1408 5146 1516 5193 ίετο
1550 5154 1565 5169 °
1632 5137 1754 5190 λίαν
1804 5135 1913 5203 γὰρ

331 5250 567 5318 ἀνόητον
603 5244 740 5314 ᾤετο
770 5240 926 5293 πόλει
956 5233 1241 5305 δυσμενῶς
1266 5230 1463 5301 ἐχούσῃ
1490 5226 1683 5288 κοινῶς
1739 5238 1917 5292 παρα-

341 5316 533 5413 μένειν
552 5335 853 5407 αἱρεῖσθαι.
886 5331 996 5383 Καὶ
1035 5327 1179 5380 οὕτω
1214 5326 1311 5394 μὲν
1341 5325 1547 5381 ἐκεῖνος
1606 5317 1746 5370 ἑκὼν
1785 5316 1917 5367 ἁπεο

333 5435 509 5507 χώρει
530 5432 640 5485 τῶν
673 5426 1035 5497 Σαμοσάτων.
1061 5421 1125 5473 Οἱ
1146 5418 1192 5473 δ’
1235 5414 1504 5485 Ἀρειανοὶ
1534 5413 1724 5480 ἕτερον
1784 5424 1917 5477 προσ

334 5499 657 5587 ξαλλονται,
714 5518 946 5573 Λούκιον
999 5515 1192 5582 ὄνομα,
1250 5509 1413 5562 λύκον
1481 5505 1650 5566 ὅντως
1708 5504 1803 5555 καὶ
1855 5499 1917 5551 οὐ

331 5614 704 5689 ποιμένα.Τά
729 5631 794 5681 γε
823 5613 929 5681 μὴν
978 5607 1248 5677 πρόϐατα,
1300 5600 1505 5669 καίπερ
1552 5596 1785 5664 ποιμένα
1841 5590 1917 5660 μὴ

334 5719 581 5785 ἔχοντες,
609 5710 757 5778 ὅμως
791 5706 862 5758 τὰ
892 5702 1167 5771 ποιμένων
1227 5696 1421 5766 ἔδρων,
1481 5689 1680 5745 ἄσυλον
1728 5687 1917 5754 διατη-

414 5835 493 5900 (l)
524 5823 893 5900 Thcod.e0d.
922 5836 1059 5900 cap.
1080 5818 1167 5900 ιι,

1986 1989 2247 2056 trajectus
2276 1981 2663 2051 navigantibus
2688 1975 2913 2045 repleri.
2941 1973 3043 2029 Ubi
3072 1986 3203 2024 vero
3230 1983 3355 2023 eum
3384 1965 3554 2017 multa

1986 2088 2140 2149 parte
2164 2076 2313 2128 ﬂuvii
2341 2085 2560 2125 entcnsa
2586 2075 2715 2121 sunt
2738 2062 3041 2125 consecuti,
3065 2060 3346 2129 plorantes
3366 2067 3557 2107 omnes

1988 2170 2217 2225 suadere
2246 2168 2294 2220 ei
2346 2162 2776 2219 contenderunt,
2825 2171 2896 2208 ne
2930 2152 3077 2222 lupis
3109 2164 3242 2203 oves
3272 2145 3554 2216 proderet.

1988 2265 2093 2318 Sed
2129 2273 2412 2331 postquam
2456 2258 2627 2310 multa
2658 2254 2905 2306 dicentes
2928 2290 2941 2311 ,
2978 2261 3105 2301 cum
3139 2245 3193 2297 in
3222 2236 3557 2297 sententiam

1990 2372 2143 2411 suam
2205 2353 2476 2407 adducere
2548 2363 2655 2401 non
2717 2346 3015 2412 potuerunt
3074 2337 3222 2405 (nam
3295 2327 3560 2398 apostoli—

1990 2465 2114 2505 cnm
2187 2446 2323 2501 illud
2373 2445 2581 2498 dictum
2635 2440 2715 2493 eis
2762 2434 2990 2504 objecit,
3043 2423 3458 2497 magistratibus
3504 2428 3561 2471 et

1992 2542 2359 2613 potestatibus
2404 2536 2656 2591 subditos
2699 2529 2885 2595 esse);
2949 2524 3090 2578 alius
3121 2518 3342 2589 quidem
3389 2511 3561 2575 aliud,

1992 2648 2186 2689 aurum
2232 2631 2442 2685 scilicet
2481 2636 2535 2680 et
2576 2631 2785 2677 vestem
2830 2627 2886 2671 et
2913 2612 3146 2669 famulos
3177 2610 3226 2661 ei
3274 2608 3326 2660 in
3361 2616 3563 2658 terram

1994 2728 2232 2782 alienam
2264 2733 2321 2778 et
2356 2721 2713 2789 longinquam
2751 2706 3121 2783 proﬁciscenti
3164 2700 3403 2755 obtulit:
3448 2701 3564 2765 ipse

1993 2836 2125 2875 vero
2164 2814 2500 2872 necessariis
2539 2822 2751 2865 tantum
2793 2822 2821 2860 a
2861 2798 3309 2857 familiarissimis
3340 2792 3566 2862 quibus—

1995 2931 2102 2984 que
2133 2911 2372 2979 acceptis
2402 2908 2587 2969 rebus,
2618 2900 2933 2973 precatione
2958 2910 3051 2949 eos
3088 2895 3161 2946 ita
3195 2899 3250 2943 ut
3278 2883 3562 2943 convenit,

1998 2980 2260 3066 munivit,
2302 3010 2357 3056 et
2406 3007 2464 3053 ut
2501 2995 2806 3051 doctrinam
2857 2989 3113 3043 traditam
3167 2982 3461 3053 diligenter
3509 2980 3566 3025 ct

1997 3104 2255 3152 accurate
2291 3092 2616 3152 retinerent,
2650 3088 2901 3141 hortatus
2929 3088 3038 3145 est,
3072 3088 3128 3131 et
3158 3075 3237 3129 sic
3268 3071 3334 3125 ad
3366 3070 3569 3123 Istrum

2001 3205 2177 3261 usque
2231 3184 2532 3242 contendit.
2594 3180 2673 3233 llli
2729 3178 2936 3231 factum
2982 3171 3037 3224 id
3098 3180 3242 3233 a'gre
3300 3162 3564 3216 ferentes,

2004 3282 2099 3335 ubi
2132 3281 2184 3333 in
2220 3277 2412 3331 urbem
2442 3282 2572 3326 sunt
2606 3266 2837 3329 reversi,
2872 3262 3049 3335 parati
3079 3265 3238 3314 erant
3267 3268 3390 3307 cum
3426 3247 3569 3317 lupis

2002 3388 2196 3429 manus
2239 3361 2840 3430 conserere.‘A§quum
2887 3357 3035 3411 enim
3069 3360 3175 3413 est,
3220 3357 3281 3401 ut
3308 3345 3565 3399 ardorem

2001 3477 2056 3521 et
2080 3464 2257 3519 zelum
2289 3475 2507 3530 quoque
2538 3470 2755 3518 eorum,
2790 3458 3010 3521 propter
3040 3459 3154 3498 rem
3190 3442 3475 3494 honestam
3515 3441 3570 3485 ct

2004 3558 2325 3630 pulchram,
2366 3565 2657 3620 exponam.
2700 3547 2763 3600 Et
2805 3541 3049 3613 profecto
3090 3535 3346 3603 injuriatn
3379 3529 3458 3583 eis
3486 3540 3573 3578 me

2006 3653 2185 3705 lacere
2215 3646 2582 3701 existimarem
2606 3682 2619 3702 ,
2667 3639 2710 3693 si
2755 3653 2863 3690 non
2900 3634 3215 3702 ﬂagrantem
3262 3625 3479 3678 illorum
3517 3618 3573 3671 in

2006 3745 2112 3797 tide
2158 3741 2528 3794 sinceritatem
2564 3731 2844 3787 memoria:
2864 3722 3206 3797 posteritatis
3230 3715 3573 3771 mandarem.

2012 3835 2165 3906 14],
2198 3834 2335 3888 Nam
2370 3830 2484 3893 tibi,
2520 3826 2616 3896 qui
2659 3824 2774 3878 Arii
2823 3817 3081 3875 factionis
3111 3820 3304 3872 erant,
3338 3804 3576 3875 pastori-

2007 3928 2110 3981 bus
2137 3940 2204 3979 ex
2235 3919 2484 3976 ccclesiis
2510 3915 2769 3971 omnibus
2821 3907 3088 3978 expulsis,
3120 3903 3413 3956 Samosata
3439 3906 3577 3962 quo.

2008 4034 2115 4090 que
2167 4033 2266 4086 pro
2318 4010 2559 4069 Eusebio
2611 4005 2943 4063 Eunomium
2994 3996 3285 4068 quemdam
3333 3988 3579 4043 adduxe-

2010 4120 2177 4176 runt,
2230 4123 2391 4163 nemo
2444 4102 2730 4158 hominum
2786 4095 3032 4150 omnium
3078 4088 3164 4143 vel
3211 4097 3453 4155 pauper,
3491 4079 3579 4131 vel

2008 4204 2257 4277 locuples
2279 4243 2294 4267 ,
2329 4199 2415 4254 vel
2456 4197 2696 4267 juvenis,
2730 4190 2815 4245 vel
2848 4201 3040 4251 senex,
3075 4192 3239 4249 atque
3272 4185 3331 4230 ut
3362 4170 3573 4240 simpli-

2011 4300 2147 4353 citer
2164 4297 2363 4355 dicant,
2390 4304 2549 4345 nemo
2574 4298 2821 4358 prorsus,
2848 4284 2919 4335 ita
2943 4292 3003 4332 ut
3020 4291 3138 4331 mos
3159 4280 3263 4334 est,
3289 4265 3573 4323 ecclesiam

2011 4402 2094 4447 est
2143 4395 2440 4461 ingressus.
2494 4386 2614 4457 Ipse
2670 4394 2801 4432 vero
2851 4375 3003 4429 solus
3059 4371 3116 4424 in
3165 4361 3581 4433 episcopalibus

2012 4482 2224 4539 aedibus
2255 4487 2506 4533 versatus
2534 4482 2653 4536 est,
2685 4468 2905 4524 nemine
2937 4478 3063 4518 eum
3098 4458 3444 4526 respiciente.
3482 4461 3576 4505 aut

1940 4567 1981 4619 Ι)
2013 4574 2377 4631 conveniente
2405 4586 2418 4622 :
2451 4580 2576 4622 cum
2611 4562 2835 4632 quidem
2867 4559 2951 4612 vir
2985 4556 3261 4610 humanus
3302 4560 3357 4602 et
3389 4546 3547 4598 modo

2016 4674 2135 4726 stus
2176 4667 2345 4719 fuisse
2372 4662 2556 4714 dictus
2587 4662 2677 4713 sit.
2712 4652 2869 4718 Quod
2903 4650 3028 4704 inde
3059 4647 3196 4700 satis
3238 4651 3420 4713 patet;
3454 4654 3580 4691 cum

2013 4764 2159 4816 enim
2214 4761 2269 4812 in
2316 4754 2598 4825 publicum
2646 4753 2890 4803 venisset
2942 4742 3238 4803 balneum,
3288 4746 3344 4790 et
3390 4729 3579 4786 famuli

2013 4856 2162 4910 fores
2208 4847 2416 4904 lavacri
2472 4844 2837 4902 clausissent,
2883 4836 2976 4890 ubi
3029 4846 3128 4901 pro
3169 4828 3384 4882 foribus
3436 4834 3582 4876 stare

2016 4947 2285 5018 plurimos
2329 4936 2619 5009 cognovit,
2666 4928 2968 4990 ministris,
2997 4934 3057 4979 ut
3086 4936 3179 4976 eas
3210 4919 3582 4974 recluderent,

2017 5008 2298 5108 praecepit,
2355 5041 2522 5097 atque
2554 5034 2614 5079 ut
2640 5020 3011 5079 communiter
3035 5024 3093 5070 et
3116 5013 3309 5074 libere,
3341 5009 3435 5078 qui
3468 5008 3584 5060 vel-

2018 5132 2167 5192 lent,
2210 5123 2484 5180 lavatione
2532 5125 2843 5176 uterentur,
2892 5110 3017 5164 illos
3061 5102 3389 5160 admonuit:
3435 5099 3583 5166 quod

2022 5222 2211 5277 itidem
2259 5220 2313 5270 in
2364 5210 2617 5269 interiori
2649 5205 2895 5262 conclavi
2930 5202 3080 5255 fecit.
3111 5198 3287 5263 Atque
3322 5196 3413 5247 ubi
3448 5209 3585 5245 Iltm-

2023 5313 2156 5368 nulli
2187 5306 2414 5377 ingressi
2440 5319 2566 5359 eum
2592 5300 3099 5355 circumsteterunt.
3140 5297 3199 5342 ut
3232 5304 3334 5340 una
3366 5299 3487 5335 cunt
3517 5298 3586 5333 eo

2024 5408 2079 5459 itt
2105 5403 2299 5457 calidis
2328 5398 2489 5467 aquis
2512 5395 2784 5451 lavarent,
2815 5402 2910 5442 eos
2932 5393 3017 5439 est
3039 5382 3377 5436 cohortatus.
3410 5374 3584 5428 Crte-

2026 5513 2148 5551 rum
2176 5509 2301 5548 cum
2332 5492 2408 5545 illi
2432 5490 2511 5544 sic
2538 5495 2745 5541 stantes
2777 5485 3037 5538 tacerent,
3064 5475 3329 5527 honorem
3354 5466 3589 5521 statione

2026 5585 2297 5659 ejusmodi
2328 5582 2522 5638 haberi
2549 5579 2652 5633 sibi
2687 5587 2862 5635 ratus,
2896 5568 3147 5624 celeriter
3179 5574 3349 5630 aquas
3382 5555 3593 5611 calidas

2026 5680 2287 5750 reliquit,
2326 5687 2382 5732 et
2411 5673 2566 5729 abiit.
2593 5670 2661 5724 At
2701 5667 2782 5723 illi
2816 5678 2985 5733 aquas
3024 5660 3141 5729 ejus
3168 5652 3439 5724 piaculum
3477 5648 3597 5705 Ιιεκηι

416 5868 493 5972 ill
525 5901 664 5957 l‘lin.
698 5897 791 5951 lib.
830 5910 880 5963 ν,
913 5912 958 5947 ι’.
991 5868 1085 5947 ’Ξιι
1127 5888 1419 5945 Pulchrum
1462 5880 1771 5952 exemplum
1803 5877 1901 5947 τῆς
1942 5868 2287 5941 πειθαρχίας.
