4288 6438
731 358 840 418 635

1959 373 2374 432 NICEPHORI
2416 371 2757 433 CALLISTI

3882 364 3991 430 6’36

736 472 870 525 resis
915 476 1253 530 contraxisse
1303 476 1715 541 existimantes,
1763 494 1859 547 per
1895 482 2185 534 cuniculos
2208 495 2304 532 eas
2332 487 2377 541 Α
2409 496 2429 548 ρ

2303 519 2304 524 η
2332 487 2377 541 Α
2409 479 2627 548 ροῦντες
2654 480 2713 528 τδ
2746 477 2923 545 δόγμα
2947 476 3044 544 τῆς
3074 474 3330 535 πίστειιις.
3372 473 3513 524 Ἀλλ’
3542 473 3689 533 ὅπως
3738 473 3833 525 καὶ
3860 474 3996 526 τοῦ·

731 566 1056 627 emiserunt.
1091 578 1252 635 atque
1285 570 1409 624 aliis
1456 571 1716 624 immissis
1757 571 2030 625 lavarunt.
2074 573 2130 626 Id
2170 588 2302 626 vero

733 668 1022 723 postquam
1060 658 1361 715 Ennomitts
1393 666 1668 731 cognovit.
1706 665 1889 716 statim
1925 664 2058 716 urbe
2089 663 2299 727 relicta,

734 748 957 801 domum
985 762 1066 803 est
1094 766 1346 805 reversus
1380 771 1391 805 ι
1422 756 1645 808 stultum
1674 771 1795 809 esse
1823 766 1991 817 ratus.
2025 757 2075 808 in
2104 770 2167 809 ea
2191 770 2306 808 ma-

736 854 865 892 nere
910 841 1063 901 urbe.
1110 859 1232 910 qure
1281 846 1501 911 publico
1533 856 1590 900 ct
1621 848 1900 899 connnuni
1947 849 1998 899 in
2043 862 2167 899 eum
2207 844 2304 898 ﬂa-

736 941 918 1000 graret
968 935 1133 987 odio.’
1171 938 1348 1005 Atque
1407 940 1478 991 ita
1541 939 1629 992 ille
1684 939 1903 1007 quidem
1958 954 2055 991 sua
2110 947 2304 1005 sponte

737 1023 1038 1078 Samos'atis
1068 1026 1341 1082 discessit.
1371 1029 1555 1083 Ariani
1584 1040 1764 1083 autem
1793 1031 1960 1083 alium
1991 1044 2056 1083 eo
2082 1030 2303 1092 misere,

740 1116 969 1169 Lucium
1019 1122 1279 1182 nomine,
1323 1122 1509 1188 lupum
1561 1138 1793 1185 revera,
1840 1139 1946 1174 nnn
2003 1129 2302 1189 pastorem.

740 1212 805 1260 At
858 1223 989 1262 oves
1042 1213 1258 1265 tametsi
1320 1223 1595 1281 pastorem
1656 1230 1762 1267 non
1831 1216 2130 1276 haberent;
2184 1229 2307 1281 quit:

743 1316 928 1356 tamen
966 1314 1245 1370 pastorum
1278 1316 1426 1369 sunt,
1460 1306 1588 1359 tidei
1624 1306 1822 1375 dogma
1857 1317 2064 1359 sartum
2099 1316 2303 1358 tectum

741 1405 1171 1457 conservantes.
1216 1397 1414 1451 fecere.
1464 1400 1636 1452 Porro
1679 1407 1948 1467 quantum
1993 1397 2307 1452 Samosate-

741 1501 938 1539 norum
992 1497 1047 1539 et
1100 1488 1151 1541 in
1191 1490 1337 1541 hunc
1387 1490 1575 1543 odium
1625 1491 1824 1553 fuerit,
1876 1490 2001 1542 inde
2051 1489 2302 1557 liquebit.

743 1580 901 1631 I’ueri
944 1580 1164 1647 quidam
1203 1582 1367 1649 pilam
1412 1583 1555 1634 inter
1592 1598 1649 1634 se
1694 1583 2043 1648 impellentes
2083 1582 2135 1633 in
2186 1582 2306 1635 foro

738 1670 1020 1729 ludebant.
1052 1680 1109 1723 et
1140 1671 1342 1726 Lucius
1387 1674 1721 1739 praeteribat.
1754 1672 1968 1726 Accidit
2002 1687 2207 1734 autem,
2245 1680 2307 1725 nt

741 1762 922 1821 pilaex
944 1762 1223 1831 cujusdam
1256 1764 1409 1830 pueri
1439 1764 1689 1815 manibus
1717 1764 2006 1825 excideris,
2028 1779 2127 1832 per
2148 1764 2307 1816 ninia:

2413 571 2619 622 τον²διὰ
2672 570 2865 637 μίσους
2924 565 3088 636 εἶχον,
3141 565 3389 619 ἐντεῦθεν
3442 567 3596 617 ἔσται
3654 565 3979 632 κατάδηλον.

2406 663 2681 729 Μείρακές
2713 678 2862 723 τινες
2893 660 2996 712 ἀνὰ
3024 659 3123 730 τὴν
3165 659 3374 725 ἀγορὰν
3412 658 3720 720 παίζοντες,
3752 659 3994 725 σφαῖραν

2405 754 2656 821 ἀλλήλοις
2707 752 3097 821 ἀντέπεμπον·
3144 751 3237 803 τοῦ
3293 751 3349 803 δὲ
3385 750 3618 803 Λουκίου
3676 749 3991 818 παριόντος,

2408 845 2608 913 συνέϐη
2641 844 2739 914 τὴν
2769 847 3007 912 σφαῖραν
3034 844 3142 894 τῶν
3202 858 3345 901 τινος
3398 840 3604 891 παίδων
3654 841 3751 908 τῆς
3803 839 3991 907 χειρὲς

2419 935 2786 998 ἐκπεσοῦσαν,
2819 935 2905 988 διὰ
2953 935 3062 987 τῶν
3110 934 3209 1001 τῆς
3263 933 3487 1002 ἡμιόνου
3536 930 3709 983 ποδῶν
3738 930 3990 994 διελθεῖν,

2406 1022 2670 1099 ᾖέποχος
2725 1022 2793 1097 ἦν
2858 1026 3114 1087 Λούκιος.
3168 1026 3231 1078 Οἱ
3283 1023 3329 1076 δ’
3381 1023 3746 1088 ἀνωλόλυξαν,
3798 1023 3992 1092 μίσους

2406 1119 2631 1188 ἔμτ.λεω
2680 1121 3020 1185 καταστῆναι
3073 1119 3169 1187 τὴν
3233 1119 3477 1187 σφαῖραν
3525 1116 3867 1185 νομίσαντες.
3928 1113 3992 1165 Ὀ

2404 1212 2460 1264 δὲ
2489 1213 2589 1281 τὴν
2618 1211 2744 1281 βοὴν
2764 1210 2993 1279 ἀγνοῶν,
3018 1210 3097 1262 ἑνὶ
3137 1208 3245 1261 τῶν
3280 1206 3599 1261 ἀκολούθων
3652 1206 3989 1276 προσέταττε

2411 1306 2607 1373 μικρὸν
2674 1306 3009 1373 παραμεῖναι
3063 1304 3156 1356 καὶ
3222 1300 3518 1369 διαγνῶναι
3577 1299 3637 1350 τὸ
3688 1295 3989 1366 δρώμενον.

2409 1397 2471 1447 Οἱ
2497 1396 2553 1448 δὲ
2604 1395 2795 1456 παῖδες
2851 1395 2961 1464 πῦρ
3013 1393 3344 1462 ἁνάψαντες,
3402 1390 3502 1461 τὴν
3559 1391 3799 1458 σφαῖραν
3845 1387 3991 1438 ἔνδον

2408 1486 2716 1556 ἠκόντιζον,
2748 1487 3056 1557 δκαθαίρειν
3110 1485 3253 1538 οὓτω
3285 1484 3379 1536 τοῦ
3426 1483 3593 1550 ἄγους
3646 1479 3989 1550 βουλόμενοι.

2409 1579 2517 1630 Καὶ
2540 1580 2905 1647 μειρακιῶδες
2941 1581 3040 1647 μὲν
3072 1580 3201 1640 ἴσως
3218 1577 3377 1630 τοῦτο
3406 1590 3421 1605 ·
3455 1578 3604 1643 ὅμως
3648 1572 3833 1625 ἱκανόν
3872 1572 3991 1622 ἐστι

2407 1669 2579 1735 δεῖξαι
2608 1670 2735 1721 ὅσον
2778 1672 2811 1740 ἡ
2864 1670 3016 1731 πόλις
3075 1669 3213 1739 αὐτη
3261 1670 3521 1737 ἔντροφον
3564 1663 3675 1735 εἶχε
3716 1665 3777 1715 τὸ
3836 1667 3993 1731 μῖσος

2414 1762 2547 1828 πρὸς
2579 1763 2705 1823 τοὺς
2734 1763 2796 1814 τὸ
2821 1762 2997 1830 δόγμα
3028 1761 3127 1830 τῆς
3154 1761 3391 1821 πίστεως
3426 1759 3741 1829 ᾑρημένους
3811 1770 3993 1823 παρα-

736 1854 854 1917 eius
908 1868 1012 1919 qua
1071 1852 1273 1905 Lucius
1342 1852 1681 1915 vehebatur,
1745 1854 1913 1920 pedes
1969 1854 2300 1906 volveretur.
2333 1824 2429 1920 Β)

2289 1893 2300 1905 .
2333 1824 2382 1892 ,Β
2414 1851 2727 1920 χαράττειν.
2768 1851 2826 1903 Ὀ
2876 1850 2932 1903 δὲ
2993 1851 3220 1913 Λούκιος
3270 1850 3331 1902 οὐ
3366 1849 3503 1901 κατὰ
3560 1848 3652 1900 τὸν
3715 1846 3982 1913 Εὐνῦμιον

738 1944 915 2010 Atque
971 1943 1046 1994 illi
1102 1944 1366 1996 ululatum
1431 1946 1707 2013 ingentem
1770 1944 2032 2006 edidere,
2089 1945 2306 2011 piaculo

742 2037 907 2104 pilam
961 2038 1223 2105 repletam
1283 2054 1404 2091 esse
1459 2038 1686 2107 opinati.
1743 2038 1946 2091 Lucius
2005 2042 2304 2092 clamorem

738 2141 866 2178 eum
901 2141 1007 2178 noa
1039 2126 1370 2195 intelligens,
1400 2142 1466 2180 ex
1493 2128 1784 2181 comitibus
1809 2128 2101 2189 quemdam
2131 2130 2300 2196 pauli-

738 2232 867 2284 Sper
894 2217 966 2270 ibi
995 2233 1240 2282 manere,
1260 2228 1315 2271 et
1342 2234 1455 2271 rem
1481 2219 1649 2286 ipsam
1671 2220 1982 2287 perspicere
2008 2220 2170 2290 jussit
2198 2221 2304 2289 (ι).

742 2310 807 2362 Et
840 2324 969 2363 ecce
1018 2311 1171 2377 pueri
1221 2326 1316 2379 per
1362 2326 1652 2364 accensum
1700 2312 1912 2380 ignem,
1960 2313 2195 2366 lustrare
2234 2313 2305 2366 ita

734 2400 1015 2467 piaculum
1065 2402 1345 2467 volentes,
1400 2403 1562 2470 pilam
1608 2403 1883 2472 jecerunt.
1937 2404 2152 2458 Puerile
2180 2404 2308 2480 ,hoc

736 2492 959 2558 quidem
1000 2491 1245 2562 fortasse
1269 2534 1283 2557 ,
1310 2494 1444 2546 satis
1476 2503 1657 2546 tamen
1693 2495 1949 2549 idoneum
1972 2536 1986 2556 .
2029 2496 2176 2564 quod
2206 2497 2307 2550 de-

739 2594 1045 2646 monstret,
1095 2600 1256 2651 quam
1292 2594 1551 2638 constans
1595 2587 1789 2641 civitas
1836 2602 1899 2640 ea
1946 2588 2134 2641 odium
2179 2603 2306 2657 erga

736 2690 832 2727 vos
867 2674 1157 2734 habuerit,
1197 2675 1290 2743 qui
1333 2675 1456 2727 [irlei
1492 2675 1799 2729 doctrinam
1849 2676 2149 2747 depravare
2184 2679 2306 2732 ausi

738 2768 991 2821 tuissent.
1031 2766 1187 2835 142
1230 2766 1485 2819 Sedenim
1534 2766 1739 2820 Lucius
1790 2784 1897 2821 non
1934 2784 2000 2822 eo
2054 2784 2164 2837 quo
2199 2768 2306 2822 Eu-

746 2860 981 2921 nomius,
1014 2861 1119 2913 fuit
1149 2860 1354 2912 animo.
1400 2860 1598 2914 Verum
1634 2861 1984 2914 suasionibus
2018 2864 2133 2916 suis
2163 2862 2308 2931 apud

748 2954 1097 3023 magistratus
1133 2962 1340 3006 tantum
1371 2951 1571 3018 eﬂ‘ecit,
1602 2963 1661 3005 ut
1695 2969 1724 3006 e
1756 2969 1913 3007 sacro
1948 2955 2139 3007 ordine
2172 2954 2309 3007 mul-

744 3055 829 3097 tos
859 3046 1081 3112 quidem
1116 3045 1251 3098 urbe
1276 3046 1559 3115 exigerent
1590 3066 1602 3099 :
1640 3046 1733 3114 qui
1770 3062 1900 3100 vero
1929 3047 1979 3100 ei
2011 3047 2308 3101 vehemen-

2413 1943 2671 1995 δετίθετο
2695 1984 2709 2007 ,
2739 1943 2875 1997 ἀλλὰ
2896 1944 3123 2005 πολλοὺς
3164 1942 3267 2013 μὲν
3295 1942 3403 1994 τῶν
3463 1939 3781 2010 ἱερωμένων
3832 1936 3994 2000 ἐξέω-

2417 2052 2501 2097 σε,
2558 2035 2684 2098 τοὺς
2743 2035 3005 2104 ἄρχοντας
3057 2032 3406 2093 ἀναπεισθεὶς
3439 2072 3454 2097 ,
3501 2033 3628 2092 τοὺς
3681 2029 3739 2082 δὲ
3789 2028 3994 2098 σφόδρα

2414 2128 2813 2197 ἀντεχομένους
2866 2130 2960 2181 καλ¹
3033 2128 3253 2197 μακρὰν
3310 2126 3529 2196 ἤλασεν.
3578 2121 3835 2175 Εὐόλκιον
3883 2124 3994 2188 γὰρ

2416 2222 2626 2272 έκεῖνον
2664 2218 2943 2281 διακονίας
2974 2220 3298 2288 ἠξιωμένον,
3350 2220 3430 2279 είς
3465 2216 3661 2269 Ὄασιν
3698 2212 3993 2266 κατεδίκα-

2417 2311 2533 2375 ζεν.
2568 2310 2842 2379 Ἀντίοχον
2876 2311 2932 2363 δὲ
2987 2309 3365 2380 πρεσϐυτέρου
3416 2308 3685 2376 καθέδρας
3724 2321 3995 2374 μετεσχη-

2414 2403 2569 2466 κότα,
2593 2404 2688 2454 καὶ
2716 2404 3010 2470 συγγενείᾳ
3039 2400 3133 2453 τοῦ
3162 2401 3402 2470 μεγάλου
3462 2397 3726 2451 Εὐσεϐίου
3760 2396 3997 2462 κοσμοὺο

2418 2510 2578 2563 μενον
2606 2493 2944 2563 (ἀδελφιδοῦς
2979 2494 3089 2563 γὰρ
3144 2489 3211 2563 ἦν
3245 2494 3477 2557 ἐκείνου,
3514 2491 3729 2551 πολλοῖς
3773 2489 3996 2556 διαλάμ-

2415 2602 2531 2636 πων
2556 2586 2667 2645 τοῖς
2702 2583 3168 2653 προτερήμασιν),
3202 2582 3279 2645 είς
3347 2599 3469 2633 τινα
3525 2581 3623 2647 τῆς
3693 2578 3997 2649 ’Λρμενίας

2415 2679 2672 2743 ἐσχατιὰν
2704 2676 3080 2739 κατεδίκαζεν.
3153 2675 3242 2737 Ὠς
3310 2676 3367 2727 δὲ
3421 2675 3449 2726 ὁ
3526 2673 3667 2735 θεῖος
3736 2669 3997 2732 Εὐσέϐιος

2418 2772 2557 2841 μετᾶ
2586 2769 2816 2831 πολλοὺς
2857 2771 2983 2831 τοὺς
3020 2769 3164 2838 ὑπὲρ
3206 2768 3494 2829 εὐσεϐείας
3539 2765 3779 2833 ἀγῶνας,
3843 2765 3997 2821 τέλος

2417 2864 2508 2913 καὶ
2538 2862 2627 2914 τὸν
2661 2860 2756 2912 τοῦ
2821 2860 3131 2930 μαρτυρίου
3190 2858 3541 2927 ἀνελάμϐανε
3586 2857 3871 2925 στέφανον,
3917 2855 3997 2913 είς

2415 2953 2579 3004 mm
2614 2954 2644 3021 ἡ
2680 2952 2772 3004 τοῦ
2802 2950 2987 3014 ἔθνους
3027 2950 3246 3012 σύνοδος
3316 2947 3673 3012 συνελθοῦσα,
3728 2948 3996 3013 παρόντος

2416 3047 2507 3097 καὶ
2536 3045 2793 3097 Ἰοϐιανοῦ
2831 3061 2843 3074 ’
2870 3043 3087 3113 Πέργης
3119 3042 3164 3094 δ’
3223 3036 3378 3103 οὗτος
3434 3042 3734 3102 ἐπίσκοπος
3784 3034 3875 3109 ἦν,
3938 3037 3996 3098 ὃς

749 3137 856 3189 tius
883 3153 907 3187 r
943 3136 1223 3201 sisterent,
1252 3138 1471 3207 longius
1492 3139 1657 3192 etiam
1690 3138 1997 3207 abigerent.
2030 3138 2121 3196 Sic
2150 3139 2309 3194 Evol-
2339 3176 2385 3236 ο
2416 3141 2440 3190 ὲ

2300 3168 2385 3236 ιο
2416 3138 2505 3190 ἐπ’
2562 3138 2743 3204 ὀλίγον
2788 3139 2885 3209 τῆς
2948 3137 3300 3207 ’Δρειανικῆς
3352 3134 3586 3203 μετέσχε
3648 3130 3947 3236 θρησκείας
3980 3145 3993 3159 ⁸

739 3232 860 3283 eius
906 3230 996 3282 ille
1040 3229 1307 3284 diaconus
1355 3231 1541 3285 Oasim
1595 3230 1959 3300 deportatus:
2007 3231 2313 3287 Antiochus

741 3331 923 3393 autem
979 3322 1306 3391 presbyter.
1358 3333 1413 3375 et
1471 3322 1652 3391 magni
1708 3321 1926 3376 Eusebii
1983 3323 2313 3391 cognatione

742 3416 926 3465 clarus
974 3414 1205 3482 (sororis
1256 3414 1405 3467 enim
1455 3415 1576 3484 ejus
1624 3413 1769 3467 ﬁlius
1825 3413 1973 3481 fuit),
2025 3416 2315 3482 permultis

754 3507 1035 3573 primariis
1080 3506 1378 3559 virtutibus
1405 3506 1649 3575 pollens,
1697 3505 1765 3558 ad
1798 3506 2061 3575 quasdam
2096 3506 2315 3559 ultimas

746 3596 1018 3649 Armenize
1066 3612 1190 3649 oras
1228 3597 1284 3649 in
1332 3596 1584 3650 exsilium
1633 3596 1830 3649 missus
1873 3605 1977 3651 est.
2030 3596 2128 3651 Ubi
2182 3612 2314 3650 vero

742 3688 967 3740 divinus
1020 3689 1324 3751 Eusebius,
1382 3698 1503 3757 post
1562 3690 1731 3741 multa
1781 3703 1881 3757 pro
1934 3703 2060 3742 vera
2111 3690 2315 3757 pietate

752 3781 900 3834 obita
939 3781 1273 3843 certamina,
1311 3790 1589 3850 postremo
1621 3781 1789 3835 etiam
1825 3781 2072 3853 martyrii
2111 3782 2317 3850 recepit

745 3887 1005 3925 coronam
1038 3890 1049 3924 :
1083 3874 1761 3941 proviiiciales,conventu
1786 3884 1998 3937 coacto,
2026 3874 2115 3928 cui
2145 3874 2310 3928 etiam
2344 3897 2346 3901 ν

749 3963 1033 4026 Jovianus,
1068 3966 1159 4032 qui
1196 3965 1487 4033 Pergensis
1522 3966 1836 4035 episcopus,
1875 3965 2030 4019 brevi
2066 3972 2313 4034 tempore

754 4055 1012 4110 Arianain
1049 4066 1266 4110 secutus
1298 4057 1479 4111 fuerat
1512 4058 1858 4128 religionem,
1892 4057 2164 4119 interfuit,
2194 4058 2312 4111 An-

749 4148 991 4201 tiochum
1026 4148 1078 4200 in
1109 4149 1285 4204 locum
1312 4150 1563 4204 avunculi
1620 4151 2013 4205 communibus
2040 4150 2316 4221 suﬂragiis

753 4242 1147 4309 subrogarunt.
1206 4244 1386 4311 Atque
1443 4242 1489 4296 is
1545 4242 1635 4297 ubi
1683 4242 1752 4296 ad
1801 4257 2012 4296 sacram
2070 4258 2315 4297 mensam

750 4335 1003 4400 accessit,
1033 4347 1108 4397 et,
1140 4346 1197 4388 ut
1218 4350 1336 4390 mos
1365 4346 1468 4400 est,
1501 4336 1797 4390 inclinatus
1828 4338 1883 4390 in
1910 4351 2087 4407 genua
2120 4351 2315 4407 magna

2414 3233 2502 3284 καὶ
2534 3231 2625 3284 τδν
2667 3231 2941 3298 Ἀντίοχον
2972 3229 3367 3298 ψηφιζομένων
3420 3229 3500 3289 είς
3527 3226 3626 3295 τὴν
3692 3221 3786 3276 τοῦ
3852 3221 3997 3273 θείου

2408 3324 2682 3395 διαδοχὴν,
2712 3326 2833 3376 ἐπεὶ
2858 3326 2926 3393 τῇ
2982 3324 3104 3393 ἱερᾷ
3140 3322 3389 3391 τραπέζῃ
3440 3320 3693 3389 προσῄει,
3724 3317 3820 3370 καὶ
3883 3314 3999 3367 κλί-

2412 3436 2516 3469 νων
2538 3417 2657 3470 κατ’
2695 3417 2814 3479 ἔθος
2842 3416 2908 3470 τὰ
2939 3416 3141 3483 γόνατα
3202 3415 3300 3467 σὺν
3348 3413 3520 3483 πολλῇ
3575 3413 3686 3482 βίᾳ,
3734 3411 3997 3479 στραφεὶς

2417 3513 2510 3563 καὶ
2548 3510 2808 3562 Ίοϐιανὸν
2847 3509 2994 3577 ἑώρα
3033 3507 3130 3577 τὴν
3154 3506 3335 3571 δεξιὰν
3370 3508 3436 3577 τῇ
3470 3505 3677 3574 κεφαλῇ
3738 3502 4001 3571 ἐπιθέμε-

2418 3620 2529 3667 νον,
2552 3601 2882 3655 ἀπεσείσατο
2915 3600 3013 3671 τὴν
3046 3600 3404 3669 χειροτονίαν,
3455 3598 3551 3650 καὶ
3594 3596 3705 3649 τῶν
3759 3611 3998 3665 χειροτοο

2423 3693 2658 3747 νούντων
2718 3693 2980 3757 διίστατο,
3049 3692 3244 3755 εἰπὼν,
3312 3710 3328 3741 ι
3381 3689 3648 3760 μηδαμῶς
3708 3686 3997 3753 ἀνέξεσθαι

2419 3785 2755 3855 χειροτονίας
2781 3785 2874 3836 καὶ
2924 3783 3127 3849 δεξιᾶς,
3157 3786 3190 3851 ἠ
3246 3783 3336 3836 διὰ
3370 3781 3717 3853 βλασφημίας
3766 3781 3833 3831 τὰ
3878 3779 3999 3831 θεῖα

2424 3878 2699 3948 μυστήρια
2765 3876 3119 3945 παρεδέξατο.
3153 3874 3339 3929 Ταῦτα
3390 3876 3488 3945 μὶν
3549 3873 3733 3944 πολλῷ
3766 3870 3996 3941 ὕστερον

2420 3970 2667 4037 ἐγεγόνει
2698 3984 2714 3999 θ
2748 3970 2872 4022 τότε
2936 3971 3015 4032 δὲ,
3068 3970 3149 4032 είς
3199 3968 3299 4033 τὴν
3357 3967 3638 4037 ένδοτέραν
3702 3966 3999 4034 Ἀρμενίαν

2419 4061 2717 4114 διέϐαινεν.
2758 4063 2816 4114 '0
2849 4062 2906 4115 δέ
2930 4078 2995 4129 γε
3031 4061 3173 4124 θεῖος
3199 4059 3459 4124 Εὐσέϐιος
3485 4059 3634 4132 παρὰ
3668 4059 3757 4110 τὸν
3784 4059 3999 4126 Ἵστρον

2417 4152 2597 4222 διῆγε,
2665 4152 2970 4223 τηνικαῦτα
3025 4156 3126 4223 τὴν
3175 4153 3399 4224 Θρᾴκην
3468 4152 3680 4205 Γότοων
3734 4166 3999 4219 κατατρε-

2418 4247 2651 4314 χόντων,
2722 4249 2818 4300 καὶ
2866 4247 2964 4309 τὰς
3040 4247 3221 4299 ἐκεῖσε
3280 4245 3465 4307 πόλεις
3510 4243 3871 4315 ληῖζομένων,
3924 4240 3998 4303 ὡς

2415 4337 2577 4400 αὐτὸς
2621 4335 2736 4405 ίδίιρ
2782 4338 3180 4407 συγγράμματι
3230 4335 3648 4405 καθιστόρησεν.

753 4433 800 4478 vi
828 4428 1083 4495 procidit,
1109 4445 1430 4494 conversus,
1460 4430 1722 4499 quoniam
1751 4429 2039 4484 Iovianum
2069 4430 2317 4484 dextram
2355 4431 2521 4500 capiti
2589 4447 2690 4485 suo
2760 4430 3131 4499 imponentem
3161 4429 3464 4499 conspexit,
3499 4425 3815 4495 suﬂ'ragium
3848 4426 3998 4480 illius

746 4526 957 4593 rejecit,
992 4534 1045 4578 et
1081 4526 1306 4593 reliquis
1332 4542 1550 4597 quoque
1577 4526 1914 4582 electoribus
1974 4527 2090 4581 suis
2152 4527 2376 4591 restitit,
2419 4527 2630 4593 dicens,
2702 4543 3045 4596 nequaquam
3090 4542 3149 4581 se
3198 4526 3319 4595 ejus
3362 4526 3569 4580 dextra:
3620 4525 3998 4579 consecratio-

745 4633 869 4670 nem
924 4633 1021 4671 seu
1071 4618 1474 4674 ordinationem
1535 4630 1968 4689 suscepturum,
2027 4634 2149 4689 qua:
2208 4635 2305 4688 per
2342 4621 2715 4690 blasphemias
2773 4621 2959 4674 divina
3049 4621 3387 4689 suscepisset
3439 4619 3720 4689 mysteria.
3780 4636 3797 4669 ι
3886 4616 3997 4670 Sed

746 4712 862 4765 lnec
900 4711 1060 4780 longe
1106 4721 1230 4780 post
1278 4724 1409 4767 sunt
1455 4714 1618 4769 facta.
1665 4714 1743 4768 Eo
1788 4728 1921 4768 vero
1966 4720 2210 4782 tempore
2257 4714 2311 4767 in
2355 4714 2669 4768 interiorem
2744 4714 3056 4768 Armeniam
3089 4714 3382 4769 concessit.
3425 4712 3593 4767 Divus
3628 4721 3811 4765 autem
3883 4711 4001 4765 Eu.

742 4805 931 4859 sebius
957 4805 1025 4858 ad
1058 4804 1254 4859 Istrum
1286 4807 1449 4860 vitam
1474 4808 1605 4878 egit,
1626 4806 1844 4862 Gotthis
1870 4816 1983 4861 tum
2013 4806 2301 4862 Thraciam
2344 4808 2817 4876 percurrentibus,
2852 4817 2909 4863 et
2954 4809 3117 4863 urbes
3151 4809 3268 4879 ejus
3300 4806 3694 4877 populantibus
3728 4822 3742 4859 :
3787 4820 3998 4875 quem-

742 4899 1034 4953 alsnolnm
1115 4901 1229 4971 ipse
1296 4902 1499 4971 scripto
1564 4903 1801 4972 quodam
1884 4918 1985 4959 suo
2065 4907 2293 4957 tcsutus
2330 4913 2433 4958 est.

1317 5023 1542 5081 CAPUT
1584 5023 1753 5079 XXII.

750 5110 1053 5186 De__Barse,
1086 5123 1136 5168 et
1171 5117 1452 5186 tyrannide
1493 5132 1552 5169 ea
1588 5134 1745 5185 quam
1779 5118 1834 5170 in
1864 5116 2075 5169 civitate
2120 5114 2318 5170 Edessa

831 5182 1021 5257 Valens
1053 5188 1109 5238 in
1142 5182 1396 5257 martyrio
1424 5203 1516 5239 seu
1550 5182 1742 5256 templo
1770 5189 1941 5240 sancti
1966 5186 2175 5241 Thema:
2198 5203 2319 5257 per-

822 5256 1067 5321 petrarit.

822 5368 990 5422 Porro
1032 5370 1235 5425 Barsen
1286 5370 1691 5425 Edessenornm
1743 5373 2102 5442 episcopum,
2158 5374 2319 5444 cnjus

751 5458 947 5526 ingens
992 5468 1075 5514 est
1120 5462 1293 5530 gloria
1346 5463 1400 5515 in
1447 5463 1765 5527 thnicia,
1812 5464 2042 5536 [Egypto
2072 5475 2125 5520 et
2173 5465 2321 5520 The-

750 5549 932 5617 baide,
966 5552 1236 5621 siquidem
1271 5555 1368 5609 has
1399 5570 1695 5625 peragrans
1724 5555 1943 5612 virtutis
1997 5572 2109 5611 suae
2136 5557 2320 5624 splen-

751 5641 887 5697 dore
947 5643 1283 5712 illustravit,
1339 5657 1398 5702 ut
1451 5649 1685 5704 insulam
1740 5649 1977 5705 Aradum
2028 5650 2318 5713 incoleret,

827 5787 903 5854 (1)
935 5786 1144 5841 Theod.
1172 5787 1297 5842 eod.
1333 5807 1383 5843 c.
1421 5790 1505 5844 15.

2988 5025 3236 5080 ΚΕΦΑΛ.
3297 5025 3425 5079 KB’.

2426 5119 2564 5188 Περὶ
2594 5120 2852 5189 Βάρσου,
2888 5120 2987 5173 καί
3020 5119 3154 5185 περὶ
3184 5116 3300 5171 τῶν
3332 5119 3402 5170 ἐν
3427 5116 3690 5189 Ἐδέοζσῃ
3727 5131 3995 5189 πεπραγ-

2492 5187 2693 5268 μέκων
2712 5192 2931 5268 Οράλῃ.
2946 5190 3016 5243 ἐν
3068 5189 3147 5254 τῷ
3188 5188 3492 5258 μαρτυρίᾳ)
3514 5187 3620 5242 τοῦ
3644 5188 3817 5257 ἁγίου
3843 5189 3999 5241 dao-

2497 5264 2728 5313 στόλου
2760 5264 2953 5329 Θωμᾶ.
3518 5314 3521 5317 ,

2497 5376 2605 5427 Καὶ
2632 5374 2853 5443 Βάρσην
2881 5372 2960 5437 δὲ,
2986 5373 3041 5434 ὃς
3066 5372 3164 5442 τὴν
3206 5372 3543 5443 Ἐδεσσηνῶν
3610 5372 3766 5424 πόλιν
3818 5372 4003 5426 διίθυ-

2426 5483 2537 5525 νεν.
2570 5460 2630 5519 οὗ
2661 5468 2797 5519 πολὺ
2846 5468 3002 5531 κλέος
3074 5470 3131 5520 ὲν
3183 5467 3409 5536 Φοινίκῃ
3452 5468 3547 5519 καὶ
3586 5466 3851 5533 Αἰγύπτῳ
3904 5466 4002 5518 καὶ

2426 5558 2656 5628 Θηϐαΐδι
2689 5577 2703 5589 ·
2736 5561 2829 5613 καὶ
2866 5561 2974 5632 γὰρ
3016 5560 3197 5621 αὐτοῖς
3247 5559 3420 5613 ἆπασι
3476 5558 3846 5629 διερχόμενος,
3901 5558 4002 5622 τὰς

2428 5654 2527 5722 τῆς
2560 5652 2761 5724 ἀρετῆς
2788 5654 3151 5726 ἀπήστραπτε
3186 5653 3562 5723 λαμπηδόνας,
3604 5652 3791 5707 τοῦτον
3822 5653 3880 5705 δὲ
3921 5653 4003 5713 είς
