4288 6438
307 411 411 471 (ἲπῖ

1249 414 1841 475 Ε(ΖΕΙ.Ε51Α5ἹἸΟ;Ῑ;
1888 418 2264 477 ΗΙδΤΟίίΙίΕ
2308 420 2447 478 ΗΒ.
2492 420 2593 477 XI.

3443 415 3547 477 63‘8

313 522 547 589 Ἄραδον
605 520 921 583 κατεδίκαζε
991 524 1089 591 τὴν
1150 526 1305 591 δῆσον
1359 527 1547 579 οἰκεῖν.
1619 526 1773 578 Ἐπεὶ
1837 526 1950 588 δἰς

1916 534 1956 588 Α
1989 527 2183 584 Valens
2239 530 2649 584 condemnavit.
2702 528 2970 594 Quoniam
3036 544 3169 582 vero
3228 529 3548 599 apostolicis

301 615 681 672 ἀποστολικοῖς
731 616 1032 683 χαρίσμασι
1083 615 1417 685 διαπρέπων,
1474 617 1551 683 τῷ
1580 618 1677 684 τῆς
1743 616 1882 669 διδα-

304 707 534 766 σκαλίας
571 707 710 773 φωτὶ
740 709 809 760 τὰ
844 708 1021 778 πλήθη
1058 708 1193 776 πρὸς
1234 709 1395 760 αὑτὸν
1442 704 1615 773 εἷλκε,
1673 711 1767 760 καὶ
1812 709 1881 760 τὰ

302 800 416 849 τῶν
455 800 782 867 νοσημάτων
816 801 915 852 ὅσα
960 800 1160 869 ἰατρῶν
1193 801 1463 869 ἀπείρηκε
1497 802 1681 868 τέχνη,
1721 802 1836 853 ἰᾶτο
1862 816 1877 831 °

303 890 516 941 ἐκεῖθεν
538 891 617 952 είς
642 908 762 943 τινα
794 892 947 943 πόλιν
978 892 1281 959 Αἰγυπτίαν
1309 892 1574 960 μεθίστα,
1622 893 1883 961 Ὀξύρυγ-

303 999 399 1050 χον
454 983 645 1049 ὄνομα.
714 982 802 1045 Ὠς
878 984 933 1035 δὲ
993 987 1155 1037 κάκεῖ
1200 986 1405 1045 πάντας
1476 986 1691 1050 ὲφεῖλκε
1741 988 1879 1035 κατα

303 1075 463 1135 κλέος
502 1076 600 1135 τῆς
641 1077 871 1143 ἀρετῆς,
907 1078 985 1137 εἷς
1013 1093 1133 1127 τινα
1171 1078 1424 1144 ἐσχατιὰν
1450 1078 1509 1127 οὐ
1535 1079 1725 1145 πόρρω
1773 1076 1878 1126 τῶν

304 1162 694 1228 γειτονούντων
730 1165 1023 1234 βαρϐαρων
1089 1168 1360 1233 μετετίθει
1402 1166 1564 1236 (’ί·.λίυ
1597 1165 1665 1236 ἦν
1709 1167 1878 1233 ὄνομα

301 1256 379 1322 τῷ
414 1255 596 1323 χώρῳ)
636 1256 728 1307 τὸν
758 1259 867 1308 τῶν
928 1260 1196 1325 οὐρανίων
1237 1258 1495 1327 θαλάμων
1536 1259 1703 1323 ἄξιον.
1744 1260 1880 1310 Φασὶ

307 1348 493 1412 μέντοι
524 1349 581 1397 ἐν
618 1347 831 1415 Ἀράδῳ
880 1349 935 1410 ἐς
974 1348 1134 1419 δεῦρο
1177 1350 1278 1419 τὴν
1331 1350 1542 1402 ἐκείνου
1604 1350 1878 1417 διαμένειν

306 1438 494 1507 κλίνην
555 1440 814 1507 πλείστης
863 1442 1177 1509 ἠξιωμένην
1232 1442 1438 1510 τιμῆς·
1495 1442 1721 1503 πολλοὺς
1771 1444 1877 1511 γὰρ

304 1528 395 1578 ἐπ’
424 1529 641 1595 ἐκείνης
704 1531 1205 1599 κατακλινομένους
1264 1531 1371 1581 τῶν
1431 1531 1729 1581 νοσούντων
1782 1532 1878 1598 τὴν

305 1616 494 1681 ὑγείαν
519 1617 605 1669 διὰ
633 1618 734 1686 τῆς
766 1619 1000 1679 πίστεως
1034 1619 1355 1686 δρέπεσθαι.
1415 1614 1517 1671 Οἷα
1573 1620 1629 1669 δὲ
1675 1621 1769 1669 καὶ
1820 1621 1877 1669 ἐν

314 1706 543 1778 Ἐδὲσσῃ
571 1711 636 1777 τῇ
674 1709 828 1760 πόλει
876 1710 953 1778 τῷ
983 1710 1240 1762 Οὐάλεντι
1271 1712 1607 1779 πέπρακται,
1635 1712 1693 1760 οὑ
1722 1710 1877 1776 θέμις

301 1798 506 1849 διδόναι
555 1802 703 1868 σιγῇ.
764 1800 981 1867 Ἐπειδὴ
1034 1802 1141 1870 γὰρ
1175 1801 1262 1852 τὸν
1320 1802 1608 1869 εἰρημένον
1662 1801 1877 1869 Βαρσην

301 1891 403 1958 τῆς
433 1893 668 1960 ποίμνης
700 1894 985 1962 ἐστέρησε,
1023 1893 1202 1946 Λύκον
1266 1894 1647 1960 ἀντικαθίστη.
1692 1895 1780 1952 Ὠς
1824 1892 1881 1943 δὲ

302 1985 363 2034 τὸ
393 1983 597 2053 πλῆθος
624 1986 975 2054 δυσχεραῖνον
1009 1988 1107 2054 τὴν
1136 1988 1421 2039 κοινωνίαν
1474 1986 1719 2054 σφοδρῶς
1750 1986 1883 2036 am.

305 2075 506 2137 σείετο,
559 2078 763 2140 πάντες
826 2081 926 2146 τὴν
976 2080 1133 2131 πόλιν
1196 2078 1586 2139 καταλιπόντες
1632 2079 1737 2147 πρὸ
1788 2077 1881 2129 τοῦ

302 2166 499 2231 ἄστεος
534 2170 950 2238 συνηθροίζοντο
977 2188 991 2201 ·
1018 2168 1086 2239 ἦν
1108 2172 1148 2223 δ’
1172 2173 1352 2223 ἐκεῖσε
1404 2170 1577 2240 Θωμᾷ
1618 2170 1696 2238 τῷ
1748 2172 1884 2222 ἀπο-

312 2259 488 2327 στόλῳ
520 2262 778 2329 ἐπιφανὲς
801 2264 1089 2330 εὐκτήριον
1121 2280 1135 2293 -
1166 2263 1193 2315 δ
1243 2246 1532 2332 ἱστορῆσαι
1563 2262 1880 2331 βουλόμενος

301 2348 542 2417 Οὐάλης,
575 2349 792 2421 σύναμα
823 2351 901 2420 τῷ
958 2352 1207 2423 ὑπάρχῳ,
1273 2354 1543 2415 Μόδεστος
1606 2346 1758 2414 οὗτος
1792 2348 1880 2421 ἦν,

301 2437 438 2508 ἧκεν
474 2444 852 2512 ἐντειλάμενος
876 2445 1165 2514 πρότερον,
1208 2444 1269 2498 τὸ
1292 2446 1679 2513 συνιστάμενον
1703 2447 1882 2498 ἐκεῖσε

303 2534 510 2602 πλῆθος
550 2537 691 2602 μετα
744 2535 842 2604 τῆς
874 2537 1160 2605 ὁπλιτικῆς
1220 2538 1345 2605 περὶ
1394 2538 1554 2588 αὑτὸν
1605 2538 1884 2605 δυνάμεως

300 2626 679 2689 διασκεδάσαι,
709 2628 924 2695 ῥάϐδοις
955 2632 1050 2681 καί
1101 2629 1356 2695 ῥοπάλοις
1405 2631 1695 2692 παίοντας,
1753 2628 1802 2678 εί
1829 2628 1883 2678 δὲ

302 2720 512 2787 δεήσει,
550 2722 932 2790 χρησομένους
968 2725 1062 2775 καὶ
1095 2722 1258 2789 ξίφει.
1301 2721 1362 2777 Ὀ
1383 2723 1438 2775 δὲ
1473 2722 1534 2773 τὸ
1584 2721 1883 2789 κελευόμε-

303 2830 397 2864 νον
428 2812 553 2882 ἔδρα
587 2832 599 2843 η
635 2817 730 2866 καὶ
761 2815 939 2884 λάθρα
969 2820 1081 2878 τοῖς
1126 2816 1460 2883 Ἐδεσσηνοῖς
1492 2815 1684 2884 ἐδήλου
1708 2814 1881 2881 φυλά-

305 2904 505 2969 ξασθαι
527 2906 621 2974 τὴν
652 2907 965 2976 ὑστεραίαν,
1015 2909 1090 2977 μὴ
1125 2911 1206 2972 είς
1234 2910 1323 2961 τὸν
1345 2909 1572 2961 εἰωθότα
1608 2906 1883 2959 συνελθεῖν

301 3001 511 3049 τόπονο
564 3000 890 3068 πρόσταγμα
931 3001 1039 3069 γὰρ
1112 3000 1379 3069 βασιλέως
1426 2996 1567 3052 εἶναι
1615 3000 1882 3069 τιμωρίαν

303 3088 537 3155 ἐπάγειν
565 3084 646 3151 οἷς
669 3090 872 3142 ἁλωναι
907 3090 1170 3160 συμϐαίη.
1205 3090 1315 3141 Καὶ
1342 3092 1368 3141 ό
1398 3092 1493 3158 μὲν
1519 3090 1693 3152 οὕτως
1724 3091 1882 3158 ὴπεί-

303 3180 388 3232 λει
414 3180 622 3250 καίπερ
654 3181 961 3245 ἐτερόδοξος
996 3198 1010 3211 ο
1061 3181 1092 3252 ἥ
1123 3182 1331 3250 μηδένα
1381 3183 1413 3252 ἣ
1449 3183 1663 3250 ὀλίγους
1712 3183 1885 3233 κινδυ⁸
1909 3221 1950 3276 C

303 3271 499 3325 νεῦσαι
537 3272 1014 3343 προμηθούμενος,
1046 3275 1080 3342 ἢ
1114 3275 1244 3337 ῐσως
1292 3276 1386 3327 καὶ
1444 3274 1880 3342 παραιτούμενος

303 3366 508 3417 ἑαυτὶν
533 3367 665 3433 πρὸς
692 3366 790 3436 τὴν
817 3366 909 3418 τοῦ
955 3368 1284 3436 κρατοῦντος
1311 3367 1503 3436 ὀργήν,
1577 3367 1881 3436 Ἐδεσσηνοί

308 3458 497 3527 μέντοι
534 3460 589 3509 ὲν
614 3460 860 3528 δευτέρῳ
892 3459 1112 3528 θέμενοι
1164 3460 1264 3522 τὰς
1323 3461 1575 3526 ἀπειλὰς,
1638 3460 1753 3527 ἅμα
1808 3460 1881 3528 ἕῳ

305 3551 585 3621 πρόθυμοι
623 3553 881 3623 μᾶλλονῆ
925 3553 1196 3622 πρότερον
1243 3555 1337 3605 ἐπὶ
1381 3555 1471 3605 τὸν
1521 3556 1687 3605 τόπον
1742 3553 1880 3623 ἐχώ-

307 3656 463 3709 ρουν,
521 3643 614 3691 καὶ
672 3641 732 3692 τὸ
790 3642 981 3702 εἰωθὸς
1046 3643 1336 3711 ἔπραττον.
1395 3641 1774 3708 Ἀγγελθέντος
1823 3642 1881 3692 δὲ

304 3733 567 3802 Μοδέστῳ
601 3731 692 3784 τοῦ
725 3734 1071 3803 πράγματος,
1115 3735 1216 3786 οὐκ
1245 3729 1413 3802 εἶχεν,
1441 3734 1469 3785 δ
1518 3750 1572 3785 τι
1607 3736 1701 3785 καὶ
1751 3735 1883 3803 δρά-

307 3841 476 3879 σειεν.
514 3825 835 3893 Ἀμηχᾶνως
863 3824 1090 3893 δἐχων,
1126 3827 1251 3878 ὅσον
1289 3828 1457 3894 τάχος
1501 3825 1658 3894 στίχα
1714 3842 1880 3894 στρα-

304 3915 566 3983 τιωτικὴν
597 3917 958 3983 ἐπαγόμενος,
982 3916 1120 3984 διῄει
1152 3918 1251 3984 τὴν
1282 3916 1508 3982 ἀγορὰν,
1542 3916 1636 3966 καὶ
1673 3916 1769 3966 ἐπὶ
1818 3914 1879 3966 τὸ

308 4007 492 4061 πεδίον
522 4009 627 4073 ἧῖε.
664 4007 876 4075 Γυναίῳ
906 4007 960 4059 δέ
991 4024 1095 4059 τινι
1134 4006 1460 4075 περιτυχὼν,
1497 4006 1698 4074 βρέφος
1722 4007 1882 4074 ἐφέλ-

307 4115 463 4151 κοντι
492 4102 558 4167 τῇ
609 4100 779 4168 χειρὶ,
850 4102 1109 4167 ἀκόσμως
1154 4098 1210 4149 δὲ
1251 4098 1345 4149 καὶ
1380 4100 1528 4166 παρὰ
1560 4096 1619 4147 τὸ
1673 4097 1881 4164 πρέπον

305 4194 528 4261 γυναικὶ
556 4194 613 4245 τὸ
644 4195 816 4260 φᾶρος
867 4192 988 4261 εἰκῆ
1047 4207 1161 4251 πως
1207 4190 1603 4261 ἐπισυρομένῃ,
1657 4191 1752 4242 καί⁵
1805 4188 1881 4251 ὡς

306 4287 403 4337 ὲπί
432 4301 485 4336 τι
514 4284 803 4336 σπουδαῖον
836 4283 996 4352 δῆθεν
1042 4283 1140 4353 τὴν
1186 4282 1294 4334 τῶν
1343 4284 1664 4351 ἡγουμένων
1719 4298 1883 4350 στρα-

304 4378 571 4444 τιωτικὴν
610 4374 961 4426 διακόπτοντι
1018 4377 1294 4443 φάλαγγα,
1327 4376 1353 4426 δ
1387 4373 1627 4442 ὕπαρχος
1685 4373 1880 4443 συλλη-

306 4468 512 4537 φθῆναι
539 4466 739 4534 ταύτην
801 4467 1059 4529 ἐκέλευε,
1118 4469 1211 4518 καὶ
1248 4468 1371 4517 ὅτου
1429 4466 1587 4533 χάριν
1640 4465 1879 4528 σπεύδει,

1986 622 2148 674 donis
2179 622 2391 685 clarus,
2433 621 2697 675 doctrinm
2732 636 2843 675 sua!
2880 622 3002 674 luce
3032 621 3436 674 multitudinem
3476 620 3543 672 ad

1983 729 2041 766 se
2102 715 2488 782 per-trahebat.
2541 723 2597 767 et
2646 713 2867 766 morbos
2919 729 3059 782 quos
3102 712 3301 766 medici
3360 712 3543 764 curari

1984 820 2143 874 posse
2189 805 2652 874 desperaverant,
2689 806 2954 867 sanabat,
2990 806 3041 857 in
3073 802 3378 874 Egyptiam
3417 802 3544 856 inde

1984 896 2174 949 urbem
2215 897 2502 965 quamdam
2540 896 2927 967 Oxyrynchum
2969 897 3189 950 nomine
3229 906 3313 949 est
3350 896 3548 963 depor-

1986 999 2130 1042 tatus
2161 990 2260 1056 (l).
2298 990 2451 1061 15.3
2490 989 2591 1043 Ubi
2630 1004 2759 1043 vero
2785 1000 2841 1042 et
2872 988 2943 1042 ibi
2981 989 3197 1041 virtutis
3220 989 3392 1058 gloria
3429 988 3547 1039 ani-

1981 1095 2099 1133 mos
2124 1082 2364 1133 omnium
2400 1083 2451 1135 in
2484 1098 2540 1135 se
2572 1082 2865 1146 convertit,
2897 1081 2950 1132 in
2981 1090 3254 1133 ettrenms
3281 1077 3543 1148 quosdam

1982 1172 2117 1225 lines
2160 1188 2188 1225 a
2224 1172 2425 1241 quibus
2460 1188 2566 1225 non
2617 1174 2775 1242 longe
2819 1171 3041 1225 Barbari
3090 1171 3318 1224 aberant
3365 1169 3545 1235 (Philo

1981 1264 2137 1318 locus
2185 1264 2231 1318 is
2274 1265 2612 1331 nominatur)
2663 1264 2961 1317 translatus
3004 1270 3121 1323 est,
3158 1276 3280 1313 cum
3319 1258 3541 1327 quidem

1982 1355 2197 1410 emlesti
2283 1356 2563 1410 domicilio
2617 1366 2761 1409 esset
2820 1356 3035 1424 dignus.
3095 1353 3423 1407 Etiamnunc
3492 1350 3546 1402 iu

1982 1448 2162 1501 Arado
2192 1448 2449 1500 lectulum
2483 1462 2600 1501 esse
2630 1447 2846 1505 dicunt.
2875 1460 3036 1513 quem
3067 1444 3302 1512 plurimo
3337 1441 3549 1493 honore

1983 1541 2128 1594 Deus
2158 1542 2227 1594 sit
2256 1542 2544 1610 dignatus.
2585 1542 2732 1611 quod
2776 1541 2966 1611 ποθι-ι.ιὶ
3010 1540 3169 1592 multi
3215 1538 3267 1590 in
3300 1550 3426 1589 eum
3461 1549 3548 1586 re-

1984 1633 2145 1701 positi
2190 1635 2559 1687 valetudinem
2607 1650 2705 1701 per
2750 1632 2912 1686 ﬁdem
2960 1638 3308 1698 recuperent.
3345 1628 3549 1682 Verum

1981 1723 2262 1777 enimvero
2319 1741 2437 1793 qua:
2502 1723 2716 1777 Edessa:
2775 1725 2939 1777 etiam
2999 1723 3296 1775 crudeliter
3354 1721 3551 1773 Valens

1981 1815 2170 1883 egerit,
2202 1815 2421 1868 silemio
2450 1832 2511 1867 ea
2543 1817 2803 1868 mandare
2828 1830 2934 1867 non
2970 1814 3121 1867 licet.
3149 1814 3283 1867 Cum
3316 1828 3551 1878 namque

1916 1880 1951 1931 Β
1985 1905 2218 1972 Barsen,
2268 1923 2427 1975 quem
2471 1907 2725 1969 diximus,
2773 1923 2800 1960 a
2852 1922 3012 1975 grege
3059 1920 3160 1959 suo
3206 1904 3549 1963 caelesissct,

1985 1997 2185 2067 Lycum
2224 1999 2301 2067 (2)
2333 2014 2430 2066 pro
2461 2014 2525 2051 eo
2548 1999 2871 2051 substituit:
2905 2012 3064 2065 quam
3100 2012 3215 2048 rem
3248 1996 3376 2063 quia
3409 1994 3553 2046 mul-

1985 2090 2162 2143 titudo
2196 2106 2338 2160 argre
2373 2090 2534 2152 tulit,
2579 2101 2633 2144 et
2669 2089 3112 2141 counuuniouem
3150 2087 3268 2156 ejus
3314 2086 3546 2154 respuit,

1984 2184 2174 2236 relicta
2224 2182 2359 2236 urbe
2400 2198 2589 2236 omnes
2634 2194 2786 2236 e.\tra
2838 2182 2955 2250 ejus
2999 2181 3201 2233 mmnia
3247 2187 3553 2233 conventus

1984 2289 2167 2341 egere.
2223 2273 2354 2327 Erat
2406 2285 2588 2327 autem
2654 2274 2727 2325 ibi
2778 2272 3002 2325 Thomas
3055 2270 3285 2340 apostoli
3336 2269 3553 2337 insigne

1985 2366 2283 2419 oratorium
2309 2407 2324 2429 ,
2370 2364 2516 2433 quod
2560 2365 2748 2417 videre
2798 2363 2985 2415 volens
3014 2361 3243 2423 Valens,
3284 2375 3390 2411 una
3423 2373 3551 2412 cum

1987 2458 2241 2528 pra-lecto
2270 2459 2535 2521 Modesto,
2563 2457 2831 2525 quosdam
2864 2456 3019 2525 prius
3047 2469 3171 2507 cum
3200 2453 3457 2506 mandato
3486 2465 3554 2504 eo

1988 2551 2166 2615 misit,
2213 2559 2270 2603 ut
2304 2550 2712 2603 multitudinem
2752 2548 2825 2600 ibi
2861 2556 3278 2614 congregatam,
3314 2553 3555 2596 armato-

1987 2658 2108 2694 rum
2155 2656 2292 2709 quos
2338 2656 2522 2695 secum
2572 2640 2807 2694 ducebat
2847 2653 3010 2707 Opera
3057 2638 3413 2705 dissiparem,
3459 2635 3556 2688 ba—

1986 2733 2124 2785 culis
2158 2742 2215 2784 et
2251 2731 2418 2783 clavis
2447 2746 2565 2783 eam
2599 2730 2883 2797 pulsantes
2910 2769 2923 2792 ,
2962 2727 3008 2781 si
3043 2742 3176 2780 vero
3210 2741 3349 2793 opus
3383 2733 3549 2787 esset,

1984 2821 2195 2892 gladios
2250 2835 2470 2889 quoque
2527 2819 2874 2873 adhibentes.
2930 2815 3233 2870 Praefectus
3284 2815 3550 2882 imperata

1984 2913 2163 2967 facere
2186 2953 2198 2973 ,
2232 2921 2287 2964 et
2313 2911 2449 2964 clam
2482 2910 2777 2965 Edessenis
2811 2910 3160 2969 denuntiare,
3190 2922 3256 2959 ne
3287 2906 3551 2975 pOslridie

1984 3019 2135 3058 more
2165 3018 2263 3055 suo
2296 3004 2351 3056 in
2380 3003 2503 3055 loco
2531 3016 2596 3055 eo
2633 3000 3017 3054 convenirent.
3055 2998 3365 3052 Mandatum
3401 2996 3549 3049 enim

1984 3097 2051 3150 ab
2081 3098 2413 3163 imperatore
2446 3110 2599 3156 esse,
2636 3102 2693 3145 ut
2738 3093 2791 3144 in
2828 3106 2923 3145 eos
2967 3090 3059 3160 qui
3108 3078 3179 3142 ibi
3214 3087 3549 3156 deprehensi

1985 3196 2187 3247 essent,
2218 3186 2456 3255 graviter
2481 3184 3041 3237 animadverteretur.
3073 3181 3371 3235 Pra-l'ectus
3398 3192 3549 3239 sane,

1986 3278 2237 3348 quamvis
2277 3278 2509 3331 diversae
2554 3276 2837 3329 sentcntiae
2877 3283 2932 3328 et
2976 3273 3282 3342 religionis,
3317 3272 3383 3323 ad
3423 3284 3551 3321 eum

1985 3368 2211 3421 modum
2252 3366 2361 3420 illis
2403 3376 2488 3419 est
2529 3366 2768 3417 minatus
2801 3382 2813 3417 :
2846 3366 2930 3417 vel
2967 3363 3112 3432 quod
3147 3362 3419 3415 neminem
3458 3369 3550 3412 aut

1984 3475 2191 3529 paucos
2237 3468 2385 3512 certe
2434 3458 2732 3525 periclitari
2767 3456 2953 3519 vellet,
3017 3455 3103 3507 vel
3137 3454 3280 3523 quod
3322 3454 3551 3505 fortasse

1986 3553 2374 3621 imperatorem
2423 3552 2662 3618 graviter
2708 3550 3080 3617 indignantem
3128 3563 3291 3615 Opera
3336 3562 3432 3598 sua
3470 3544 3547 3596 uti

1984 3642 2175 3695 nollet.
2229 3640 2491 3694 Edesseni
2554 3654 2684 3692 vero
2744 3642 3015 3692 minarum
3077 3638 3549 3689 denuntiationem

1986 3735 2143 3805 parvi
2193 3734 2527 3802 pendentes,
2568 3747 2673 3785 una
2719 3747 2844 3786 cum
2896 3730 3142 3784 diluculo
3189 3727 3551 3782 alacrioribus

1984 3827 2150 3882 etiam
2202 3840 2367 3894 quam
2418 3835 2577 3878 antea
2626 3825 2823 3877 animis
2874 3825 2928 3877 in
2976 3825 3153 3875 locum
3207 3821 3548 3889 designatum

1984 3933 2311 3980 convenere,
2355 3927 2410 3970 et
2440 3918 2597 3970 solita
2631 3931 2783 3970 sacra
2817 3931 2913 3969 sua
2949 3929 3233 3983 peregere.
3267 3913 3422 3976 Quod
3458 3910 3550 3964 ubi

1984 4006 2233 4060 Modesto
2262 4014 2347 4060 est
2375 4006 2699 4069 indicatum,
2737 4020 2860 4059 cum
2892 4005 3039 4072 quod
3071 4003 3277 4055 iaceret
3313 4018 3423 4054 nou
3454 4002 3554 4053 ha-

1983 4100 2173 4164 beret,
2230 4100 2442 4153 consilii
2503 4100 2705 4166 inops,
2761 4112 2922 4166 quam
2982 4096 3265 4149 Celerrime
3327 4092 3550 4147 militari

1985 4207 2146 4245 manu
2181 4201 2463 4244 contracta
2489 4231 2503 4255 ,
2538 4206 2633 4258 per
2668 4191 2846 4242 lorum
2880 4188 2946 4241 ad
2983 4203 3234 4255 campum
3266 4200 3391 4237 eum
3423 4199 3553 4237 con-

1989 4283 2162 4338 tendit
2191 4301 2203 4336 :
2235 4293 2288 4337 et
2323 4283 2375 4335 in
2410 4283 2788 4335 mulierculam
2836 4282 3065 4342 incidit,
3099 4297 3260 4333 manu
3307 4281 3547 4348 puellum

1988 4384 2314 4445 raptautem,
2347 4375 2684 4443 palliumque
2726 4374 2805 4426 sic
2833 4383 3038 4426 temere
3071 4383 3127 4425 et
3165 4373 3546 4439 incomposite,

1986 4477 2178 4520 contra
2224 4482 2385 4535 quam
2435 4466 2691 4517 leminam
2748 4464 2938 4529 decet,
2990 4464 3333 4524 trahentem,
3386 4473 3549 4531 atque

304 4565 406 4630 τὴν
437 4562 616 4613 αἰτίαν
647 4559 869 4629 ἀπῄτει.
896 4559 1006 4625 Τῆς
1040 4560 1087 4610 δ’
1114 4558 1399 4626 εἰπούσης,
1446 4557 1572 4608 Ἐπὶ
1607 4557 1667 4607 τὺ
1699 4555 1881 4607 πεδίον
1916 4552 1950 4606 ι]

1916 4552 2122 4620 Datleo
2181 4558 2475 4611 militarem
2529 4556 2817 4609 ductorum
2882 4555 3249 4623 phalangem,
3314 4554 3543 4622 perinde

305 4654 440 4706 ἔνθα
492 4655 541 4706 οί
598 4650 695 4719 τῆς
759 4649 1045 4711 εὐσεϐείας
1105 4651 1481 4717 θεράποντεςο
1527 4649 1698 4713 ἔγνων
1750 4650 1879 4715 γὰρ,

304 4748 480 4813 ἔγνων
514 4748 612 4805 τας
665 4744 757 4812 ὑφ’
818 4743 971 4810 ὑμῶν
1013 4743 1380 4812 τυρευομένας
1422 4740 1745 4802 ὲπιδουλὰς⁶
1791 4746 1882 4792 και

309 4838 532 4891 σπεύδω
589 4838 685 4889 καὶ
739 4837 881 4905 αὑτὴ
942 4836 1048 4887 τῶν
1104 4837 1234 4886 ίσων
1294 4835 1522 4895 ἐκείνοις
1585 4833 1881 4901 ἀξιωθῆναι

306 4928 509 4997 γερῶν,
567 4926 657 4979 ἵνα
707 4929 780 4994 μὴ
842 4926 1073 4977 κατόπιν
1122 4924 1323 4993 δρόμου
1378 4926 1720 4990 γεγενημένη
1785 4921 1881 4991 τῆς

307 5021 463 5089 παρὰ
496 5019 612 5089 Θεῷ
642 5018 795 5085 δόξης
820 5018 1070 5085 ἁμαρτω.
1107 5016 1180 5068 Τὸ
1233 5015 1289 5066 δὲ
1338 5015 1549 5066 παιδίον
1579 5014 1654 5076 τί,
1719 5014 1877 5083 φησι,

311 5113 433 5183 μεθ’
463 5111 664 5179 ἑαυτῆς
704 5110 881 5176 ἄγεις,
918 5109 1071 5171 αὗθις
1103 5110 1131 5160 ό
1188 5107 1435 5177 ὕπαρχος
1492 5110 1771 5178 ἀνηρώτα.
1818 5109 1880 5159 Ἦ

307 5209 392 5270 δὲ,
433 5205 551 5257 Ἵνα
579 5205 671 5257 καὶ
703 5204 835 5256 αὐτὸ
860 5201 959 5271 τῆς
1012 5204 1130 5270 ἴσης
1161 5199 1420 5270 ἀξιωθείη
1478 5206 1664 5270 τιμῆς,
1715 5219 1882 5269 μετα-

312 5298 441 5366 σχὸν
473 5296 583 5347 τῶν
646 5293 858 5347 παθῶν.
918 5293 1305 5359 Καταπλαγεις
1362 5292 1419 5343 δὲ
1467 5292 1567 5359 τῆς
1632 5292 1877 5359 ἀνδρείας

308 5393 525 5457 ἐκείνης
553 5388 653 5457 τὴν
681 5386 1056 5454 γενναιότητα,
1092 5388 1187 5438 καὶ
1218 5388 1279 5437 ὲκ
1327 5384 1530 5452 ταύτης
1560 5384 1659 5452 ’τὴν
1711 5386 1882 5435 ἁεταν-

307 5502 420 5538 των
448 5482 872 5551 τεκμηράμενος
895 5479 1227 5548 προθυμίαν,
1253 5481 1329 5541 είς
1353 5478 1418 5529 τὰ
1445 5476 1687 5546 βασίλεια
1743 5478 1878 5527 καυ-

382 5645 462 5712 (l)
505 5640 726 5712 Theod._
749 5640 875 5693 eod.
909 5655 1010 5708 cap
1067 5639 1154 5691 l6.

380 5710 458 5784 (ξ)
495 5717 690 5784 Λύκος,
712 5710 908 5784 Lycus.
930 5710 1503 5784 propriumuesse‘hoe
1534 5710 1654 5763 loco
1682 5725 1877 5763 nomen

309 5780 492 5853 puteal
532 5801 543 5834 :
578 5782 781 5848 alioqui
820 5781 979 5839 λύκος
1011 5782 1172 5853 lupus
1205 5780 1410 5833 (ἐκθεὶς
1455 5782 1678 5844 dicitur,
1719 5790 1774 5834 et
1800 5784 1878 5834 sic

312 5850 701 5923 Eq-gu-silaiiivuui
732 5865 929 5904 no...eu
966 5850 1147 5902 luerit.

1985 4665 2148 4722 atque
2190 4654 2257 4707 ad
2307 4667 2418 4705 rem
2470 4653 2644 4721 magni
2689 4650 2955 4704 momenti
3007 4659 3353 4718 prOperaret,
3402 4664 3549 4699 rum-

1984 4752 2227 4812 pentem.
2262 4743 2393 4795 Eam
2421 4743 2576 4812 jussu
2620 4755 2720 4793 suo
2752 4739 3228 4807 comprehensam,
3261 4737 3546 4801 cuiusnam

1986 4832 2064 4886 rei
2109 4831 2282 4899 gratia
2329 4840 2611 4899 tantopere
2659 4829 2979 4891 festinaret,
3039 4826 3357 4892 interrogat.
3406 4824 3545 4876 'l‘um

1988 4926 2073 4978 illa
2108 4925 2221 4991 (5):
2270 4924 2327 4976 lu
2376 4938 2628 4993 campum
2675 4938 2839 4982 eum,
2877 4920 3089 4988 inquit,
3143 4919 3196 4969 in
3241 4932 3351 4985 quo
3397 4928 3550 4968 vera:

1985 5014 2207 5084 pietatis
2229 5014 2472 5069 cultores
2496 5023 2625 5066 sunt
2652 5011 2988 5081 congregati.
3023 5007 3181 5079 144
3209 5008 3345 5062 Novi
3374 5007 3547 5071 enim,

1984 5118 2039 5162 et
2085 5115 2237 5161 certo
2284 5107 2413 5160 novi
2466 5114 2678 5159 vestras
2730 5120 2867 5172 quas
2918 5102 3134 5157 struitis
3182 5100 3450 5152 insidias:
3493 5104 3550 5150 et

1984 5210 2277 5266 propterea
2313 5213 2379 5251 eo
2412 5198 2603 5250 venire
2631 5209 2888 5264 propero,
2928 5203 2987 5246 ut
3014 5192 3241 5260 aequalia
3279 5204 3402 5243 cum
3439 5190 3557 5241 illis-

1984 5308 2296 5360 cousequar
2333 5292 2551 5359 praemia
2581 5329 2594 5353 ,
2648 5305 2715 5343 ne
2770 5288 2979 5341 scilicet
3029 5301 3193 5339 cursu
3231 5284 3557 5337 intermisso

1986 5385 2195 5439 tardius
2239 5384 2474 5444 vadens,
2522 5382 2693 5451 gloria
2741 5397 2861 5449 quae
2896 5396 2924 5432 a
2964 5379 3073 5432 Deo
3115 5387 3238 5439 est,
3273 5376 3555 5429 excidam.

1983 5477 2220 5532 Puerum
2257 5486 2439 5529 autem
2475 5474 2797 5543 (prtelectus
2832 5470 3138 5539 subinlert)
3176 5468 3307 5537 quid
3357 5469 3430 5520 ita
3464 5477 3555 5519 te-~

2056 5638 2132 5704 (5i
2170 5635 2396 5689 Animus
2424 5635 2570 5688 enim
2604 5632 2789 5686 divina
2835 5629 3181 5704 ammlatione
3223 5638 3553 5704 succensus,

1986 5698 2281 5762 humanum
2341 5721 2446 5757 non
2492 5707 2637 5773 capit
2689 5714 2918 5773 metum,
2968 5701 3061 5753 sud
3082 5698 3555 5773 _l_crrieulai_nenla-

1983 5778 2294 5900 onuiiabpro
2333 5790 2447 5829 l‘lSU
2491 5767 2652 5829 habet
2697 5780 2752 5826 ct
2808 5772 3043 5826 ludicro.
3081 5768 3290 5822 'l‘heod.
3332 5767 3429 5820 lib.
3470 5779 3551 5830 ιν,

1984 5866 2099 5900 can.
2136 5848 2167 5898 '2
2191 5846 2221 5898 ’.

1984 5866 2099 5916 cap.
2136 5857 2221 5900 ‘20.
