4288 6438
755 400 859 457 Μτυ

1938 402 2360 463 ΝΗῚΕΡΙΙΟΒΙ
2401 406 2741 466 GALLIS“

3884 408 3989 471 020

751 530 875 567 eum
912 511 1101 565 ducis?
1135 512 1199 566 Et
1235 528 1447 591 rursum
1483 512 1572 565 illa
1608 530 1622 567 :
1661 513 1727 569 Ut
1761 522 1813 567 et
1849 514 1999 583 ipse,
2036 517 2109 569 ait
2134 556 2148 575 .
2186 528 2310 585 post
2344 526 2387 579 Α
2430 537 2444 571 ι

2296 528 2310 571 ι
2344 526 2387 579 Α
2430 521 2737 588 υπέστρειρε
2769 537 2784 552 ο
2812 521 2902 573 καὶ
2934 522 3337 590 κοινωσάμενος
3372 522 3522 591 αὖτῴ
3550 520 3780 591 βασιλεῖ,
3808 522 3989 573 ἔπειθε

750 603 1096 657 atllictionem
1132 614 1188 657 et
1224 619 1523 657 a'rumnam
1563 605 1885 667 toleratam,
1931 608 2156 662 honoris
2194 610 2314 679 ejus

749 697 1023 765 particeps
1057 698 1166 748 liat.
1207 697 1299 749 Ille
1333 697 1517 751 animo
1552 698 1617 751 ad
1659 708 1766 751 tam
1805 714 2125 767 generosam
2160 700 2315 755 forti-

746 788 990 842 tudinem
1030 789 1279 842 mulieris
1311 798 1734 852 consternatus,
1770 790 1862 844 ubi
1898 806 1963 845 ex
1998 793 2117 862 ejus
2150 795 2313 848 unius

748 879 975 931 aliorum
1008 881 1255 933 omnium
1288 881 1618 949 conjecisset
1650 881 2011 946 alacritatem,
2041 882 2105 935 ad
2142 885 2312 951 impe-

749 970 934 1024 rialem
983 969 1206 1023 domum
1256 986 1510 1025 reversus
1536 1012 1549 1035 ,
1582 972 1899 1039 imperatori
1938 989 2051 1027 rem
2088 988 2308 1027 omnem

744 1059 1033 1123 indicavit,
1065 1072 1117 1114 et
1150 1071 1209 1113 ut
1238 1076 1268 1114 a
1302 1062 1535 1115 consilio
1569 1072 1857 1130 cmptoque
1889 1080 1990 1117 suo
2022 1064 2312 1118 desisteret

747 1151 918 1205 suasit
955 1170 966 1205 :
1019 1161 1231 1221 turpem
1269 1163 1325 1207 et
1368 1153 1654 1206 adversam
1702 1154 1894 1209 dicens
1929 1172 1995 1209 ex
2034 1157 2125 1209 tali
2168 1158 2311 1210 facto

748 1254 1169 1295 consecuturam
1218 1244 1435 1305 fatuam,
1483 1254 1647 1312 atque
1697 1244 2094 1299 Edessenorum
2142 1247 2312 1301 nihilo

750 1334 922 1402 magis
979 1335 1317 1389 alacritatem
1370 1340 1705 1391 exstinctum
1760 1340 1849 1392 iri.
1908 1339 2103 1394 Verbis
2160 1340 2311 1395 hisce

2423 609 2499 679 μὴ
2540 612 2620 671 είς
2649 612 2817 678 πέρας
2862 612 3016 677 ἄγειν
3048 612 3112 663 τὰ
3170 611 3399 674 δόξαντα
3430 626 3444 640 ο
3497 610 3828 680 αἰσχρότητα
3883 610 3993 678 γὰρ

2420 696 2561 754 εἶναι
2592 703 2653 753 ἑκ
2683 702 2777 754 τοῦ
2811 704 3094 773 δρωμένου
3144 704 3238 755 καὶ
3274 702 3561 756 δύσκλειαν
3597 718 3610 732 ο
3648 702 3876 763 ἐκείνοις
3910 702 3991 764 δὲ,

2420 794 2493 862 μὴ
2525 794 2742 861 ἐφικτὸν
2771 789 2929 860 εἶναι,
2966 794 3159 847 σϐέσαι
3196 793 3295 863 τὴν
3344 794 3673 862 προθυμίαν.
3712 790 3876 844 Ταῦτ’
3914 792 3992 842 εἰ·

2416 883 2556 945 πῶν,
2582 886 2644 937 τὸ
2666 886 2867 954 πλῆθος
2922 887 3217 953 ἀπείρατον
3271 886 3530 953 διετήρει,
3568 882 3984 951 Λοιόορησαμε-

2419 993 2508 1037 νος
2541 976 2585 1027 δ’
2612 978 2816 1039 ἐκεῖνος
2840 977 2929 1029 τον
2954 976 3197 1046 ὕπαρχον
3228 978 3322 1029 καὶ
3380 977 3487 1040 πὺξ
3510 977 3737 1038 παίσας,
3774 976 3907 1028 ἀλλὰ
3930 990 3992 1041 γε

2420 1066 2548 1129 τοὺς
2577 1068 2916 1137 ἡγουμένους
2972 1069 3064 1122 τοῦ
3120 1070 3362 1138 πλήθους
3416 1070 3748 1138 προσέταττε
3801 1069 3995 1137 συλλη-

2422 1158 2739 1231 φθέντας,ἢ
2784 1162 2860 1229 τῷ
2909 1162 3097 1231 Λύκῳ,
3148 1166 3243 1218 καὶ
3288 1163 3349 1215 ού
3407 1163 3656 1230 ποιμένι,
3710 1164 3994 1213 κοινωνεῖν

2420 1251 2659 1315 ἑλέσθαι,
2692 1252 2725 1323 ἢ
2760 1252 2952 1307 θᾶττον
2980 1255 3079 1323 τῆς
3109 1255 3315 1318 πόλεως
3338 1254 3565 1326 ἁπελᾷν,
3608 1256 3701 1307 καὶ
3726 1255 3816 1307 ἐπί
3842 1272 3993 1316 τινας

2419 1342 2689 1411 ἐσχατιὰς
2708 1346 2807 1412 γῆς
2836 1347 3249 1417 παραπέμπειν.

747 1430 1093 1485 innumeram
1148 1433 1559 1487 multitudinem
1606 1436 1897 1503 praefectus
1938 1438 2306 1490 conservavit.
2351 1436 2418 1490 At
2488 1438 2791 1505 imperator
2822 1441 2911 1494 ubi
2980 1442 3135 1495 illum
3166 1443 3584 1497 contumeliosis
3610 1441 3838 1496 vocibus
3868 1455 3995 1508 pro-

742 1526 946 1591 scidit,
982 1542 1162 1596 pugno
1202 1530 1365 1583 etiam
1410 1529 1651 1583 cecidit:
1723 1531 2093 1585 multitudinis
2172 1532 2535 1588 nihilominus
2581 1535 2752 1589 duces
2832 1538 3257 1605 comprehensos
3290 1538 3407 1606 cogi
3447 1538 3727 1606 praecepit,
3770 1546 3826 1588 ut
3901 1548 4001 1601 pi-r

748 1623 1026 1691 optionem
1060 1625 1143 1677 vel
1177 1640 1299 1678 cum
1336 1626 1478 1695 Lyco
1508 1642 1603 1681 seu
1642 1627 1803 1696 lupo,
1839 1641 1893 1681 et
1962 1644 2067 1681 nou
2100 1639 2343 1697 pastore,
2384 1632 2857 1687 communicarent
2891 1672 2905 1697 ,
2955 1634 3039 1686 vel
3129 1634 3265 1687 citra
3321 1648 3528 1686 morast
3586 1632 3719 1686 urbe
3766 1630 4000 1684 excede-

755 1727 901 1785 rent,
937 1729 1101 1790 atque
1126 1721 1191 1775 ad
1229 1723 1449 1776 ultimas
1478 1737 1604 1777 oras
1636 1724 1942 1778 exsulatqu
1974 1725 2139 1778 irent.

1301 1834 1525 1890 CAPUT
1563 1834 1755 1889 XXIII.

754 1924 829 1978 De
862 1924 1079 1993 Eulogio
1112 1936 1159 1977 et
1184 1925 1497 1996 Protogene,
1516 1936 1570 1981 ut
1595 1928 1871 1996 magniﬁce
1889 1944 1981 1994 pro
2013 1929 2115 1993 ﬁde
2143 1930 2319 1982 decer-

824 1997 1087 2049 taven’nt:
1144 2005 1191 2047 et
1251 2005 1306 2048 ut
1358 2009 1471 2061 post
1522 1999 1747 2049 reditum
1800 2000 1861 2050 ab
1903 2000 2126 2060 exsilio,
2184 2001 2319 2052 alter

821 2064 1057 2202 fdessw,
1083 2066 1219 2119 alter
1249 2076 1424 2119 autem
1452 2066 1631 2122 Curris
1656 2068 1900 2121 Ecclesia”
1933 2070 2157 2139 episcopi
2176 2087 2316 2139 pra:-

850 2139 1041 2186 uerint.

850 2143 1041 2186 uertat.

823 2246 993 2300 Porro
1034 2247 1125 2301 ubi
1163 2249 1453 2318 praefectus
1508 2252 1629 2306 illos
1684 2267 1876 2307 omnes
1904 2266 2314 2323 congregasset,

755 2337 1103 2405 imperatoris
1153 2339 1405 2393 mandata
1442 2342 1493 2393 in
1553 2342 1793 2395 medium
1828 2344 2074 2411 protulit,
2108 2346 2319 2399 lenibus

757 2437 916 2481 utens
953 2429 1151 2489 verbis.
1221 2431 1594 2501 stolidumque
1656 2448 1777 2487 esse
1807 2434 2032 2498 dicens,
2075 2450 2170 2488 eos
2211 2445 2318 2489 tam

757 2535 960 2587 paucos
986 2530 1042 2573 et
1082 2520 1385 2578 imbecilles
1418 2525 1668 2578 homines
1708 2536 1899 2579 contra
1931 2527 2317 2595 imperatorem

754 2601 1069 2674 tantumget
1101 2621 1179 2666 tot
1211 2616 1426 2682 populis
1465 2616 1823 2684 imperantem
1873 2619 1991 2672 niti.
2019 2619 2097 2671 Illi
2134 2630 2318 2672 autem

760 2704 909 2756 taciti
943 2722 1133 2759 omnes
1165 2709 1481 2772 constitere,
1531 2710 1585 2764 in
1620 2709 1817 2764 ducem
1849 2726 2005 2764 suum
2037 2711 2321 2780 (Eulogius

758 2796 807 2849 is
834 2805 972 2859 erat,
1019 2797 1101 2849 vir
1129 2797 1237 2850 vita
1274 2798 1436 2852 simul
1468 2807 1523 2852 et
1557 2800 1803 2854 doctrina
1848 2800 2172 2871 condignam
2206 2803 2316 2855 lau-

757 2890 881 2943 dem
908 2892 1252 2962 consecutus)
1286 2903 1689 2960 respectantes.
1721 2895 1799 2948 Ad
1832 2894 1979 2948 hunc
2014 2896 2181 2957 igitur
2212 2895 2323 2950 Mo-

758 2980 944 3033 destus
975 2995 1298 3035 conversus:
1321 2982 1464 3047 Quid
1493 2984 1566 3037 ita
1594 2984 1833 3045 tandem,
1859 2985 2057 3054 inquit,
2080 3001 2113 3039 ο
2134 3002 2322 3051 senex,

760 3084 867 3123 non
927 3072 1267 3141 respondes?
1319 3075 1504 3142 Atqui,
1564 3075 1848 3145 respondit
1898 3077 2009 3143 ille,
2057 3092 2323 3147 responso

2980 1837 3022 1887 Κ
3037 1839 3155 1889 lim
3168 1840 3205 1889 .\
3218 1878 3229 1890 .
3288 1837 3327 1887 K
3340 1836 3413 1889 l".

2423 1925 2557 1991 Περὶ
2602 1926 2895 1988 Εὐλογίςψ
2946 1927 3041 1977 καί
3100 1924 3542 1991 Πρωτογένους,
3596 1924 3673 1986 ὡς
3706 1924 3855 1990 ὑπὲρ
3885 1923 3997 1987 τῆς

2493 1998 2750 2056 πίστεως
2776 1997 3147 2061 ἠγωνίσαντο
3170 2012 3183 2025 ·
3219 1996 3318 2047 καὶ
3359 1996 3504 2060 μετὰ
3547 1994 3662 2057 τὴν
3693 1993 3998 2045 ἐπιὶνιηδον

2492 2069 2523 2117 ό
2553 2066 2668 2132 μὲν
2702 2064 2808 2129 τῆς
2846 2063 3248 2130 Ἐδεσσηνῶν,
3293 2063 3676 2129 Πρωτογένης
3698 2063 3759 2114 δέ
3786 2061 3897 2129 τῆς
3929 2066 4000 2114 ἐν

2492 2134 2749 2202 Eappan,-
2773 2135 3116 2200 ἐκκλησίας
3154 2135 3569 2201 προέστησαν.

2505 2250 2658 2301 Ἐπεὶ
2679 2250 2735 2301 δὲ
2765 2250 2968 2309 πάντας
2990 2248 3251 2315 ἁθροίσας
3278 2245 3347 2298 τὰ
3380 2246 3455 2313 τῷ
3476 2245 3691 2312 βασιλεῖ
3725 2260 3999 2311 προστατ-

2420 2342 2621 2410 τόμενα
2648 2344 2727 2404 είς
2758 2344 2921 2410 μέσον
2948 2341 3134 2403 ὲτίθει,
3168 2340 3353 2409 ἠπίαις
3384 2341 3456 2393 τὰ
3496 2340 3690 2408 πρῶτα
3713 2341 3998 2408 χρώμενος

2423 2436 2601 2501 λόγοις
2633 2451 2646 2465 ο
2683 2434 2892 2503 ἠλίθιον
2953 2434 3060 2501 γὰρ
3107 2428 3244 2486 εἷναι
3295 2432 3448 2499 ἔλεγε
3500 2431 3708 2501 βασιλεῖ
3757 2431 3997 2499 τοσούτῳ

2424 2531 2519 2582 καὶ
2550 2527 2824 2581 τοσούτων
2866 2528 3217 2595 κατάρχοντι,
3254 2525 3611 2595 βραχυτάτοις
3640 2522 3811 2583 οὕτως
3852 2524 4001 2573 ἀκτι-

2421 2622 2621 2674 τείνειν
2646 2619 2984 2687 ἀνθρὼποις’
3012 2619 3087 2679 ὡς
3112 2617 3155 2669 δ’
3185 2616 3419 2677 ἅπαντες
3442 2618 3501 2667 ὲν
3534 2618 3658 2683 σιγῇ
3685 2610 3998 2683 ἦσαν,πρὸς

2424 2716 2515 2765 τὸν
2567 2714 2772 2765 τούτων
2827 2710 3129 2780 ἡγούμενον
3178 2708 3490 2777 ἀφορῶντες
3530 2706 3808 2777 (Εύλόγιος
3834 2704 4000 2765 οὗτος

2424 2799 2513 2872 ἦν,
2533 2803 2669 2870 ἀνὴρ
2686 2800 2782 2870 βίῳ
2801 2803 2891 2851 καὶ
2911 2799 3054 2867 λόγῳ
3078 2799 3138 2849 τὸ
3166 2794 3677 2864 ἁξιέπαινονέχων)“
3701 2798 3726 2845 ό
3748 2794 3996 2861 ὕπαρχος

2426 2893 2558 2958 πρὸς
2578 2896 2782 2944 ἐκεῖνον
2803 2891 3082 2959 στραφεὶς,
3100 2888 3238 2956 Τίδή
3262 2904 3411 2952 ποτε,
3427 2886 3554 2956 ἔφη,
3575 2884 3878 2952 πρεσϐύτα,
3898 2886 4003 2935 οὐκ

2425 2986 2731 3055 ἀποκρίνῃς
2771 2983 2828 3035 Ὀ
2899 2982 2978 3047 δὲ,
3018 2983 3131 3034 Ούκ
3186 2981 3369 3049 οἴομαι
3424 2979 3545 3032 δέον
3601 2973 3768 3041 εἶναι,
3829 2976 4001 3045 μηδὲν

2426 3075 2799 3146 ἐρωτώμενος,
2830 3073 3248 3144 ἀποκρίνεσθαι.
3288 3073 3401 3125 Καὶ
3452 3071 3560 3141 μὴν
3603 3072 3832 3132 ὲκείνος,
3864 3069 4003 3120 [Ιολ-

759 3162 896 3216 nihil
925 3179 1064 3232 opus
1112 3181 1255 3233 esse,
1286 3167 1381 3236 qui
1428 3168 1797 3238 interrOgatus
1842 3186 1950 3223 non
1987 3185 2190 3237 essem,
2224 3186 2322 3240 pu-
2349 3184 2391 3240 ε
2426 3168 2452 3219 λ

2309 3201 2322 3210 -
2349 3184 2391 3240 c
2426 3168 2570 3231 λοὺς,
2604 3168 2756 3235 φησὶ,
2788 3165 3138 3233 διεξελήλυθα
3162 3164 3380 3230 λόγους,
3410 3163 3480 3216 τὰ
3520 3161 3835 3215 συνοίσοντα
3866 3161 4002 3229 ύμῖν

758 3255 889 3308 tavi.
924 3255 1161 3309 Rursum
1187 3258 1478 3326 prefectus
1516 3278 1529 3313 :
1564 3260 1729 3315 Multa
1770 3272 1918 3317 certe
1952 3263 2018 3317 ad
2057 3278 2173 3328 vos,
2204 3276 2326 3331 quae

762 3346 914 3397 utilia
962 3348 1118 3401 vobis
1161 3359 1367 3415 essent,
1422 3366 1740 3419 exponens,
1805 3354 1971 3407 verba
2013 3355 2136 3408 feci.
2187 3354 2326 3408 Tum

762 3433 1023 3505 Eulogius
1058 3458 1070 3490 :
1109 3438 1203 3493 Illa
1233 3441 1455 3509 quidem
1514 3442 1580 3495 ad
1638 3446 1925 3498 universos
1977 3458 2105 3499 sunt
2158 3446 2326 3500 dicta.

761 3528 873 3596 Ego
896 3538 1077 3582 autem
1111 3530 1353 3599 ineptum
1386 3547 1505 3587 esse
1542 3535 1870 3599 existimavi,
1909 3539 1951 3590 si
1990 3537 2172 3591 multis
2195 3538 2337 3607 reje-

759 3622 882 3683 etis,
918 3622 1030 3688 ipse
1064 3626 1469 3692 responderem.
1506 3627 1661 3698 145
1718 3627 1874 3692 Quod
1913 3628 1956 3681 si
2016 3643 2103 3681 m0
2147 3629 2328 3682 solum

763 3722 1148 3776 percunctatus
1182 3712 1370 3777 fueris,
1416 3716 1563 3769 illico
1604 3718 1700 3769 tibi
1763 3720 2094 3770 sententiam
2152 3732 2327 3770 meam

758 3816 1053 3868 exponam.
1087 3804 1163 3857 lbi
1195 3806 1483 3874 praefectus
1518 3825 1532 3861 :
1571 3808 1709 3877 Ergo
1744 3818 1802 3861 ut
1841 3824 1967 3861 cum
2002 3810 2331 3877 imperatore

768 3892 866 3943 tibi
934 3897 1249 3947 eonnnunio
1281 3894 1392 3958 sit,
1446 3896 1631 3950 facito.
1676 3915 1695 3947 ι
1730 3896 1989 3966 Eulogius
2042 3911 2171 3950 vero
2217 3911 2331 3949 ma-

766 3998 869 4051 gna
901 3998 1025 4037 eum
1060 3988 1228 4053 gratia
1262 3984 1439 4042 facete
1466 3988 1761 4042 admodum
1804 3988 2056 4041 arridens
2081 4004 2095 4040 :
2120 3984 2332 4041 «Offert

764 4078 935 4141 enim,
997 4080 1194 4148 inquit,
1227 4091 1281 4135 et
1342 4097 1448 4135 una
1492 4097 1617 4135 cum
1673 4082 1907 4151 imperio
1962 4081 2330 4136 sacerdotium

765 4166 985 4239 quoque
1033 4174 1260 4226 sortitus
1304 4183 1389 4227 est
1429 4175 1525 4243 (ηε
1565 4195 1583 4224 ι
1616 4174 1818 4229 Verum
1856 4174 1943 4228 ille
1978 4173 2245 4227 ironicum
2275 4182 2333 4227 et

764 4266 1166 4319 amarulcuttnn
1205 4268 1410 4321 dictum
1442 4268 1709 4329 sentiens,
1744 4269 1982 4335 graviter
2002 4267 2053 4320 id
2091 4267 2251 4330 tulit,
2276 4274 2333 4319 et

760 4359 924 4427 jai-tis
957 4362 1005 4411 in
1038 4374 1223 4413 senem
1255 4361 1548 4426 conviciis,
1594 4361 1659 4413 ad
1694 4360 1799 4413 alia
1830 4360 1945 4413 haec
1980 4360 2203 4428 insuper
2235 4358 2333 4412 ad-

765 4452 951 4507 didit:
1020 4468 1038 4503 ι
1082 4452 1197 4505 Non
1250 4453 1353 4505 hoc
1408 4452 1544 4515 dixi,
1598 4451 1825 4505 attonite
1872 4461 1926 4504 et
1986 4450 2175 4515 stulte,
2233 4448 2328 4503 sed

2429 3260 2837 3328 εἰσηγούμενος.
2875 3260 2933 3313 Ὀ
2977 3258 3021 3309 δ’
3055 3257 3335 3322 Εὐλόγιος,
3363 3256 3581 3307 Ἐκεῖνα
3609 3255 3711 3323 μὲν
3756 3257 3897 3323 πρὸς
3930 3254 3996 3309 ἆ·-

2430 3366 2635 3411 παντας
2658 3350 2905 3418 εἴρηται*
2940 3347 3030 3400 καί
3066 3364 3129 3415 γε
3160 3345 3362 3399 ἄτοπον
3395 3344 3578 3415 ᾤμην,
3606 3346 3733 3407 τοὺς
3762 3344 4000 3409 πολλοὺς

2430 3443 2869 3510 παρωσάμενος,
2915 3441 3079 3493 αύτὺν
3157 3438 3615 3507 ἀποκρίνασθαι·
3664 3439 3712 3490 εί
3785 3438 3829 3490 δ’
3901 3439 4005 3506 ἐμὲ

2433 3532 2593 3599 μόνον
2638 3533 2806 3600 ἔροιο,
2838 3532 2897 3583 το
2948 3530 3144 3583 δοκοῦν
3175 3530 3335 3591 εὐθύς
3393 3545 3476 3580 σοι
3514 3528 3761 3598 δηλώσω.
3808 3529 3921 3581 Καὶ
3976 3530 4003 3580 ὁ

2431 3622 2695 3692 ὕπαρχος,
2728 3622 2938 3692 Τοιγάρ
2964 3639 3047 3675 τοι
3084 3621 3296 3691 βασιλεί
3322 3621 3652 3688 κοινωνῆσαι
3682 3618 3828 3681 ἑλοῦ,
3855 3622 3882 3671 ό
3917 3620 4000 3686 δὲ,

2430 3715 2658 3775 ἀστείως
2694 3714 2836 3781 μάλα
2879 3714 2973 3765 καὶ
3007 3713 3251 3782 χαρίεντι
3278 3712 3354 3779 τῷ
3382 3712 3502 3782 ἧθει
3536 3711 4001 3781 προσμειδιάσας,

2430 3807 2737 3875 Προσφέρει
2794 3805 2928 3871 γὰρ,
2976 3804 3107 3870 εφη,
3141 3806 3236 3856 καὶ
3274 3803 3411 3873 μετὰ
3449 3802 3548 3872 τῆς
3592 3802 3865 3871 βασιλείας
3906 3805 4006 3855 καὶ

2427 3898 2488 3949 τὸ
2525 3898 2772 3965 ἱερᾶσθαι
2828 3897 3199 3965 κεκλήρωται.
3248 3913 3266 3945 ι
3314 3895 3378 3946 '0
3431 3896 3490 3948 δὲ
3548 3894 3803 3963 χαλεπῶς
3833 3896 4004 3961 εἰρω-

2428 3987 2575 4047 νείας
2625 3984 3041 4055 ὲπῃσθημὲνος,
3101 3984 3557 4054 λοιδορησάμενος
3599 3984 3656 4035 δὲ
3698 3984 3775 4053 τῷ
3828 4002 4005 4051 πρεσ-

2430 4076 2593 4147 ϐύτῃ,
2629 4077 2767 4146 πρὸς
2791 4077 2904 4137 τοίς
2936 4075 3122 4139 ἄλλοις
3169 4076 3262 4127 καὶ
3312 4073 3488 4127 ταῦτα
3514 4075 3832 4143 ἐπήγαγεν·
3866 4093 3885 4125 ‹
3925 4076 4005 4129 Οὔ

2428 4165 2593 4219 τοῦτο
2632 4162 2811 4231 εἶπον,
2852 4164 3213 4235 ἐμϐρόντητε,
3239 4166 3377 4218 ἀλλὰ
3399 4165 3726 4233 κοινωνῆσαι
3758 4159 3836 4228 οἷς
3867 4168 4011 4218 ἐκεί-

2432 4274 2518 4318 νος
2544 4255 2866 4318 ἐπισκόποις
2927 4254 3164 4307 κελεύει.
3193 4254 3335 4306 ‘AD.’
3376 4252 3507 4322 ἐγὼ,
3539 4257 3704 4322 φησιν
3744 4258 3770 4306 ό
3831 4272 4007 4323 πρεσο

2431 4349 2621 4418 ϐύτης,
2678 4348 2773 4400 καὶ
2808 4347 3065 4416 ποιμένος
3119 4346 3220 4398 οὐκ
3251 4345 3486 4415 ἄμοιρος
3513 4361 3528 4376 ο
3566 4340 3627 4398 οὗ
3683 4346 3780 4413 τῆς
3816 4348 4005 4414 φωνῆς

2432 4440 2505 4501 ὡς
2548 4439 2778 4507 γνησίας
2813 4436 3219 4507 ὲπῃσθημινος,
3252 4437 3347 4487 καὶ
3380 4438 3496 4498 τοῖς
3532 4435 3743 4488 ἐκείνου
3796 4436 4009 4505 δόγμα-

765 4544 1172 4596 εοηιηιυιιίοςιω
1205 4550 1253 4597 te
1285 4542 1486 4597 debere
1511 4584 1525 4608 ,
1560 4558 1684 4597 cum
1708 4542 1906 4610 quibus
1935 4542 2023 4595 ille
2059 4542 2327 4611 praecipit,
2362 4518 2407 4574 D
2436 4548 2458 4583 ο

2313 4584 2327 4609 ,
2362 4518 2407 4574 Ι)
2436 4548 2520 4583 σιν
2545 4530 2787 4599 ἕπομαι·
2819 4529 2913 4582 καὶ
2945 4528 3005 4580 ού
3037 4528 3144 4597 χρή
3181 4544 3271 4595 μοι
3303 4529 3401 4594 τῆς
3453 4526 3715 4597 τοιαύτης
3768 4532 4004 4597 νοτερᾶς

763 4638 1062 4705 episcopis.
1102 4636 1169 4689 At
1200 4650 1323 4704 ego,
1348 4635 1543 4703 inquit,
1574 4644 1630 4688 et
1654 4650 1819 4689 senex
1848 4650 1991 4699 sum,
2020 4643 2075 4688 et
2100 4636 2331 4703 pastoris

767 4744 875 4783 non
913 4743 1108 4796 expers
1144 4744 1156 4780 :
1189 4729 1344 4795 cujus
1372 4741 1566 4780 vocem
1610 4734 1671 4781 ut
1717 4740 2031 4795 germanam
2060 4725 2330 4795 intelligo,

763 4830 821 4874 et
843 4821 1147 4873 doctrinam
1176 4834 1399 4888 sequor,
1431 4832 1609 4887 neque
1641 4818 1773 4871 mihi
1810 4828 1916 4870 tam
1945 4818 2253 4886 perniciosa
2274 4827 2332 4872 et

767 4911 1026 4980 pestifera
1068 4910 1237 4965 herba
1262 4925 1398 4980 opus
1424 4921 1529 4964 est.
1572 4929 1590 4961 ι
1623 4910 1781 4963 Hisce
1813 4910 1996 4963 verbis
2038 4908 2221 4963 lurore
2250 4910 2332 4963 in-

766 5016 986 5065 census,
1014 5001 1265 5055 celeriter
1290 5000 1563 5069 octoginta
1604 5015 1666 5053 cx
1706 5001 1786 5053 eis
1827 4999 1920 5068 qui
1956 4998 2326 5052 multitudinis

765 5104 952 5147 essent
974 5094 1121 5147 velut
1148 5094 1416 5148 columnae
1441 5134 1457 5158 ,
1491 5094 1919 5163 comprehensos
1958 5092 2012 5146 in
2036 5090 2325 5144 Thraciam

771 5188 1049 5256 relegavit.
1087 5188 1264 5255 Atque
1309 5187 1385 5240 illi
1439 5187 1603 5241 vincti
1636 5188 2059 5249 circumeuntes,
2100 5185 2331 5254 benigne

767 5294 798 5335 a
834 5279 1019 5331 multis
1041 5288 1168 5332 sunt
1191 5280 1388 5332 curati.
1418 5278 1531 5332 Vici
1567 5279 1712 5332 enim
1751 5287 1807 5332 et
1850 5277 2101 5331 civitates
2125 5276 2206 5329 eis
2234 5275 2335 5330 ob-

769 5369 914 5421 viam
954 5368 1387 5438 progredientes,
1412 5378 1667 5438 tanquam
1704 5384 1849 5422 vera:
1891 5366 2115 5437 pietatis
2138 5366 2335 5420 delen-

771 5461 993 5517 soribus
1045 5461 1289 5515 debitum
1359 5462 1733 5531 pratstiterunt
1808 5461 2097 5514 honorem.
2165 5457 2337 5512 Porro

769 5549 978 5612 invidia
1025 5566 1304 5619 nunquam
1335 5566 1446 5605 non
1484 5551 1654 5605 aciem
1680 5550 1975 5614 instruens,
1995 5549 2062 5603 ad
2100 5549 2340 5618 impera-

2436 4618 2571 4681 πόας
2600 4618 2694 4671 καὶ
2725 4616 3045 4686 θανασίμου.
3100 4634 3119 4666 ι
3169 4615 3394 4677 Τούτοις
3430 4616 3756 4683 ἀναφλεγεὶς
3790 4620 3867 4679 είς
3904 4618 4005 4669 θυ-

2440 4712 2561 4781 μὸν,
2599 4710 2793 4764 θᾶττον
2824 4710 3160 4778 ὀγδοήκοντα
3188 4708 3397 4761 τούτων
3434 4708 3732 4775 συλλαϐὼν,
3765 4710 3882 4762 ὅσοι
3903 4711 4004 4764 τοῦ

2436 4804 2675 4874 πλήθους
2726 4799 2867 4874 ἦσαν
2913 4801 3105 4870 ὥσπερ
3140 4800 3511 4871 στηρίγματα,
3574 4802 3709 4869 προς
3770 4801 4002 4872 Θρᾴκην

2434 4897 2769 4965 ἔειπεμπεν.
2833 4895 2899 4948 Ol
2959 4895 3015 4947 δὲ
3064 4895 3275 4963 δέσμιοι
3322 4893 3575 4959 διιόντες,
3622 4892 3823 4962 πολλῆς
3854 4912 4005 4959 τινος

2431 4989 2711 5060 ἀπήλαυον
2738 4988 2838 5057 τῆς
2883 4986 3214 5057 κηδεμονίας
3234 5001 3248 5016 °
3280 4987 3373 5039 καὶ
3402 4986 3588 5055 κῶμαι
3619 4986 3729 5055 γὰρ
3782 4988 3877 5041 καὶ
3905 4988 4005 5040 πό-

2432 5083 2542 5144 λεις
2572 5080 2815 5146 ιξιοῦσαι
2851 5081 3274 5149 προσυπήντων,
3334 5079 3410 5141 ὡς
3451 5078 3735 5141 εὐσεϐείας
3779 5080 4005 5148 προμα-

2435 5192 2551 5245 χοις
2574 5175 2635 5225 τὸ
2668 5174 2813 5235 εἰκὸς
2840 5173 3236 5241 ἁφοσιούμεναι
3270 5173 3459 5241 γέρας.
3506 5172 3565 5224 Ὀ
3597 5172 3651 5224 δὲ
3684 5172 3879 5239 φθόνος
3914 5174 4009 5228 ἀεὶ

2436 5268 2775 5335 στρατεύων,
2808 5267 2887 5328 είς
2913 5266 3140 5335 βασιλέα
3171 5266 3365 5318 θᾶττον
3391 5265 3661 5334 ἀπέτρεχε
3686 5280 3699 5293 ·
3732 5267 3825 5316 καὶ
3857 5283 4011 5334 παμ-

2437 5359 2663 5426 πόλλης,
2695 5358 2871 5425 ἔλεγε,
2898 5358 3156 5429 πρόξενος
3184 5358 3351 5426 τιμῆς
3376 5358 3615 5425 ἐγεγόνει
3647 5356 3680 5425 ἠ
3714 5356 3843 5424 παρ’
3876 5356 4010 5424 ὑμῖν

2438 5450 2759 5518 νομισθεῖσα
2816 5450 3004 5520 ὲξορία.
3036 5452 3150 5514 τοῖς
3207 5449 3545 5513 καταδίκοις,
3581 5449 3648 5499 Ὀ
3706 5448 3771 5516 δὴ
3814 5449 4010 5515 μαθὼν

2439 5545 2670 5608 ἐκεῖνος,
2731 5544 2873 5596 κατὰ
2924 5542 3016 5596 δύο
3080 5542 3419 5612 διαιρεθῆναι
3480 5539 3853 5610 προστάττει·
3910 5542 4011 5592 καὶ⁵

858 5736 935 5804 il)
964 5735 1119 5804 Apud
1151 5733 1482 5806 Theodoret.
1510 5735 1716 5791 dictum
1768 5734 1869 5791 hoc
1901 5750 2000 5806 per
2046 5731 2529 5804 interrogationem
2558 5730 2823 5789 effertur:
2884 5727 2967 5781 An
2994 5743 3113 5781 cum
3173 5726 3396 5797 imperio
3430 5721 3785 5796 episcopatu»:
3845 5724 4016 5778 etiam

766 5810 887 5873 i’viit
910 5808 934 5861 ἵ
958 5807 1077 5863 Lib.
1109 5820 1184 5875 tv,
1219 5821 1334 5878 cap.
1372 5805 1457 5860 l8.
