4288 6438
300 431 398 497 GH

1232 432 1836 493 ECCLESMSTICIE
1880 432 2270 493 HISTORIA?
2314 435 2459 496 LIB.
2495 433 2594 496 Χῖ.

3429 432 3537 497 6ίῖ

304 558 427 615 τοὺς
486 551 585 620 μὲν
634 550 878 621 Θρᾴκην,
930 550 1059 613 τοὺς
1107 548 1438 619 δ”Αραῦίαν
1477 551 1569 602 καὶ
1631 550 1996 615 ΘηϐαῖδαΑι

1841 567 1876 603 α
1904 554 1947 609 Α
1979 559 2149 603 torem
2182 566 2305 604 mox
2338 550 2634 619 procurrit,
2669 556 2722 602 et
2756 548 3055 602 multorum
3088 547 3358 602 honorum
3400 565 3534 605 cau-

296 647 486 705 οἰκεῖν,
519 644 613 697 καὶ
644 643 840 705 ἄλλους
864 641 1101 712 ἀλλαχοῦ
1136 643 1505 713 διασπαρῆναι
1540 645 1651 706 τοῖς
1676 643 1865 712 πολιχ-

296 737 452 797 νίοις.
493 736 553 787 Ei
585 735 639 787 δέ
678 752 781 786 που
797 734 889 786 καὶ
921 734 1141 802 ἀδελφοὶ
1183 736 1462 805 παρῆσαν,
1498 735 1591 787 ἀπ’
1620 734 1865 804 ἀλλήλων

294 826 493 879 sum.
525 825 784 891 Εὑλόγιον
818 828 1004 894 μέντοι
1038 825 1132 878 καὶ
1154 827 1519 895 Πρωτογένην
1546 828 1613 878 τὰ
1634 826 1864 895 δεύτερα

296 920 423 987 μετ’
462 918 673 971 ἐκεῖνον
698 917 913 985 ἔχοντα,
950 918 1029 980 είς
1061 918 1285 970 Ἀντινὼ
1322 920 1421 987 τὴν
1447 918 1701 987 Θηϐαίων
1731 918 1863 982 ἐξώ-

292 1009 468 1079 ριζεν.
497 1007 641 1079 Ὀση
672 1008 714 1059 δ’
738 1008 966 1061 ἐκείνων
998 1009 1030 1076 ἠ
1064 1008 1254 1077 ἁρετὴ,
1287 1006 1537 1060 ἐντεῦθεν
1579 1008 1863 1078 δειχθήσε-

289 1116 404 1152 ται.
462 1098 614 1153 Ἐπεὶ
672 1100 781 1167 γάρ
848 1097 1133 1167 σύμφρονά
1179 1115 1302 1151 τινα
1356 1100 1655 1153 ἐπίσκοπον
1705 1094 1863 1169 εὖρον

288 1192 495 1254 ἐκεῖσε,
527 1194 811 1245 κοινωνεῖν
846 1191 1077 1256 εἴλοντο,
1108 1193 1204 1245 καὶ
1234 1191 1341 1244 τῶν
1389 1194 1861 1262 ίκκ).ησιαστικῶν

290 1288 545 1354 μετεῖχον
579 1285 875 1353 συλλόγων.
911 1286 1143 1352 Ὀλίγων
1174 1287 1231 1340 δὲ
1291 1286 1496 1358 σφόδρα
1535 1288 1861 1357 ἀθροιζομέ-

287 1394 420 1441 νων,
457 1377 531 1437 ὡς
563 1377 812 1444 ἔγνωσαν
843 1378 945 1447 τὴν
989 1379 1192 1440 αἰτίαν,
1227 1378 1496 1447 Ἕλληνας
1534 1372 1673 1429 εἶναι
1714 1378 1861 1429 ἑποί-

284 1485 416 1531 κους
448 1468 550 1536 τῆς
580 1470 807 1532 πόλεως,
842 1471 909 1522 τά
942 1471 1127 1523 εἰκότα
1166 1470 1263 1539 τῆς
1310 1471 1518 1535 πλάνης
1550 1470 1860 1540 θρηνήσαν-

282 1578 399 1623 τες,
426 1562 488 1614 ού
521 1562 635 1614 δεῖν
666 1564 930 1632 ἐνόμισαν
959 1563 1122 1633 μέχρι
1143 1562 1237 1615 τοῦ
1268 1562 1539 1631 κόῲασθαι
1569 1563 1856 1617 ἵστασθαι·

286 1652 411 1705 ἀλλ’
438 1654 514 1715 ὡς
559 1655 727 1717 είκδς.
760 1656 856 1707 καὶ
902 1656 1004 1723 τῆς
1047 1654 1269 1707 ἐκείνων
1306 1656 1553 1725 ἰατρείας
1598 1656 1858 1723 φροντίδα

281 1744 529 1799 ἐποίουν.
566 1748 675 1800 Καὶ
714 1747 973 1813 Εὐλὸγιος
1008 1745 1108 1817 μὲν
1153 1749 1365 1820 amate
1395 1750 1588 1803 ἑαυτὸν
1636 1749 1856 1819 καθείρ‹

280 1834 403 1899 ξχς,
468 1838 643 1906 ἠσυχῆ
705 1837 975 1907 καθῆστο.
1032 1836 1124 1892 τὸν
1174 1840 1281 1892 τῶν
1334 1841 1473 1893 ὅλων
1519 1841 1854 1894 ὲκδυσωπῶν

1971 656 2084 694 sam
2124 657 2247 695 esse
2296 641 2453 705 divit,
2500 641 2643 708 quod
2695 640 3068 695 condenmatis
3112 642 3360 694 exsilium
3414 641 3531 695 fore

1968 740 2270 799 putaretur.
2311 730 2607 799 Imperator
2637 746 2694 783 re
2733 732 2970 799 cognita,
3002 730 3298 799 disgregari
3331 745 3447 795 eos,
3475 742 3530 784 ct

1970 820 2127 875 binos
2179 823 2375 891 partim
2438 823 2489 875 in
2541 822 2851 881 Thraciam.
2901 823 3095 889 partim
3151 823 3203 874 in
3247 822 3527 882 Arabiam,

1966 911 2229 979 quosdam
2263 913 2317 966 in
2349 910 2707 973 Thebaidem,
2749 920 2908 979 alque
2942 911 3076 964 alios
3110 912 3215 965 alio
3248 913 3300 965 in
3330 912 3527 979 oppida

1965 1003 2199 1072 dispergi
2231 1003 2386 1072 iussit
2422 1005 2524 1070 (1).
2580 1002 2634 1057 Si
2667 1003 2758 1071 qui
2798 1004 2962 1057 etiam
3015 1003 3157 1056 inter
3183 1019 3278 1057 eos
3331 1002 3533 1057 fratres

1964 1103 2167 1157 essent,
2198 1096 2432 1165 disjungi
2468 1097 2681 1149 curavit
2712 1096 2809 1165 (2).
2845 1095 3104 1161 Eulogius
3140 1110 3291 1159 sane,
3321 1105 3375 1150 et
3397 1095 3529 1151 Pro—

1964 1193 2208 1255 togenes,
2230 1187 2321 1256 qui
2356 1188 2624 1242 secundas
2653 1188 2719 1239 ab
2753 1189 2844 1241 illo
2877 1188 3109 1251 ferebat,
3136 1188 3408 1241 Antinoen
3443 1189 3520 1255 (5)

1965 1275 2321 1331 Thebreorum
2408 1280 2663 1347 oppidum
2741 1279 3008 1348 deportati
3080 1290 3227 1333 sunt.
3314 1279 3526 1345 Quanta

1963 1377 2145 1421 autem
2198 1369 2412 1423 illorum
2446 1370 2619 1423 virtus
2676 1369 2859 1432 fuerit,
2906 1370 3037 1424 illttd
3074 1370 3353 1425 indicabit.
3387 1370 3533 1423 Cunr

1963 1475 2199 1528 namque
2237 1464 2522 1517 sententire
2543 1478 2652 1517 sum
2690 1463 3003 1532 episeOpum
3038 1464 3111 1517 ibi
3167 1465 3522 1533 reperissent,

1961 1553 2366 1608 communicare
2396 1565 2712 1625 coeperunt,
2759 1566 2812 1609 et
2844 1556 3249 1611 ecclesiasticos
3280 1572 3519 1609 conven-

1960 1655 2047 1699 tus
2085 1658 2332 1715 egerunt.
2361 1648 2533 1702 Porro
2566 1665 2689 1703 cum
2724 1650 2880 1717 pauci
2914 1649 3069 1703 valde
3104 1650 3169 1702 ad
3208 1664 3303 1704 eos
3329 1664 3527 1703 convc-

1958 1735 2161 1798 nirent,
2192 1746 2247 1790 et
2267 1750 2484 1790 causam
2528 1738 2647 1808 ejus
2672 1739 2749 1790 rei
2785 1754 2907 1793 esse
2953 1739 3338 1808 comperirent,
3379 1744 3522 1809 quo'l

1957 1821 2158 1879 Graecae
2185 1827 2592 1896 superstitionis
2621 1828 2849 1882 studiosi
2886 1830 3143 1899 oppidani
3176 1839 3360 1886 essent
3396 1832 3525 1885 :ubi

277 1927 443 1982 Θεὸν.
486 1927 547 1980 '0
576 1929 634 1981 δὲ
666 1932 1053 2001 Πρωτογένης,
1090 1932 1159 1983 τὰ
1184 1932 1309 2002 ίερᾶ
1350 1934 1656 2002 γράμματα
1690 1936 1857 1987 ἐκπε-
1887 1917 1933 1977 Β
1961 1933 1970 1986 1

1831 1962 1857 1973 ..
1887 1917 1933 1977 B
1961 1932 2059 1986 pro
2102 1933 2167 1973 eo
2205 1930 2366 1988 atque
2395 1919 2574 1983 decet,
2594 1935 2834 1975 errorem
2865 1937 2991 1975 eum
3041 1922 3361 1987 eluxissent,
3412 1940 3524 1977 non

278 2019 671 2088 παιδευμένος,
704 2024 797 2074 καὶ
845 2023 1083 2091 γράφειν
1134 2024 1281 2089 μάλα
1334 2025 1729 2094 ἐξησκημένος,
1776 2026 1855 2077 δι-

275 2108 604 2162 δασκαλείου
636 2111 942 2180 μειρακίων
990 2114 1310 2181 προῖστατο,
1338 2115 1504 2169 τόπον
1540 2117 1622 2178 είς
1659 2118 1854 2170 παιδα-

277 2200 518 2265 γωγεῖον
552 2200 863 2268 ἐπιτήδειον
894 2201 1168 2271 εὑρηκώς.
1203 2202 1425 2272 Ἀμέλει
1464 2206 1559 2258 καὶ
1614 2208 1851 2275 γράφειν

278 2290 361 2352 εἷς
386 2307 448 2343 τε
481 2290 678 2352 κάλλος
707 2293 802 2345 καὶ
848 2293 1034 2362 τάχος,
1088 2296 1187 2348 καὶ
1257 2297 1326 2348 τά
1371 2296 1495 2365 ίερὰ
1536 2298 1849 2361 ἔξεπαίδευε

274 2381 467 2448 λόγιαο
507 2383 576 2436 τά
599 2400 659 2436 τε
707 2384 972 2436 Δαυῖδικὰ
1005 2385 1139 2456 μέλη
1172 2388 1269 2439 καὶ⁹
1309 2387 1378 2441 τά
1429 2390 1718 2460 πρόσφορα
1750 2391 1851 2460 τῆς

273 2472 652 2542 ἀποατολικῆς
700 2474 1047 2539 διδασκαλίας
1080 2477 1449 2546 ἐκμανθάνειν
1500 2483 1849 2549 παρεσκευά-

274 2564 427 2628 ζετο.
475 2564 632 2618 Ἐπεὶ
682 2566 741 2620 δὲ
773 2567 883 2620 τῶν
938 2568 1241 2640 μειρακίων
1272 2569 1335 2623 ἓν
1383 2570 1521 2642 νόσῳ
1554 2589 1850 2643 κατειργα-

278 2656 485 2725 σμένον
509 2656 691 2711 θανεῖν
714 2659 1079 2731 προσδόκιμον
1098 2658 1187 2733 ἦν,
1204 2664 1295 2715 επὶ
1321 2664 1419 2733 τῆς
1442 2665 1617 2727 οίκίας
1640 2667 1669 2718 δ
1697 2667 1850 2733 Πρω-

270 2750 511 2817 τογένης
568 2748 743 2820 ἥκων,
772 2754 865 2805 καὶ
916 2754 985 2823 τῇ
1033 2756 1133 2823 τῆς
1182 2757 1363 2825 χειρὸς
1395 2758 1503 2827 ἀφῇ
1542 2758 1602 2811 τὸ
1643 2759 1848 2813 λυποῦν

270 2842 455 2893 ποιεῖν
481 2841 868 2911 ὲδραπὲτευεν,
899 2844 949 2897 οί
977 2845 1084 2897 τῶν
1122 2846 1297 2900 ἄλλων
1330 2850 1565 2917 πατέρες
1605 2850 1849 2919 διαγνόν-

270 2948 391 2993 τες,
428 2932 521 2989 ἐπὶ
553 2932 649 2999 τῆς
681 2933 861 2998 οἰκίας
892 2936 983 2988 τὸν
1013 2935 1332 3007 πρεσϐύτην
1364 2939 1567 3007 ἀνῆγον
1591 2941 1845 3004 ἕκαστος,

269 3021 372 3074 καὶ
402 3025 518 3085 τοῖς
542 3023 890 3093 ἀρρωστοῦσι
910 3026 1017 3080 τῶν
1047 3026 1256 3081 παίδων
1278 3030 1597 3100 ἐπικουρεῖν
1627 3034 1845 3103 ἡντιόό-

1958 2012 2279 2066 cessandum
2334 2013 2437 2067 sibi
2472 2028 2614 2077 esse,
2661 2029 2833 2083 usque
2862 2014 2989 2067 dum
3025 2015 3123 2085 ipsi
3162 2025 3377 2085 pectora
3423 2032 3525 2071 sua

1954 2102 2295 2171 plangerent,
2328 2103 2629 2167 duxerunt,
2692 2106 2784 2159 sed
2816 2106 2886 2159 ita
2927 2115 2986 2159 ut
3017 2121 3111 2175 par
3132 2116 3268 2167 erat,
3305 2107 3520 2160 illorum

1952 2210 2172 2263 quoque
2211 2194 2497 2250 medicina:
2525 2205 2581 2250 et
2632 2196 2828 2251 salutis
2866 2212 3052 2250 curam
3086 2207 3391 2266 gesserunt.
3454 2199 3523 2252 Et

1952 2284 2213 2355 Eulogius
2263 2286 2483 2354 quidem
2556 2287 2608 2339 in
2660 2286 3051 2341 domunculam
3112 2290 3401 2357 quamdam
3460 2305 3519 2342 se

1952 2376 2127 2446 ipsum
2161 2376 2390 2441 abdidit,
2428 2378 2613 2447 ibique
2647 2381 2845 2432 tacitus
2880 2380 3010 2432 vixit
3036 2419 3052 2441 .
3085 2395 3265 2434 rerum
3301 2381 3520 2435 univer-

1950 2482 2132 2522 sarum
2165 2467 2333 2522 Deum
2375 2470 2629 2538 precibus
2679 2486 2932 2525 exorans.
2972 2471 3302 2541 Protogenes
3333 2484 3520 2527 autem

1949 2573 2128 2616 sacras
2171 2559 2400 2616 Litteras
2427 2561 2678 2628 edoctus,
2719 2570 2773 2616 et
2812 2562 2878 2624 ,in
2904 2562 3183 2617 scribendi
3211 2572 3324 2617 arte
3357 2562 3523 2617 valde

1947 2650 2282 2704 exercitatus
2307 2690 2322 2714 ,
2368 2651 2554 2705 ludum
2584 2650 2911 2706 litterarium
2937 2653 3154 2721 aperuit
3184 2693 3198 2717 ,
3228 2657 3524 2707 commodo

1948 2742 2148 2796 schola:
2168 2743 2394 2812 puerilis
2419 2743 2537 2798 loco
2570 2744 2812 2799 invento.
2854 2744 3011 2815 146
3038 2745 3091 2799 1η
3111 2760 3172 2800 ea
3195 2757 3249 2799 et
3287 2746 3521 2815 pulchre

1946 2840 2002 2885 et
2027 2831 2280 2887 celeriter
2310 2833 2747 2888 adolescentulos
2778 2835 3040 2898 scribere,
3068 2846 3124 2890 et
3148 2852 3298 2891 sacra
3327 2837 3515 2891 docuit

1946 2924 2187 2989 oracula,
2222 2924 2291 2978 ita
2326 2936 2385 2979 ut
2415 2925 2490 2979 illi
2521 2926 2771 2983 Davidica
2808 2930 3046 2983 carmina
3074 2970 3086 2994 ,
3121 2939 3177 2985 et
3226 2931 3328 2985 alia
3381 2947 3514 3000 apo-

1945 3015 2150 3071 stolica:
2181 3016 2443 3073 doctrina:
2469 3034 2707 3075 consona
2753 3022 3119 3078 addiscerent.
3155 3022 3290 3078 Cum
3327 3035 3508 3080 autem

1944 3123 2012 3162 ex
2063 3110 2248 3178 pueris
2288 3126 2429 3163 unus
2465 3112 2659 3165 morbo
2690 3113 2998 3178 confectus,
3026 3115 3077 3167 in
3108 3116 3511 3184 exspectatione

266 3112 419 3165 λουν.
459 3112 519 3165 '0
553 3113 609 3166 δὲ
672 3114 747 3186 μὴ
806 3116 1070 3170 δύνασθαι
1123 3119 1339 3188 βοηθεῖν
1392 3121 1600 3190 ἔλεγεν,
1656 3126 1705 3178 εί
1770 3128 1844 3197 μὴ

268 3199 546 3268 πρότερον
597 3202 624 3253 ὁ
679 3203 851 3255 νοσῶν
884 3205 944 3255 τὸ
978 3203 1119 3259 θεῖον
1144 3206 1369 3261 ὑπέλθοι
1413 3208 1661 3280 λουτρόν.
1696 3214 1760 3265 Οἱ
1790 3215 1845 3267 δὲ
1874 3260 1913 3280 η
1949 3217 1961 3254 ¹

1814 3216 1845 3267 μὲ
1874 3260 1913 3280 Α
1949 3204 2140 3255 mortis
2166 3211 2328 3267 esset,
2362 3200 2695 3272 Protogenes
2742 3205 2792 3257 in
2827 3205 3046 3258 domum
3084 3206 3172 3261 ubi
3203 3208 3245 3260 is
3272 3208 3507 3277 jam-hat,

268 3260 359 3355 τῷ
393 3260 548 3361 «seu,
576 3293 675 3359 τῆς
704 3294 1026 3363 ἀπαλλαγῆς
1077 3296 1428 3366 ἠπειγμένοι,
1693 3260 1844 3356 orre;
1872 3260 1915 3323 Ο
1949 3310 1961 3337 ‘

1817 3334 1843 3345 -
1872 3260 1915 3323 Ο
1949 3294 2123 3354 venit,
2156 3303 2211 3347 et
2243 3309 2437 3348 manus
2481 3296 2913 3351 contrectatione
2945 3298 3320 3367 azgritudinem
3358 3298 3510 3367 luga-

266 3384 451 3446 θοντο,
487 3386 585 3437 καὶ
619 3385 707 3438 διὰ
728 3386 831 3454 τῆς
877 3390 1198 3459 σωματικῆς
1226 3391 1385 3443 νόσου
1417 3392 1513 3445 καὶ
1551 3393 1651 3461 τὴν
1681 3395 1842 3464 ψυχι-
1942 3400 1959 3436 ‘

1815 3425 1842 3436 -
1942 3385 2205 3449 vit.Quod
2226 3386 2316 3440 ubi
2344 3387 2573 3440 aliorum
2604 3398 2859 3455 parentes
2886 3398 3280 3459 cognoverunt,
3310 3392 3360 3443 in
3381 3407 3508 3443 snas

266 3475 374 3543 κὴν
408 3476 597 3540 ὑγείαν
624 3476 936 3543 ἑδρέποντο.
969 3478 1032 3531 Ei
1056 3478 1111 3531 δέ
1138 3497 1223 3541 τις
1252 3482 1348 3534 καὶ
1377 3482 1486 3535 τῶν
1512 3483 1841 3553 ἐρρωμένων
1942 3490 1959 3524 ί

1816 3505 1841 3536 ν
1942 3474 2175 3543 quisque
2222 3475 2366 3529 aedes
2418 3491 2603 3532 senem
2645 3478 3029 3545 adduxerunt,
3063 3490 3117 3534 et
3149 3490 3206 3533 ut
3256 3482 3509 3536 invalidis

262 3567 520 3629 πεισθεὶς
548 3567 649 3637 τῆς
683 3568 835 3631 θείας
884 3570 1107 3640 χάριτος
1153 3576 1443 3643 μετασχεῖν
1477 3574 1659 3645 ἡθελε,
1688 3578 1841 3646 παρὰ
1938 3580 1955 3619 ε

1814 3578 1841 3629 ξ
1938 3580 2127 3619 eorum
2178 3564 2363 3621 liberis
2408 3581 2564 3635 opem
2603 3566 2802 3629 ferret,
2834 3576 3112 3637 rogarunt.
3145 3568 3278 3622 Tum
3313 3570 3398 3623 ille
3450 3580 3507 3622 se

260 3659 357 3708 τὸν
394 3658 653 3725 Εὑλόγιον
686 3659 803 3721 ίὼν,
838 3662 933 3713 κοιλ⁵
973 3662 1075 3730 τὴν
1114 3664 1287 3733 θύραν
1321 3666 1643 3729 πατάσσων.
1688 3668 1839 3721 ἀνοί-
1938 3670 1953 3707 ε

1816 3697 1839 3709 -
1938 3655 2141 3709 auxilio
2170 3656 2248 3710 eis
2283 3671 2391 3709 non
2428 3659 2578 3725 prius
2610 3673 2730 3712 esse
2774 3674 2931 3728 posse
2973 3660 3139 3723 dixit,
3189 3677 3348 3728 quam
3380 3663 3503 3730 aegri

259 3767 386 3815 γειν
432 3751 620 3804 ἔπειθε
646 3770 658 3781 ·
693 3754 785 3806 καὶ
814 3753 893 3823 τῷ
948 3754 1228 3826 θηράματι
1264 3758 1358 3812 καὶ
1402 3760 1503 3829 τὴν
1528 3761 1587 3812 ἐν
1618 3760 1839 3831 Χριστῷ
1938 3763 1952 3800 ί

1810 3760 1839 3830 β
1938 3747 2182 3800 divinum
2208 3747 2456 3801 subirent
2488 3749 2786 3813 lavacrum,
2818 3751 2885 3805 Et
2922 3752 3023 3811 illi,
3056 3752 3197 3819 quod
3232 3768 3326 3807 eos
3356 3753 3503 3806 desi-

265 3842 592 3896 ἐπιϐάλλειν
620 3847 924 3915 παρεκάλει
954 3849 1221 3917 σφραγῖδα
1248 3863 1261 3878 ’
1300 3850 1373 3913 ὡς
1404 3850 1447 3903 δ’
1479 3853 1684 3914 ἐκεῖνος
1714 3854 1840 3923 έχα-
1937 3841 1958 3890 ί

1806 3871 1840 3905 ε..
1937 3839 2146 3892 derium
2210 3841 2602 3909 recuperanda:
2656 3845 2769 3895 suis
2801 3842 3127 3896 valetudinis
3186 3844 3499 3913 adurgcret,

258 3934 544 4000 λέπαινεν,
602 3936 697 3988 an
727 3936 1165 4009 διακοπτομένης
1226 3941 1397 3995 αὑτοῦ
1441 3941 1542 4010 τῆς
1587 3943 1774 4012 εὐχῆς,
1809 3946 1837 3997 ὀ
1934 3943 1951 3983 Ι

1809 3946 1837 3997 ὁ
1934 3930 2115 3983 statim
2145 3930 2292 3984 dicto
2321 3932 2606 3986 audientes
2629 3932 2803 3997 fuere,
2837 3944 2999 4004 atque
3032 3935 3101 3988 ita
3138 3951 3233 4004 per
3260 3938 3502 4005 corporis

260 4025 647 4095 Πρωτογένης,
683 4045 701 4079 ι
738 4027 879 4080 Ἀλλ’
910 4030 1313 4099 ἀναγκαιοτέρα
1346 4032 1589 4099 πάντως,
1625 4034 1834 4102 ἔλεγεν,
1934 4036 1953 4073 ⁸

1805 4053 1834 4099 ν,
1934 4022 2210 4085 morbum,
2264 4026 2458 4077 anima:
2507 4040 2724 4094 quoque
2775 4026 3006 4082 salutem
3044 4038 3173 4081 sunt
3202 4032 3498 4083 consecuti.

256 4118 293 4191 ἡ
334 4116 440 4169 τῶν
482 4119 853 4189 πλανωμένων
874 4122 1178 4193 ἐπιστροφὴ
1208 4123 1344 4192 πρὸς
1383 4124 1639 4193 Χριστόν.
1667 4143 1686 4176 ι
1726 4127 1834 4180 Καὶ
1936 4110 1949 4163 ί

1813 4127 1834 4178 ι
1936 4110 2145 4181 Siquis
2196 4124 2379 4191 autem
2408 4116 2705 4170 valentium
2756 4132 2975 4185 quoque
3019 4118 3087 4171 ab
3114 4134 3177 4173 eo
3210 4135 3502 4187 persuasus

253 4210 350 4265 διὰ
380 4210 660 4278 θαύματος
682 4206 750 4280 ἦν
771 4213 831 4265 τὸ
857 4214 1233 4285 πραττόμενον
1256 4230 1269 4245 ο
1304 4213 1420 4278 πῶς
1449 4216 1830 4286 Πρωτογένης,
1932 4218 1946 4255 ί

1806 4235 1830 4281 ι,
1932 4202 2172 4255 divinam
2206 4205 2438 4273 gratiam
2466 4206 2734 4271 ambiret,
2775 4211 2839 4261 ad
2878 4208 3164 4277 Eulogium
3188 4209 3410 4273 vadens,
3449 4222 3499 4264 et

254 4302 505 4356 τοσαῦτα
534 4304 995 4375 θαυματουργῶν,
1023 4306 1117 4360 καὶ
1150 4306 1287 4375 πρὸς
1334 4307 1396 4359 τὸ
1424 4311 1524 4379 τῆς
1574 4308 1833 4378 ἀληθείας
1931 4292 1947 4347 ί

1801 4327 1833 4373 ης
1931 4292 2077 4348 fores
2131 4296 2376 4365 pulsans,
2422 4306 2480 4350 ut
2527 4298 2616 4353 ille
2665 4311 2758 4351 eas
2812 4301 3196 4368 apperiret,et
3232 4303 3278 4355 ei
3334 4318 3494 4370 quem

254 4393 378 4462 φῶς
432 4394 675 4450 τοσαῦτα
728 4396 981 4463 ποδηγῶν
1045 4398 1252 4467 πλήθη,
1316 4401 1664 4469 παραχωρῶν
1721 4402 1830 4455 τῶν
1929 4402 1947 4437 ‘

1807 4422 1830 4454 ν
1929 4397 2161 4442 venatus
2185 4399 2351 4448 esset.
2384 4389 2622 4454 sigillum
2652 4391 2705 4444 in
2737 4390 2956 4446 Christo
2990 4393 3318 4463 imponeret,
3347 4411 3500 4464 roga-

254 4487 549 4554 πρωτείων
587 4486 833 4556 Εὑλογίῳ
885 4488 1133 4557 έωρᾶτν
1190 4491 1282 4542 καί
1314 4490 1367 4558 γ’
1400 4492 1683 4560 ἐνομίζετο
1737 4494 1829 4546 ἐπὶ
1929 4480 1947 4533 ι

1805 4495 1829 4545 τι
1929 4480 2038 4533 bat.
2072 4480 2248 4551 Atque
2273 4481 2363 4534 ubi
2396 4481 2650 4549 Eulogius
2696 4497 2816 4536 eam
2846 4498 2982 4547 rem,
3017 4486 3161 4553 quod
3205 4486 3257 4540 in
3311 4500 3498 4555 prcca-

252 4575 395 4626 πολὺ
453 4574 681 4628 πλείονα
732 4569 875 4626 εἶναι
910 4576 1296 4646 Πρωτογένους
1346 4578 1443 4648 τὴν
1478 4579 1699 4650 ἀρετὴν,
1732 4582 1827 4635 καὶ
1861 4580 1945 4654 οε

1803 4572 2077 4654 totique
2149 4571 2442 4626 identidem
2506 4573 2989 4642 interpellaretur,
3054 4576 3274 4644 gravius
3330 4578 3496 4643 tulit,

250 4666 674 4735 ύπερτεροῦσαν
713 4670 813 4737 τῆς
841 4666 1105 4735 Εὐλογίω
1143 4669 1218 4733 ὠς
1250 4671 1509 4738 μάλιστα.
1548 4671 1636 4735 Ὠς
1670 4673 1727 4726 δὲ
1759 4675 1827 4727 τά

248 4758 347 4810 τοῦ
381 4760 653 4820 κλύδωνος
686 4759 870 4827 ἔληγε,
897 4761 992 4812 καὶ¹
1035 4763 1175 4829 μετὰ
1204 4762 1314 4814 τῶν
1354 4763 1527 4815 ἄλλων
1561 4766 1655 4816 καὶ
1681 4758 1823 4819 οὗτοι

248 4850 595 4920 ἀνήχθησαν,
655 4851 1049 4920 δεδακρυμένοι
1107 4852 1470 4921 προῦπεμπον
1501 4854 1725 4917 τούτους
1772 4858 1821 4906 οἱ

248 4941 543 5011 ἐπιχώριοι
570 4959 584 4972 ’
622 4945 716 4993 καὶ
745 4942 985 5009 μάλιστα
1011 4944 1039 4993 ὁ
1059 4943 1362 5005 ἐπίσκοπος
1396 4944 1663 5013 τοσαύτης
1688 4964 1823 5013 συμ-

249 5032 459 5100 μαχέας
494 5033 883 5101 ἐστερημένος.
934 5032 991 5086 Ὀ
1029 5033 1129 5100 μὲν
1174 5028 1268 5084 οὖν
1314 5033 1570 5101 Εύλόγιος
1608 5033 1819 5102 Βάρσου

242 5122 339 5175 τοῦ
388 5121 538 5174 θείου
589 5122 733 5175 τέλει
781 5125 1133 5192 χρησαμένου
1164 5123 1259 5175 τοῦ
1291 5125 1431 5190 βίου,
1459 5125 1560 5193 τῆς
1608 5126 1817 5177 ἐκείνου

240 5210 543 5278 ἐκκλησίας
570 5211 697 5272 τοὺς
727 5212 923 5274 οἴακας
964 5212 1356 5281 ἐγχειρίζεται.
1404 5215 1463 5265 Ὀ
1512 5215 1568 5266 δὲ
1605 5214 1814 5282 θαυμαο

242 5302 371 5363 στδς
404 5303 783 5371 Πρωτογένης,
819 5306 919 5371 τὴν
950 5304 1348 5373 ὴκανθωμένην
1377 5305 1531 5357 πόλιν
1558 5306 1820 5376 ἐξἙλλη-

236 5386 714 5461 νικῆςτερθρείας
745 5395 946 5464 Καρῶν
978 5396 1243 5463 γεωργεῖν
1275 5395 1568 5464 ἐπιστεύθη
1596 5412 1609 5425 ’
1640 5399 1705 5465 ἢν
1726 5397 1818 5448 καὶ

236 5483 546 5550 φιλοπόνως
585 5484 1049 5553 ἐξεργασάμενος,
1080 5486 1169 5536 τὸν
1205 5484 1347 5536 θεῖον
1378 5490 1476 5553 τῆς
1530 5485 1816 5548 εὐσεϐείας

234 5574 457 5642 καρπὸν
494 5575 781 5645 ἑδρέψατο.
813 5575 977 5628 Ἀλλὰ
1007 5577 1164 5630 τοῦτο
1202 5577 1300 5645 μὲν
1326 5574 1580 5645 ὕστερον.

1935 4666 2267 4734 Protogenes
2291 4682 2303 4718 :
2329 4684 2346 4716 ι
2372 4664 2533 4733 Atqui
2556 4665 2777 4733 (inquit)
2808 4666 2966 4737 longe
2991 4671 3297 4724 necessaria
3330 4670 3496 4735 magis

1930 4765 2013 4811 cst
2063 4759 2365 4810 errantium
2413 4758 2479 4810 ad
2516 4756 2793 4811 Christum
2831 4762 3140 4816 conversio.
3183 4780 3201 4813 ι
3255 4762 3311 4815 Id
3365 4778 3495 4815 vero

1931 4847 2129 4901 factum
2160 4849 2505 4903 admirationi
2540 4862 2657 4904 erat
2683 4852 2938 4906 omnibus
2968 4893 2981 4913 ,
3021 4852 3377 4921 Protegenem
3414 4854 3494 4905 vi-

1929 4940 2147 4999 delicet,
2179 4943 2269 5008 qui
2303 4950 2447 4995 tanta
2487 4943 2673 4996 ederet
2712 4944 2973 4997 miracula
3002 4984 3015 5005 ,
3042 4953 3095 4996 et
3131 4955 3330 4997 tantam
3360 4948 3493 4998 ntul-

1930 5033 2216 5084 titudinem
2268 5033 2334 5085 ad
2388 5035 2634 5088 veritatis
2680 5036 2854 5089 lucem
2913 5035 3258 5103 produceret,
3311 5047 3491 5106 partes

1928 5106 2129 5190 primas
2183 5122 2410 5193 Eulogio
2437 5126 2755 5180 concedere.
2792 5127 2856 5180 Et
2899 5142 3089 5181 omnes
3134 5127 3295 5197 longe
3350 5144 3486 5198 prazv

1925 5215 2246 5269 stantiorem
2316 5217 2761 5287 superioremque
2837 5217 3155 5288 Protogenis
3225 5222 3484 5277 virtutem

1922 5305 2091 5375 ipsius
2125 5308 2331 5377 Eulogii
2390 5310 2499 5364 vita
2553 5325 2673 5364 esse
2719 5310 3155 5367 exsistimabant.
3216 5312 3484 5366 Caeterum

1917 5408 2201 5466 postquam
2230 5402 2626 5469 persecutionis
2651 5404 2883 5470 procella
2904 5406 3095 5457 saevire
3114 5403 3298 5467 desiit,
3322 5414 3485 5473 atque

1916 5506 2021 5544 una
2055 5507 2178 5545 cum
2206 5494 2327 5546 aliis
2355 5504 2409 5547 et
2433 5496 2518 5548 isti
2548 5497 2614 5549 ab
2647 5497 2840 5549 exsilio
2868 5498 3076 5550 reducti
3114 5508 3263 5562 sunt,
3292 5499 3482 5553 incolae

1912 5584 2034 5652 ejus
2068 5587 2304 5651 regionis
2337 5588 2701 5657 lacrymantes
2731 5605 2824 5644 eos
2850 5591 3227 5659 produxerunt
3262 5609 3274 5645 :
3314 5591 3486 5660 potis.

232 5667 440 5720 simum
475 5684 603 5723 vero
633 5669 1089 5740 episcopusipsc,
1129 5670 1223 5739 qui
1255 5671 1459 5723 auxilio
1527 5678 1677 5725 tanto
1744 5673 2058 5731 orbabatur.
2111 5680 2176 5732 Et
2234 5681 2491 5749 Eulogius
2520 5683 2739 5751 quidem
2817 5684 2942 5737 divo
2996 5683 3172 5741 Bai-sse
3227 5683 3337 5743 vita
3390 5686 3485 5740 de,

308 5789 386 5861 (li
418 5786 662 5861 _Tn'part.
701 5789 796 5844 lib.
829 5807 924 5853 vn,
959 5808 1078 5861 cap.
1119 5792 1206 5844 33.

309 5858 561 5921 (2)1ufra
593 5861 685 5913 lib.
717 5877 811 5926 xu,
845 5878 965 5928 cap.
999 5858 1046 5917 ὄλ

1981 5800 2055 5868 (3)
2090 5802 2168 5854 ΑΙ.
2200 5804 2506 5860 Antinoum.
