4288 6438
738 403 848 466 643

1929 390 2347 452 NlCEPllOllI
2387 389 2732 448 CALLISTI

3859 391 3975 454 6-H-

741 503 970 579 functo‘,
1058 510 1303 567 ecclesia:
1391 510 1558 577 ipsius
1625 506 1994 578 gubernacula
2047 501 2309 570 suscepit.
2353 501 2690 554 Admirando
2756 509 2938 554 autem
3008 500 3317 572 Protogeni,
3346 503 3529 557 Carras
3558 504 3749 557 civitas
3774 505 3991 560 Graeca-

744 627 862 664 rum
892 607 1285 679 praestigiarum
1315 605 1488 674 spinis
1529 605 1724 663 obsita.
1750 601 2048 656 excolenda
2093 597 2305 652 credita
2345 609 2473 653 est:
2538 613 2646 666 qua
2694 598 2880 652 labore
2949 599 3122 652 multo
3168 609 3477 668 repurgata,
3507 601 3785 656 caelestem
3846 619 3993 658 vene

742 706 962 774 pietatis
996 703 1229 756 fructum
1274 700 1539 768 percepit.
1571 699 1674 751 Sed
1704 697 1771 749 de
1806 696 1892 750 Itis
1917 707 2122 764 postea.

1211 815 1366 888 ιω
1395 813 1616 869 CAPUT
1652 813 1842 870 xxw.

745 935 823 988 De
842 942 1022 986 sancto
1055 931 1302 985 Flaviano
1327 942 1374 982 et
1409 930 1657 985 Diodoro.
1686 939 1740 980 ut
1758 929 1854 996 ipsi
1876 944 2082 996 gregem
2113 927 2164 979 Μ
2170 929 2308 979 eletii

815 1005 1066 1066 rexerint,
1120 1019 1236 1054 cum
1290 1005 1520 1053 nondum
1594 999 1938 1069 episcOpalem
1993 999 2307 1067 dignitatem

816 1075 1185 1142 suscepissent.

818 1183 1014 1236 Valens
1066 1183 1272 1236 diutius
1303 1180 1604 1233 Antiochiae
1633 1187 2001 1232 commoratus
2023 1218 2038 1242 ,
2105 1177 2308 1231 Euzoio

746 1278 818 1331 ibi
865 1276 1125 1330 eetlcsias
1170 1286 1407 1342 regente,
1448 1272 1669 1331 Judteis.
1720 1282 1775 1325 et
1807 1271 2042 1324 ethnicis
2085 1271 2304 1332 Grzecis.

744 1379 904 1436 atque
931 1369 1094 1419 etiam
1123 1367 1217 1434 qui
1246 1364 1686 1418 Christianorum
1737 1363 1958 1416 nomine
1988 1370 2305 1428 censentur,

744 1469 798 1512 et
827 1459 1042 1510 diversa
1073 1458 1140 1509 ab
1176 1456 1494 1524 Evangeiica
1517 1454 1762 1507 doctrina
1790 1453 2038 1522 dogmata
2067 1453 2306 1520 comple-

743 1558 1041 1610 cterentur,
1076 1548 1331 1600 omnibus
1370 1562 1490 1614 qua:
1535 1546 1731 1598 animis
1756 1560 1946 1598 eorum
1984 1543 2180 1613 placita
2226 1558 2310 1595 es-

746 1652 893 1702 sent,
938 1651 994 1694 ut
1040 1642 1212 1694 libere
1241 1651 1585 1709 peragerent,
1626 1639 1894 1707 permisit.
1921 1639 2052 1692 Nam
2111 1638 2309 1705 impius

745 1751 899 1788 error
926 1736 1028 1788 sub
1079 1732 1368 1786 Joviniano
1395 1732 1616 1800 quidem
1665 1731 1995 1793 exstinctus,
2031 1745 2058 1782 a
2093 1729 2309 1784 Juliano

747 1837 925 1879 autem
984 1827 1291 1885 excitatus,
1357 1824 1616 1890 paulatim
1671 1820 2056 1874 retlorcscehat
2106 1819 2202 1886 (l),
2256 1827 2310 1871 et

749 1918 938 1974 Dialia.
975 1915 1224 1984 ilionysia
1256 1923 1311 1965 et
1369 1912 1588 1966 Cereris
1623 1927 1797 1970 sacra,
1839 1926 1945 1962 non
1974 1909 2026 1962 in
2073 1908 2306 1977 angulis,

748 2007 1074 2075 imperatore
1097 2005 1260 2057 veluti
1290 2013 1562 2071 prrceunte
1586 2045 1601 2068 ,
1646 2002 2040 2070 peragebantur
2071 2019 2098 2068 ε,
2135 2009 2188 2053 et
2217 2001 2310 2051 lto-

746 2098 922 2149 tnincs
961 2096 1012 2148 in
1043 2094 1220 2147 tut-dio
1249 2094 1384 2158 foro,
1423 2096 1638 2147 nemine
1669 2093 2003 2151 obsistente.
2040 2091 2310 2144 bacchan-

749 2186 1027 2252 tium,qni
1083 2188 1305 2238 numine
1344 2184 1616 2244 amantur,
1672 2198 1847 2245 more,
1903 2181 2308 2235 discurrebant.

748 2279 950 2332 Eorum
983 2295 1112 2331 vero
1155 2287 1385 2336 tantum,
1429 2276 1520 2343 qui
1565 2275 1846 2327 catholica:
1879 2273 2137 2326 Ecclesia:
2180 2273 2311 2326 doc-

751 2371 948 2426 trinam
983 2370 1375 2438 scquebantur,
1435 2367 1795 2437 implacabilis
1845 2366 2019 2419 hostis
2069 2374 2205 2417 erat.
2247 2364 2312 2418 Et

749 2466 989 2535 primum
1041 2463 1262 2531 quidem
1315 2475 1504 2514 recens
1573 2467 1940 2512 constructam
1992 2457 2310 2519 ecclesiam,

751 2570 912 2624 quam
946 2553 1054 2612 illis
1082 2552 1404 2608 Jovinianus
1426 2551 1672 2613 dederat,
1701 2550 1934 2614 ademit;
1964 2550 2160 2605 deinde
2185 2565 2314 2602 vero

751 2664 815 2700 ex
838 2647 956 2700 aliis
981 2658 1197 2715 quoque
1223 2659 1318 2696 eos
1341 2642 1510 2695 sacris
1557 2642 1762 2695 a-dibns
1788 2642 1988 2710 exegit.
2015 2642 2190 2711 Atque
2219 2640 2313 2694 tibi

755 2739 832 2792 illi
858 2738 960 2791 sub
996 2737 1086 2789 dio
1112 2744 1352 2804 agentes.
1388 2733 1454 2786 ad
1492 2736 1691 2786 montis
1729 2733 1940 2787 radices
1967 2734 2137 2787 Deum
2185 2749 2315 2786 con-

756 2829 1046 2884 suetudine
1076 2843 1171 2882 sua
1223 2827 1442 2897 hymnis
1483 2835 1538 2879 et
1575 2825 1831 2880 laudibus
1872 2826 2232 2890 celebrarent,
2264 2835 2321 2879 et

756 2919 934 2972 varias
979 2916 1308 2984 easdemque
1362 2915 1616 2968 adversas
1669 2913 1809 2966 aeris
1838 2913 2187 2977 mutationes,
2223 2915 2323 2968 ali-

755 3008 976 3078 quando
1024 3008 1242 3076 quidem
1271 3021 1395 3060 cum
1440 3005 1638 3074 pluviis
1689 3016 1743 3058 et
1801 3006 1924 3057 nive
1959 3015 2014 3058 et
2059 3006 2322 3060 immenso

753 3100 955 3170 frigore
999 3099 1315 3162 conﬂictati,
1351 3099 1643 3166 aliquando
1672 3106 1852 3150 autem
1900 3109 2036 3151 testu
2068 3100 2195 3152 solis
2226 3101 2323 3152 ad-

759 3191 976 3244 modum
1034 3190 1211 3243 adusti
1244 3190 1568 3258 perl'errent,
1623 3205 1688 3242 ne
1722 3203 1787 3241 eo
1823 3191 2039 3257 quidem
2090 3192 2210 3244 loco
2267 3200 2326 3244 ut

757 3295 1138 3354 permanerent
1175 3284 1370 3347 voluit,
1432 3292 1487 3336 et
1536 3283 1792 3336 immissis
1834 3282 1885 3334 itt
1914 3297 2009 3336 cos
2042 3283 2322 3346 militibus,

756 3391 1125 3448 aerumnosum
1155 3375 1260 3429 hoc
1287 3376 1410 3427 vit;e.
1443 3374 1662 3443 agenda:
1693 3373 1999 3427 institutum
2019 3375 2325 3441 dissipavit.

759 3469 1051 3521 Flavianus
1100 3477 1281 3521 autem
1333 3475 1390 3520 et
1448 3465 1714 3519 Diodorus
1756 3467 2006 3532 generosi
2079 3469 2327 3523 veritatis

759 3558 977 3611 atltleLe
1025 3569 1137 3609 tum
1209 3556 1477 3609 ﬂorebant
1532 3573 1548 3610 :
1621 3556 1712 3624 qui
1770 3557 2116 3610 imminentes
2179 3559 2328 3628 gregi

762 3648 965 3702 Christi
1025 3648 1244 3711 ﬂuctus,
1292 3647 1461 3701 veluti
1511 3647 1718 3715 scopuli
1749 3646 1991 3714 quidam,
2049 3651 2329 3716 quampri-

763 3756 909 3794 mum
945 3739 1000 3792 in
1036 3755 1282 3807 spumam
1321 3739 1669 3807 redegerunt.
1706 3739 1784 3792 llli
1819 3739 1965 3790 enim
2015 3751 2136 3806 post
2170 3739 2333 3793 Mele-

765 3831 902 3884 tittm
934 3829 986 3881 in
1019 3829 1269 3882 exsilium
1309 3829 1560 3898 ejectum,
1591 3843 1687 3896 pro
1713 3844 1873 3897 grege
1903 3828 2105 3883 Christi
2136 3830 2331 3883 decer-

765 3922 1106 3981 tabant,cutn
1139 3920 1433 3990 iupisipsis
1471 3920 1684 3974 fortiter
1709 3920 1928 3973 obviam
1981 3919 2186 3981 eundo.
2214 3931 2326 3974 tum

765 4013 965 4067 Christi
986 4013 1175 4065 ovibus
1194 4013 1604 4065 convenientem
1624 4012 1926 4063 doctrinam
1949 4011 2326 4079 proponendo.

765 4107 942 4171 Atque
969 4102 1058 4156 ubi
1089 4118 1152 4156 ex
1182 4103 1315 4155 locis
1339 4101 1405 4154 ad
1444 4101 1654 4155 radices
1677 4103 1877 4155 montis
1913 4104 2032 4156 sitis
2053 4103 2328 4158 deturbati

766 4205 914 4255 sunt.
946 4195 1010 4247 ad
1045 4193 1274 4263 proximi
1302 4193 1542 4246 ﬂuminis
1569 4193 1717 4261 ripas
1735 4209 1868 4246 oves
1895 4206 2193 4260 paverunt:
2220 4210 2326 4248 non

766 4289 996 4346 frustra,
1036 4284 1260 4353 perinde
1286 4294 1449 4352 atque
1495 4284 1572 4336 illi
1603 4284 1657 4336 in
1708 4283 1978 4353 Babylone
2010 4286 2230 4353 captivi,
2261 4285 2328 4337 ad

767 4380 962 4433 salices
992 4378 1291 4430 carminum
1322 4377 1523 4445 organa
1554 4375 1948 4444 suspendentes
1978 4391 1992 4428 :
2027 4378 2118 4428 sed
2158 4376 2331 4430 libere

770 4470 962 4534 Deum,
995 4472 1148 4539 juxta
1179 4469 1421 4523 divinum
1476 4469 1753 4531 Davitletn,
1787 4470 1838 4522 in
1884 4468 2032 4521 omni
2071 4469 2191 4522 loco
2233 4470 2331 4523 du-

770 4560 1086 4614 minationis
1115 4561 1235 4627 ejus
1269 4559 1572 4614 laudantes.
1624 4559 1825 4613 Verum
1869 4575 1936 4614 ne
1966 4560 2070 4615 hoc
2104 4561 2327 4630 quidem

769 4650 822 4703 in
878 4649 997 4701 loco
1047 4649 1142 4703 diu
1203 4663 1299 4701 eos
1348 4649 1570 4712 durare,
1618 4648 2049 4702 orthodoxorurn
2079 4659 2132 4704 et
2182 4662 2330 4707 recte

770 4740 1123 4792 sentientium
1176 4739 1349 4792 hostis
1404 4754 1590 4808 passus
1639 4749 1772 4795 est:
1830 4739 1989 4811 148
2020 4745 2116 4794 sed
2153 4743 2328 4812 primo

2341 810 2392 868 Α

3002 805 3252 857 ΚΕΦΛΑ.
3289 804 3412 857 ΚΔ⁹⁸

2414 897 2552 962 Περὶ
2593 894 2699 949 τοῦ
2724 897 2896 962 ἁγίου
2930 896 3270 948 Φλαειαγοὶν
3294 899 3388 948 καὶ
3425 897 3738 965 Διοδώρου,
3769 901 3850 964 ὡς
3880 900 3996 964 τὴν

2486 969 2755 1033 ποίμνην
2800 969 3092 1019 Μελετίου
3141 969 3308 1019 αι’·τοὶ
3343 967 3597 1030 διεῖπον,
3623 971 3802 1036 μήπω
3843 973 3912 1036 Ie;
3929 990 3994 1022 a-

2483 1036 2652 1088 τιχυῦ
2677 1036 2995 1099 ἐπιϐάντες
3014 1037 3274 1102 βαθμοῦ.

2486 1155 2746 1206 Πλεῖστον
2779 1153 2825 1206 δ’
2867 1156 2948 1208 ὅτι
2995 1155 3190 1224 χρόνον
3243 1154 3301 1204 ὲν
3329 1154 3638 1228 Ἀντιοχείᾳ
3698 1158 3994 1228 διατρίψας

2413 1248 2649 1315 Οὐάλης,
2703 1247 2945 1308 Εὺζωῖου
2992 1249 3103 1300 τῶν
3151 1247 3462 1316 ἐκκλησιῶν
3497 1250 3827 1319 ἡγουμένου,
3858 1252 3992 1304 Ἰου-

2411 1341 2581 1401 δαίοις
2611 1341 2710 1408 μὲν
2747 1340 2842 1393 καὶ
2873 1340 3097 1408 Ἕλλησι
3150 1340 3248 1393 καὶ
3279 1342 3414 1393 πᾶσι
3443 1341 3784 1411 Χριστιανῶν
3820 1343 3993 1410 lingat

2413 1433 2841 1501 περικειμένοις,
2908 1433 3170 1486 τάναντία
3215 1433 3270 1484 δὲ
3296 1435 3394 1500 τῆς
3429 1434 3795 1502 εῦαγγελικῆς
3843 1436 3992 1487 διδαο

2411 1524 2604 1584 καλίας
2639 1524 3073 1593 ἀσπαζομένοις,
3126 1526 3196 1580 τὰ
3234 1525 3459 1595 θυμήρη
3515 1529 3776 1595 πράττειν
3818 1527 3992 1590 ἀδεῶς

2412 1616 2612 1669 εἴασεν.
2650 1617 2872 1684 Ἀμέλει
2918 1618 3012 1670 καὶ
3046 1621 3076 1684 ἡ
3110 1620 3204 1670 ἐπὶ
3250 1618 3515 1672 ’ῐοσιανοῦ
3557 1621 3657 1687 μὲν
3698 1619 3991 1672 σδεοθείσα

2414 1705 2616 1774 πλάνη,
2664 1707 2774 1759 ἀπὸ
2823 1707 3120 1762 Ίουλιανοῦ
3153 1708 3209 1760 δὲ
3245 1707 3564 1776 ὲξαφθεῖσα.
3609 1709 3749 1760 rat}:
3794 1710 3992 1777 μικρὸν

2413 1800 2575 1852 πάλιν
2621 1799 2774 1867 ἧνθει
2805 1817 2817 1830 ·
2852 1802 2947 1852 καὶ
2993 1801 3062 1852 τὰ
3115 1801 3317 1852 Διάσια
3369 1801 3464 1853 καὶ
3520 1801 3797 1860 Διονύσια,
3830 1802 3900 1852 τά
3931 1819 3990 1851 τε

2413 1893 2699 1960 Δήμητρος
2725 1891 2885 1960 (ργα,
2919 1895 3020 1946 οὐκ
3047 1896 3105 1944 ἐν
3134 1894 3437 1963 γωνίᾳ,ἀτε
3467 1893 3530 1960 δὴ
3569 1882 3830 1962 βασιλέως
3855 1908 3963 1943 κατ
3982 1925 3993 1930 -

2415 1983 2696 2053 ἀρχοντος,
2729 1983 3009 2037 ἐτελοῦντο
3030 2001 3044 2015 ο
3081 1986 3175 2036 καὶ
3209 1984 3566 2054 βακχεύοντες
3593 1986 3784 2054 ἄνδρες
3836 1984 3992 2036 ἔθεον

2414 2077 2551 2127 κατά
2581 2077 2749 2144 μέσης
2783 2077 2884 2144 τῆς
2909 2078 3136 2145 ἀγορᾶς,
3168 2077 3386 2137 οὐδενὸς
3419 2077 3672 2146 ἐμποδὼν
3706 2077 3992 2129 καθεστῶο

2416 2186 2530 2232 τος.
2561 2169 2763 2231 Μόνοις
2793 2169 2837 2221 δ’
2867 2170 3060 2237 ἐχθρός
3091 2170 3360 2232 ἄσπονδος
3391 2165 3459 2238 ἦν
3482 2172 3592 2230 τοῖς
3628 2167 3892 2237 φρονοῦσι
3921 2170 3990 2217 ti

2419 2260 2515 2329 τῆς
2543 2259 2772 2312 καθόλου
2797 2260 3092 2329 ἐκκλησίας
3135 2260 3464 2328 διδάγματα.
3505 2263 3613 2313 Καὶ
3661 2261 3726 2328 δὴ
3774 2259 3993 2326 πρῶτον

2421 2351 2812 2422 ἀφῄρειαὺτῶν
2833 2353 2931 2421 τὴν
2949 2353 3244 2422 νεόδμητον
3261 2353 3614 2417 Ἐκκλησίαν,
3643 2355 3709 2422 ἢν
3730 2351 3991 2412 Ἰοΰιανὴ

2423 2442 2570 2494 ἑδοτο
2588 2457 2604 2473 ⁸
2649 2444 2745 2495 καὶ
2771 2442 2881 2497 τῶν
2909 2443 3089 2497 ἄλλων
3138 2443 3300 2513 ιερῶν
3326 2444 3632 2513 περιϐόλων
3675 2444 3989 2514 ἐξήλαυνεν.

2435 2533 2520 2595 Ὠς
2543 2534 2590 2585 δ’
2619 2535 2818 2586 ἐκεῖνοι
2837 2535 2892 2587 ὲν
2924 2534 3181 2605 ὑπαίθρῳ
3212 2537 3497 2603 διάγοντες
3523 2537 3677 2605 παρὰ
3712 2538 3812 2596 τὰς
3841 2537 3996 2587 ῦπι-ι-

2428 2627 2581 2694 ρείας
2613 2626 2708 2679 τοῦ
2749 2627 2909 2694 ὅρους
2951 2627 3157 2698 ὕμνουν
3186 2629 3305 2696 μὲν,
3343 2630 3417 2690 ὡς
3454 2629 3592 2689 ἔθος,
3623 2628 3777 2692 Θεὸν,
3808 2629 3916 2680 τῶν
3951 2629 3995 2677 δ’

2426 2718 2685 2770 ἐναντίων
2717 2718 2809 2771 τοῦ
2842 2719 3003 2789 ἀέρος
3045 2723 3300 2790 μετεῖχον
3343 2721 3679 2785 μεταϐολῶν,
3720 2721 3854 2774 ποτε
3896 2724 3998 2789 μέν

2429 2813 2604 2874 ὑετοῖς
2659 2814 2757 2866 καὶ
2787 2815 3030 2881 νιφετοῖς
3077 2815 3174 2866 καὶ
3215 2818 3446 2883 κρυμοῖς
3504 2814 3998 2883 προσπαλαίοντει,

2436 2906 2626 2958 ἄλλοτε
2699 2904 2757 2957 δὲ
2815 2903 3081 2972 φλογμοῖς
3138 2905 3385 2972 ἡλιακιῖς
3449 2907 3652 2974 σφόδρα
3703 2907 4003 2957 κατακαιο-

2432 3011 2601 3064 μενοι,
2654 2995 2762 3046 οὐδ’
2820 2997 2880 3046 ὲν
2918 2995 3144 3058 ταύταις
3179 2998 3272 3065 ιᾷν
3337 2996 3535 3054 αὐτοὺς
3600 2996 3796 3066 ἤθελε·
3827 3012 4000 3064 στρα-

2432 3088 2634 3149 τιὼτας
2655 3089 2712 3140 δὲ
2741 3087 3000 3155 πέμπων,
3029 3089 3124 3141 καὶ
3151 3091 3248 3154 τὴν
3282 3090 3538 3142 ἐπίπονον
3565 3089 3771 3155 ταύτην
3805 3087 4003 3152 διαγω-

2433 3180 2535 3248 γὴν
2600 3180 2969 3243 διεσκέδαζεν.
3027 3179 3324 3241 Φλαδιανὸς
3370 3180 3426 3232 δὲ
3484 3181 3575 3231 καὶ
3628 3179 3892 3247 Διόδωρος
3951 3181 4002 3229 οἱ

2432 3275 2668 3338 γενναῖοι
2704 3273 2800 3337 τῆς
2832 3271 3091 3340 ἀληθείας
3119 3272 3420 3338 ἀγωνισταὶ
3443 3271 3744 3340 τηνικαῦτα
3775 3270 4006 3336 διέλαμ-

2434 3380 2534 3414 πον
2558 3380 2573 3394 ·
2613 3364 2707 3414 καὶ
2734 3367 2800 3415 τὰ
2834 3363 3249 3432 προσῦάλλοντα
3287 3363 3512 3431 κύματα
3541 3365 3605 3432 τῇ
3640 3363 3843 3434 ποίμνῃ
3864 3365 4003 3430 Χρι-

2437 3450 2585 3514 στοῦ,
2613 3448 2702 3504 οἷά
2724 3469 2866 3513 τινες
2895 3453 3173 3518 πρόδολοι,
3206 3453 3340 3520 πρὸς
3381 3456 3552 3523 tlte-.91»
3596 3455 3669 3516 ὡς
3701 3455 3860 3521 τάχος
3886 3454 4006 3505 διέο

2436 3544 2582 3598 λυον.
2619 3544 2783 3596 Αὐτοὶ
2834 3545 2941 3614 γὰρ
2979 3544 3118 3614 μετὰ
3156 3546 3418 3598 Μελέτιον
3471 3546 3764 3613 γενόμενον
3801 3548 4008 3616 ὑπερό-

2439 3653 2556 3704 ριον
2585 3639 2686 3703 τῆς
2723 3635 2958 3705 ποίμνης
3013 3635 3404 3689 ἀντεποιοῦντο
3430 3638 3668 3705 Χριστοῦ
3691 3653 3705 3666 ⁶
3758 3641 3869 3699 τοῖς
3905 3639 4006 3706 μὲν

2435 3727 2620 3787 λύκοις
2649 3725 2910 3794 ἀνδρείως
2963 3727 3437 3796 ἀντιταττόμενοι,
3466 3732 3581 3787 τοῖς
3611 3747 3672 3798 γε
3723 3731 3830 3801 μὴν
3869 3731 4009 3800 Χρι-

2440 3819 2567 3870 στοῦ
2601 3818 2884 3888 θρέμμασι
2910 3817 3009 3889 τὴν
3039 3821 3430 3889 προσήκουσαν
3465 3823 3814 3877 διδασκαλίαν
3841 3842 4012 3894 προσ-

2435 3911 2717 3979 φέροντες.
2758 3910 2846 3970 Ὠς
2902 3911 2957 3964 δὲ
3018 3914 3128 3965 κάκ
3187 3913 3288 3981 τῆς
3345 3915 3626 3984 ὑπωρείας
3679 3918 4003 3986 ἠλαύνοντο,

2437 4002 2590 4070 παρά
2613 4002 2711 4065 τὰς
2742 4002 2910 4071 δχθας
2936 4003 3031 4055 τοῦ
3061 4004 3304 4070 γείτονος
3357 4007 3606 4073 ποταμοῦ
3635 4008 3700 4060 τά
3753 4010 4005 4075 πρόϐατα

2435 4095 2651 4164 ἔνεμον,
2679 4095 2777 4148 οὐκ
2808 4097 2953 4165 εἰκῆ.
2978 4097 3123 4151 κατὰ
3169 4097 3293 4160 τοῦς
3323 4099 3380 4149 ὲν
3420 4098 3696 4152 Βαϐυλῶνι
3721 4103 4009 4171 αἰχμαλώ-

2435 4205 2583 4250 τους,
2604 4187 2756 4258 παρὰ
2774 4188 2871 4251 τὰς
2895 4189 3040 4252 ίτέας
3055 4191 3372 4258 κρεμῶντες
3393 4191 3463 4243 τὰ
3481 4191 3588 4244 τῶν
3606 4191 3759 4260 ᾠδῶν
3776 4194 4005 4262 ὄργανα,

2433 4279 2550 4332 ἀλλ’
2577 4279 2749 4338 ἀδεῶς
2798 4279 3002 4350 ὕμνουν
3048 4282 3200 4348 θεὸν,
3232 4285 3371 4335 κατὰ
3401 4284 3491 4336 τδν
3545 4285 3689 4336 θεῖον
3716 4284 3908 4349 Aut/£5,
3950 4289 4009 4336 ἐν

2437 4371 2603 4422 παντὶ
2634 4371 2786 4440 τόπῳ
2841 4372 2941 4440 τῆς
2991 4372 3310 4434 δεσποτείας
3365 4375 3552 4427 αὑτοῦ.
3587 4375 3730 4429 Ἀλλ’
3784 4377 3895 4428 οὐδ’
3952 4379 4010 4428 ἐν

2437 4465 2635 4533 ἐκείνῳ
2666 4464 2742 4531 τῷ
2773 4465 2935 4534 χώρῳ
2984 4465 3216 4518 ἐπιπολὺ
3251 4465 3550 4535 διατρίόειν
3605 4467 3789 4519 εἴασεν
3821 4469 3849 4518 ό
3896 4468 4010 4519 τῶν

2433 4554 2729 4624 όρθοδόξων
2767 4557 2944 4623 μόνων
2979 4557 3241 4625 πολέμιος
3265 4573 3278 4588 ο
3312 4556 3430 4608 ἀλλ’
3458 4557 3532 4620 ὡς
3563 4557 3722 4627 τάχος
3749 4559 4008 4610 κέκεϊθεν

2434 4647 2660 4714 ἀφίστα,
2694 4646 2791 4698 καὶ
2820 4647 2920 4715 τὴν
2974 4652 3299 4715 συναγωγὴν
3329 4649 3567 4718 διασπᾷν
3611 4651 3894 4718 ἐπειρᾶτο.
3939 4647 4002 4701 Ἦ

2436 4739 2554 4792 θεία
2577 4739 2685 4791 τῶν
2713 4740 3097 4808 ὑποποιμένων
3122 4739 3353 4792 τουτωνὶ
3375 4739 3628 4811 ξυνωρὶς,
3654 4741 4010 4808 γυμνάζουσα

771 4845 987 4899 quoque
1024 4839 1268 4898 tempore
1299 4831 1426 4884 inde
1456 4831 1621 4884 etiam
1666 4832 1922 4888 secedere
1956 4834 2166 4903 coegit,
2196 4850 2332 4888 con-
2368 4851 2409 4903 ο
2439 4848 2464 4898 μ

2318 4864 2332 4877 .
2368 4851 2409 4903 ο
2439 4831 2537 4898 μὲν
2569 4825 2634 4900 ἦν
2664 4830 2725 4881 τὸ
2757 4831 3130 4898 πνευματικὸν
3166 4831 3326 4882 τοῦτο
3359 4832 3613 4899 ποίμνιον
3652 4833 3786 4898 πρὸς
3820 4830 3918 4899 τὴν
3956 4833 4011 4882 ἒν

774 4933 1105 4991 ventumque
1129 4938 1253 4975 cum
1293 4923 1508 4977 solvere
1539 4933 1701 4990 atque
1749 4923 2016 4992 dissipare
2039 4935 2123 4978 est
2169 4942 2335 4980 cona-

776 5023 885 5068 tus.
926 5012 1182 5067 Sedenim
1241 5013 1484 5069 divinum
1517 5013 1750 5067 duorum
1803 5015 2033 5068 istorum
2067 5017 2334 5082 virorum,

776 5103 868 5170 qui
901 5120 998 5171 pro
1029 5103 1340 5172 pastoribus
1365 5119 1477 5156 rem
1517 5103 1795 5172 gerebant,
1828 5119 1926 5173 par
1948 5144 1962 5167 ,
1998 5105 2337 5175 spiritualem

777 5211 1010 5264 gregem.
1035 5197 1099 5246 ad
1131 5195 1180 5247 id
1218 5195 1360 5262 quod
1390 5194 1678 5248 inChristo
1708 5205 1789 5247 est
1811 5196 2034 5259 bellum,
2068 5198 2340 5264 exercuit,

779 5300 941 5353 atque
984 5287 1072 5337 ttbi
1105 5287 1470 5353 pabulanduut
1503 5296 1667 5346 esset,
1705 5288 2045 5341 monstravit.
2079 5288 2146 5342 Et
2172 5304 2336 5358 gene-

781 5394 939 5430 rosus
973 5379 1193 5445 quidem
1222 5379 1510 5437 Diodorus.
1552 5378 1773 5446 perinde
1800 5387 1961 5446 atque
2004 5379 2259 5446 pra-altus
2290 5389 2345 5432 et

783 5469 1084 5538 pellucidus
1111 5470 1308 5529 amnis,
1341 5469 1527 5522 divino
1563 5471 1785 5522 ﬂumine
1813 5484 1942 5522 suos
1974 5470 2201 5536 potavit.
2231 5469 2344 5523 Ad-

784 5576 973 5616 rersus
1005 5561 1212 5615 alienos
1260 5573 1442 5615 autem
1506 5562 1885 5615 vehementius
1949 5578 2070 5616 cum
2139 5563 2344 5631 impetu

789 5669 973 5716 ruens,
1031 5654 1310 5722 illegititna
1349 5653 1599 5723 dogmata
1627 5654 1787 5706 diluit
1831 5665 1884 5707 ct
1919 5653 2160 5708 abolevit
2189 5670 2203 5707 ι
2237 5669 2344 5708 ιιοιι

859 5829 934 5894 (Ι)
967 5829 1175 5884 Theod.
1211 5829 1336 5883 cod.
1374 5844 1493 5892 cap.
1523 5827 1612 5890 ἓξ,
1646 5830 1733 5885 9.3.

2439 4919 2659 4990 Χριστῷ
2694 4921 2898 4989 μάχην,
2926 4921 3018 4972 καὶ
3103 4921 3168 4990 δὴ
3190 4921 3473 4988 νέμεσθαι,
3502 4921 3871 4973 ἐπεδείκνυον.
3905 4921 4015 4973 Καὶ

2441 5014 2468 5065 ό
2507 5015 2606 5082 μὲν
2639 5016 2883 5079 γενναῖος
2915 5014 3198 5082 Διόδωρος.
3235 5008 3323 5066 οἷά
3374 5031 3460 5075 τις
3504 5014 3749 5079 ποταμὸς
3786 5013 4015 5080 βαθυδίι

2446 5121 2547 5171 νης
2579 5105 2674 5156 καὶ
2723 5105 3105 5166 διειδέστατος,
3140 5105 3200 5156 τὸ
3232 5104 3371 5156 Θεῖον
3400 5106 3549 5172 νᾶμα
3583 5108 3695 5165 τοῖς
3732 5105 4020 5169 σφετέροις

2446 5195 2694 5264 ιπήγαγε
2723 5209 2738 5224 ⁸
2771 5195 3028 5263 ῥαγδαῖος
3059 5195 3115 5246 δὲ
3172 5197 3286 5257 τοῖς
3322 5193 3626 5263 ἀλλοτρίοις
3680 5193 3912 5256 κατιὼν,
3957 5195 4025 5246 τὰ

2446 5287 2578 5340 νόθα
2615 5287 2722 5338 τῶν
2747 5287 3033 5354 δογμάτων
3070 5286 3336 5349 ἐπέκλυζε
3393 5290 3487 5338 καὶ
3539 5286 3793 5354 ὴςάνιζε,
3856 5288 3932 5355 μὴ
3963 5287 4023 5336 τὸ

2448 5379 2544 5430 τοῦ
2581 5379 2770 5446 γένους
2801 5378 3098 5446 περιφανὲς
3131 5379 3382 5447 οὐδαμῶς
3426 5379 3484 5429 ἐν
3519 5379 3663 5447 λόγῳ
3712 5379 4021 5445 τιθέμενπ,

2452 5472 2632 5538 (piam:
2661 5470 2705 5520 δ’
2754 5465 2812 5521 εὖ
2856 5470 3000 5537 μάλα
3056 5468 3115 5519 τὸ
3150 5469 3380 5537 πάσχειν
3422 5470 3561 5539 ὑπὲρ
3611 5469 3704 5537 τῆς
3763 5471 4022 5527 πίστεως.

2449 5563 2745 5624 Φλαόιανδς
2792 5562 2848 5614 δὲ
2881 5564 2975 5614 καί
3014 5562 3174 5623 αὐτὸς
3203 5561 3312 5612 τῶν
3367 5559 3428 5614 εὖ
3477 5560 3778 5630 γεγονότων
3823 5560 3920 5623 ὢν,
3970 5561 4029 5609 τὸ

2457 5654 2676 5716 εὐσεϐὲς
2739 5653 2838 5723 τῆς
2896 5653 3172 5721 εὐγενείας
3234 5654 3551 5720 προὺτίθει“
3600 5655 3694 5706 καὶ
3763 5653 3908 5705 καθά
3945 5669 4026 5714 τι,
