4288 6438
795 374 899 440 647

2008 364 2427 436 NICEPIIORI
2463 371 2813 437 CALIJSTI

3927 371 4037 448 ΜΒ

800 487 879 542 eis
903 501 989 541 me
1018 484 1071 540 id
1102 482 1281 540 facere
1302 484 1505 540 debere
1539 502 1552 540 :
1578 485 1932 553 facturosque
1974 483 2027 536 id
2068 483 2205 537 adeo
2233 498 2365 536 con-
2402 490 2443 543 Α
2471 502 2493 535 τ

2341 515 2365 526 -
2402 490 2443 543 Α
2471 502 2601 549 των,
2631 487 2688 537 ἐν
2719 484 2912 554 εἰρήνη
2950 481 3059 535 τῶν
3091 481 3327 550 Χριστοῦ
3362 484 3700 554 θρεμμάτων
3745 492 4034 558 μενόντων.

799 591 1009 637 stanter
1059 580 1268 634 fueram
1294 619 1307 640 .
1339 580 1383 633 si
1437 595 1539 648 pax
1585 578 1790 633 Christi
1824 577 2021 632 ovibus
2058 584 2222 632 esset.
2258 576 2364 632 Sed

798 689 924 727 cum
952 674 1120 726 multa
1148 672 1652 741 quaedam'insania:
1686 671 1861 739 caligo
1897 669 2015 723 loca
2046 668 2228 723 omnia
2267 684 2364 722 oc-

801 766 1037 833 cuparit,
1088 773 1143 819 et
1190 764 1461 816 maximus
1509 763 1734 827 insuper
1754 762 2013 830 subrepat
2060 760 2246 822 timor,
2298 775 2366 813 ne

802 856 1042 924 plurimo
1073 855 1395 908 imminente
1421 851 1685 922 periculo,
1724 867 1752 905 a
1782 851 1910 905 feris
1930 866 2063 905 oves
2095 850 2369 904 dilanien-

804 954 914 1004 tur.
967 943 1265 1005 necessitas
1295 942 1425 995 mihi
1453 957 1670 1010 quoque
1711 940 2004 1006 incumbit,
2030 949 2088 993 ttt
2123 938 2364 1011 vigilem,

802 1051 1137 1103 omnemque
1169 1036 1353 1089 funem
1396 1050 1680 1097 moveam,
1718 1050 1784 1088 ne
1813 1034 1955 1102 quod
1989 1048 2119 1103 grex
2162 1035 2365 1089 Christi

800 1129 983 1196 capiat
1045 1128 1456 1182 detrimentum.
1507 1128 1615 1194 Age
1645 1126 1830 1189 enim,
1867 1143 1900 1179 0
1946 1126 2262 1194 imperator,
2319 1125 2364 1179 si

806 1217 987 1292 puella
1016 1237 1193 1275 essem
1244 1214 1389 1274 domi
1426 1222 1478 1273 in
1524 1218 1769 1274 conclavi
1801 1220 2007 1275 abdita.
2055 1220 2204 1274 fusos
2253 1236 2366 1272 ma-

801 1317 965 1372 nibus
995 1324 1255 1376 tractans,
1278 1321 1330 1366 et
1372 1313 1668 1366 lanificium
1708 1328 1885 1365 meum
1930 1327 2131 1365 curans
2161 1352 2173 1374 ,
2202 1322 2367 1381 atque

801 1408 1056 1463 alicunde
1084 1406 1265 1459 subito
1298 1405 1668 1472 conspicerem
1706 1403 1978 1456 ﬂammam
2014 1412 2280 1465 exortam,
2314 1411 2370 1458 et

804 1501 954 1555 omni
996 1516 1062 1553 ex
1086 1509 1237 1568 parte
1270 1506 1508 1566 paternze
1552 1496 1734 1549 domui
1770 1495 2177 1558 circumfusam,
2221 1495 2368 1551 fanlo

803 1592 1060 1647 incendio
1114 1606 1231 1645 eam
1278 1590 1497 1658 jamjam
1556 1597 2027 1656 consumpturatn,
2087 1588 2216 1657 quid
2281 1602 2367 1642 me

802 1685 987 1739 facere
1016 1680 1337 1751 Oporteret?
1366 1680 1485 1740 dic,
1517 1681 1569 1733 te
1627 1694 1724 1748 per
1750 1680 1916 1731 Deum
1958 1693 2077 1733 oro.
2108 1677 2370 1733 Utrumne

806 1791 892 1828 me
940 1774 1019 1828 sic
1079 1770 1293 1829 sedere.
1349 1779 1404 1823 et
1441 1778 1663 1838 penates
1714 1768 1920 1837 patrios
1970 1766 2369 1835 conﬂagrantes

2482 578 2631 629 Ἐπεὶ
2660 577 2717 628 δὲ
2746 576 2918 646 πολλή
2949 592 3035 639 τις
3067 578 3127 629 τὺ
3155 578 3263 630 πᾶν
3306 579 3525 648 κατέχει
3560 580 3917 649 σκοτόμαινα,
3946 589 4040 637 καὶ

2467 670 2584 734 δέος
2613 672 2849 742 ὑφέρπει
2884 671 3158 732 πλεῖστον,
3202 671 3277 740 μὴ
3311 670 3625 742 θηριάλωτα
3665 676 3915 745 γένηται,
3945 695 4043 747 με·

2468 762 2655 830 γίστου
2690 764 3079 833 ἐπηρτημένου
3113 764 3383 820 κινδύνου.
3418 764 3634 836 ἀνάγκη
3659 767 3803 835 κάμὲ
3838 784 4042 836 γρηγο-

2470 858 2605 923 ρετν,
2638 857 2733 910 καὶ
2768 858 2945 911 πάντα
2990 858 3171 911 κάλων
3205 860 3401 921 κινεῖν,
3442 859 3725 929 ἀλώϐητον
3772 862 4041 913 διασῶσαι

2468 948 2567 1018 τὴν
2600 949 2838 1018 ποίμνην
2885 943 3149 1019 Χριστοῦ.
3179 952 3324 1019 Ἀρα
3358 952 3489 1022 γὰρ,
3541 945 3587 1004 ὦ
3645 952 3888 1021 βασιλεῦ,
3924 954 4039 1021 εἴγε

2475 1043 2615 1110 κόρη
2649 1059 2732 1104 τις
2756 1043 3055 1112 ἐτύγχανον
3083 1042 3180 1106 ὢν,
3215 1046 3355 1097 οἴκοι
3388 1061 3445 1096 τε
3480 1046 3573 1096 καὶ
3604 1045 3740 1112 πρὸς
3795 1044 4042 1113 θάλαμον

2469 1135 2852 1203 κεκρυμμένη,
2888 1134 2979 1186 καὶ
3018 1135 3152 1204 πρὸς
3189 1136 3457 1205 ἄτρακτον
3499 1135 3783 1205 ἐρείδουσα
3826 1140 4039 1206 χεῖρας,

2470 1225 2685 1294 καὶτῆς
2709 1225 2915 1287 οἰκείας
2945 1225 3208 1288 ταλασίας
3232 1226 3551 1279 καθεστῶσα
3578 1230 3658 1289 εἰς
3681 1227 4006 1297 ἐπιμέλειαν
4027 1244 4039 1256 ·

2470 1314 2592 1370 εἶτά
2638 1316 2806 1369 ποθεν
2837 1317 3103 1384 ἐξαπίνης
3144 1317 3317 1385 φλόγα
3370 1315 3792 1386 προσπεσοῦσαν
3828 1316 4039 1385 ἐώρων,

2469 1405 2567 1475 τὴν
2616 1406 2879 1477 πατρῴαν
2929 1408 3108 1459 οἰκίαν
3153 1407 3467 1477 ἁπανταχοῦ
3519 1406 3902 1475 περιθέουσαν,
3948 1408 4043 1458 καὶ

2470 1500 2941 1571 κατεπειγομένην
2995 1502 3371 1570 ἀπηνέστερον
3412 1492 3680 1570 δαπανᾷν,
3713 1501 3765 1551 τί
3808 1518 3874 1569 με
3907 1499 4042 1568 δρᾷν

2471 1583 2597 1655 ἔδει,
2649 1593 2772 1645 είπέ
2826 1593 2961 1662 πρὸς
2993 1592 3130 1646 Θεοῦ
3158 1609 3172 1657 ;
3198 1588 3327 1663 Ἆρ’
3350 1593 3515 1663 ἐχρῆν
3541 1595 3716 1662 ἠσυχῆ
3743 1591 4040 1661 καθῆσθαι,

2470 1685 2564 1737 καὶ
2591 1682 2692 1754 τὴν
2730 1688 3008 1755 πατρικὴν
3040 1686 3229 1739 ἐστίαν
3267 1685 3442 1749 οὓτως
3470 1686 3901 1755 ἐμπιπραμένην
3941 1704 4043 1737 πε-

2474 1775 2684 1844 ριορᾷν,
2722 1774 2817 1826 καὶ
2844 1773 2905 1825 τὸ
2937 1774 3048 1844 πῦρ
3077 1773 3249 1843 ἕρπον
3289 1776 3624 1844 προσμένειν
3647 1791 3659 1804 ·
3691 1776 3721 1841 ἦ
3750 1776 3841 1826 τὸν
3875 1774 4041 1826 θάλα-

808 1868 1111 1934 despicere,
1146 1836 1877 1933 ignemqueproserpentem
1912 1868 2265 1928 exspectare;
2297 1869 2366 1913 an
2404 1836 2443 1890 Β

2352 1874 2366 1913 1
2404 1836 2443 1890 Β
2476 1880 2574 1931 μον
2604 1863 2869 1917 λιποῦσαν
2900 1865 3083 1929 εὐθὺς,
3115 1866 3229 1920 ἄνω
3273 1868 3368 1918 καὶ
3427 1865 3580 1919 κάτω
3632 1869 3851 1936 χωρεῖν,
3898 1866 4042 1930 ὕδωρ

808 1959 1051 2015 conclavi
1077 1957 1257 2011 statim
1289 1955 1496 2017 relicto,
1528 1967 1742 2007 sursum
1769 1958 1825 2006 et
1844 1951 2098 2005 deorsum
2125 1965 2369 2012 currere,

806 2067 1001 2121 aquam
1063 2051 1117 2103 in
1172 2046 1428 2102 manibus
1498 2045 1729 2108 habere,
1778 2054 1834 2097 ct
1884 2042 2061 2095 modis
2115 2040 2371 2094 omnibus

804 2144 1075 2197 ﬂammam
1106 2142 1449 2208 exstinguere
1510 2134 1692 2189 conari
1734 2133 2056 2202 oporteret?
2091 2132 2248 2202 150
2270 2131 2369 2186 Sa.

808 2236 877 2288 tis
908 2247 1038 2286 sane
1068 2232 1204 2295 scio,
1254 2229 1533 2282 dicturum
1569 2234 1642 2289 te,
1675 2225 1982 2279 faciendum
2036 2226 2168 2276 mihi
2224 2238 2368 2283 esse.

803 2324 949 2395 quod
978 2332 1036 2378 et
1071 2322 1276 2391 sagacis
1304 2334 1557 2387 sameque
1615 2318 1814 2371 mentis
1848 2316 2025 2386 puella
2066 2315 2289 2371 faceret.
2314 2313 2370 2369 ld

809 2420 985 2487 ipsum
1042 2429 1172 2470 vero
1226 2428 1373 2467 nunc
1420 2424 1641 2481 quoque
1708 2410 1825 2464 fieri
1857 2409 2060 2464 debere
2091 2410 2367 2464 existimo.

804 2511 941 2566 Cum
961 2508 1187 2562 tu-cnim
1214 2504 1369 2574 quasi
1410 2503 1617 2557 fulmen
1660 2502 1935 2572 quoddam
1988 2502 2044 2555 in
2088 2510 2368 2572 paternam

807 2605 1032 2659 domum
1080 2609 1323 2653 nostram
1387 2595 1647 2651 incideris
1673 2634 1688 2659 ,
1722 2604 1779 2649 et
1812 2594 2080 2649 veriorem
2111 2594 2369 2663 pietatem

807 2711 1023 2751 omnem
1058 2694 1181 2765 igne
1208 2702 1387 2745 vastcs
1407 2732 1423 2757 ,
1464 2689 1817 2758 undiquaque
1845 2688 2369 2750 circumcursamus,

804 2792 1075 2845 ﬂammam
1102 2787 1423 2857 gliscentem
1443 2784 1792 2849 exstinguere
1835 2788 2169 2846 satagentcs.
2203 2799 2221 2831 ι
2246 2780 2371 2835 Haec

805 2882 1026 2953 quidem
1063 2881 1153 2934 ille
1183 2878 1343 2933 dixit.
1365 2877 1667 2945 Imperator
1692 2884 1873 2928 autem
1903 2874 1968 2928 ad
1992 2874 2165 2927 minas
2198 2886 2372 2943 usque

807 2990 1147 3047 progressus,
1192 2972 1355 3026 silere
1386 2984 1510 3023 cum
1536 2968 1733 3038 coegit.
1768 2967 1843 3020 Ex
1870 2967 2224 3021 cubiculariis
2265 2985 2364 3021 an-

808 3076 915 3121 tem
946 3060 1291 3134 imperatoris
1329 3060 1569 3129 quidam,
1605 3059 1699 3127 qui
1729 3067 1976 3112 sanctum
2017 3059 2201 3113 virum
2243 3075 2372 3129 pro-

2475 1957 2612 2023 μετὰ
2647 1957 2834 2024 χεῖρας
2876 1955 3127 2025 ἔχουσαν,
3179 1959 3273 2011 καὶ
3322 1959 3487 2011 παντὶ
3532 1960 3721 2029 τρόπῳ
3765 1958 4045 2011 σϐεννύειν

2474 2048 2765 2115 πειρᾶσθαι
2788 2048 2890 2119 τὴν
2912 2049 3127 2118 φλόγας
3164 2045 3299 2103 Οἶδα
3346 2051 3586 2113 πάντως,
3626 2052 3787 2104 τοῦτο
3821 2053 3985 2118 ἐρεῖς,
4020 2051 4045 2101 ὃ

2472 2140 2566 2191 καὶ
2602 2141 2739 2208 κόρη
2787 2142 3068 2210 ἀγχίνους,
3108 2144 3202 2195 καὶ
3256 2145 3455 2213 φρενὸς
3508 2144 3696 2211 ὑγιοῦς
3728 2149 4044 2198 ἀντιποιου-

2477 2231 2638 2301 μένη,
2661 2234 2889 2303 ἔδρασεν
2918 2234 2983 2287 ἄν
3004 2252 3019 2267 ⁸
3046 2235 3074 2286 ὃ
3098 2234 3252 2301 κάγὼ
3281 2235 3487 2303 νομίζω
3514 2237 3637 2305 ἄρτι
3668 2236 4042 2305 χρῆναιδρᾷν.

2472 2323 2575 2378 Σοῦ
2610 2326 2718 2394 γὰρ
2748 2320 2839 2379 οἷά
2865 2344 3014 2389 τινος
3043 2327 3312 2395 κεραυνοῦ
3346 2329 3437 2380 ἐπὶ
3463 2331 3561 2396 τὴν
3592 2328 3853 2399 πατρῴαν
3884 2332 4045 2398 ἡμῶν

2471 2421 2651 2474 οίκίαν
2674 2415 3155 2488 κατασκήψαντος,
3196 2419 3377 2473 καὶτὸ
3430 2422 3655 2491 σύμπαν
3706 2422 4042 2491 πυρπολοῦν-

2471 2530 2563 2575 τος
2596 2513 2696 2581 τῆς
2749 2511 3053 2575 εὐσεϐείας,
3103 2502 3424 2581 ἁπανταχοῦ
3471 2515 3799 2582 περιθέομεν
3833 2516 3894 2567 τὸ
3943 2516 4044 2579 τῆς

2473 2604 2669 2672 φλογὸς
2696 2588 2946 2671 ἀκμάζον
2973 2598 3163 2657 σϐέσαι
3205 2605 3556 2673 πειρώμενοι.
3603 2624 3621 2657 ι
3658 2606 3843 2660 Ταῦτα
3878 2607 3907 2658 ὀ
3947 2610 4045 2673 μὲν

2473 2693 2663 2748 εἶπεν·
2715 2694 2743 2745 δ
2789 2695 2846 2746 δὲ
2904 2695 3097 2764 μέχρις
3143 2696 3376 2762 ἀπειλῆς
3427 2697 3821 2766 προχωρήσας,
3885 2700 4045 2766 σιγᾷ-ι

2471 2785 2838 2855 ἠναγκάζετο.
2869 2785 2994 2839 Τῶν
3024 2805 3108 2849 τις
3138 2786 3194 2838 δέ
3222 2788 3347 2855 περὶ
3380 2787 3469 2839 τὸν
3494 2785 3777 2856 βασιλικὸν
3808 2790 4043 2841 κοιτῶνα

2475 2879 2813 2949 ορασύτερον
2847 2878 2925 2947 τῷ
2959 2877 3092 2947 ὁσίῳ
3152 2878 3446 2942 διατεθεὶς,
3478 2882 3604 2949 περὶ
3658 2880 3717 2933 τὸ
3764 2881 4045 2949 βαλανεῖον

2473 2968 2631 3029 εὐθὺς
2665 2968 2870 3034 εἰσιὼν,
2906 2968 3037 3021 ὥστ’
3084 2967 3218 3022 αὐτὸ
3253 2969 3465 3038 βασιλεῖ
3495 2970 3836 3038 εὐτρεπίσαι,
3865 2974 3924 3023 τὸ
3955 2972 4043 3023 λο-

2474 3060 2719 3126 γιστικὸν
2736 3060 3053 3130 ἐκτραπεὶς,
3082 3062 3162 3122 είς
3182 3062 3280 3128 τὴν
3308 3062 3652 3133 Θερμοῤῥόην
3677 3063 4045 3134 διολισῢήσας,

806 3171 927 3231 pter
952 3158 1117 3213 animi
1150 3158 1509 3210 temeritatem
1542 3152 1759 3221 gravius
1792 3161 2145 3215 tractaverat,
2170 3152 2223 3205 in
2259 3153 2371 3206 bal-
2397 3173 2441 3234 ρ
2477 3168 2499 3201 κ

2351 3182 2371 3191 -
2397 3173 2441 3234 C
2477 3154 2567 3203 καὶ
2595 3150 2836 3220 ἀκράτου
2883 3149 3170 3219 μετασχὼν
3198 3150 3295 3203 τοῦ
3339 3150 3565 3221 θερμοῦ,
3602 3151 3697 3205 τδν
3750 3154 3863 3223 βίον
3911 3157 4037 3208 ἀπέ-

807 3269 966 3309 nenm
993 3250 1278 3306 confestim
1322 3249 1620 3315 ingressus,
1659 3256 1719 3298 ut
1765 3244 1999 3314 principi
2037 3244 2363 3299 lavationem

808 3350 1163 3413 prmpararet,
1199 3348 1379 3393 mente
1402 3346 1615 3406 captus,
1657 3346 1711 3391 et
1735 3338 1787 3390 in
1810 3337 2015 3391 calidas
2040 3352 2207 3405 aquas
2224 3335 2371 3389 ἀείο-

808 3453 959 3506 psus,
995 3436 1070 3489 ibi
1115 3434 1275 3487 vitam
1320 3431 1515 3485 finivit.
1580 3432 1880 3499 Imperator
1920 3430 2239 3498 aliquandiu
2281 3438 2371 3482 ex-

805 3537 1080 3596 spectans,
1106 3533 1160 3578 et
1188 3522 1398 3577 extrahi
1427 3536 1490 3576 ea
1528 3536 1679 3574 mora
1713 3531 1928 3589 tempus
1956 3536 2216 3589 querens,
2249 3520 2371 3573 aliis

804 3631 1027 3671 causam
1058 3616 1176 3686 ejus
1215 3614 1294 3667 rei
1334 3613 1645 3681 inquisitam
1684 3611 1786 3666 sibi
1821 3612 2136 3665 renuntiare
2166 3625 2372 3681 przece-

808 3710 905 3778 pit.
941 3706 1043 3773 Qui
1075 3721 1197 3759 cum
1223 3719 1289 3758 eo
1317 3704 1617 3767 venissent,
1651 3711 1707 3757 et
1736 3704 1915 3756 omnia
1949 3705 2371 3773 circumspexis-

805 3807 949 3862 sent,
965 3797 1112 3850 illum
1138 3796 1189 3847 in
1210 3792 1403 3847 calidis
1420 3792 1581 3846 undis
1602 3803 1773 3847 morte
1797 3794 1989 3861 frigida
2027 3806 2367 3863 peremptum

809 3898 1148 3958 repererunt.
1199 3889 1353 3954 Quod
1412 3889 1505 3942 ubi
1554 3888 1851 3956 imperator
1910 3888 2188 3954 cognovit,
2231 3902 2370 3955 Opus

808 3981 861 4034 id
895 3981 1115 4050 quidem
1150 3981 1466 4051 petulantis,
1510 3980 1799 4049 Aphraata:
1819 3990 2007 4033 sancto
2036 3980 2198 4034 illata:
2226 3980 2371 4050 inju-

808 4077 905 4129 rize
956 4086 1011 4130 et
1049 4074 1399 4129 contumeliae
1441 4088 1584 4139 esse,
1615 4083 1763 4128 recte
1792 4073 2090 4128 arbitratus
2117 4081 2241 4127 est:
2302 4073 2371 4127 de

808 4169 975 4239 impio
1026 4180 1206 4222 autem
1273 4167 1525 4237 dogmate
1586 4168 1880 4233 eumdem,
1933 4169 2085 4235 juxta
2132 4166 2370 4221 indurati

806 4262 990 4316 cordis
1048 4261 1410 4323 Pharaonem,
1454 4260 1684 4315 retinuit
1739 4261 2006 4312 animum.
2030 4259 2098 4314 Et
2148 4259 2371 4329 perinde

807 4363 970 4422 atque
1013 4352 1239 4406 fuhnine
1269 4351 1481 4406 amatus
1510 4361 1565 4406 et
1602 4352 1869 4405 attonitus
1909 4352 2205 4420 imperator
2227 4390 2242 4416 ,
2267 4350 2372 4404 mi-

805 4445 993 4501 raculo
1042 4459 1109 4497 eo
1157 4443 1329 4513 magis
1352 4444 1518 4497 etiam
1556 4454 1640 4496 est
1669 4451 1859 4497 contra
1891 4458 2077 4497 veram
2108 4443 2367 4513 pietatem

2477 3242 2656 3297 λιπεν.
2716 3241 2867 3295 Ἐπεὶ
2897 3242 2940 3294 δ’
2986 3243 3014 3293 ὀ
3055 3241 3310 3312 βασιλεὺς
3355 3244 3587 3296 ἐπιπολὺ
3639 3246 3931 3314 διατρίϐων
3988 3250 4044 3301 τδ

2481 3333 2647 3403 βραδὺ
2677 3335 2981 3406 κατῃτιᾶτο
3014 3333 3106 3386 τοῦ
3146 3332 3361 3403 χρόνου,
3393 3337 3601 3402 ἑτέροις
3633 3340 3901 3409 ἐπέτρεπε
3945 3359 4044 3408 μη-

2481 3424 2634 3478 νύειν
2663 3428 2725 3478 τδ
2750 3427 2940 3480 αἴτιον.
2981 3427 3067 3487 Ὠς
3105 3423 3150 3478 δ’
3179 3422 3312 3498 ἦκον
3349 3428 3522 3481 πάντα
3564 3432 4044 3496 περισκοποῦντες,

2476 3518 2679 3588 ὁρῶσιν
2713 3520 2924 3571 ἐκεῖνον
2956 3517 3105 3570 ἔνδον
3135 3518 3228 3570 τοῦ
3256 3519 3498 3588 ἀκράτου
3532 3520 3759 3589 Θερμοῦ,
3789 3522 3866 3591 τῷ
3888 3522 4043 3593 ψύχει

2477 3608 2829 3677 διαλυόμενον
2866 3609 2963 3677 τῆς
2995 3607 3339 3677 νεκρώσεως.
3381 3610 3445 3660 '0
3475 3609 3538 3677 δὴ
3569 3612 3618 3661 οἱ
3659 3611 3789 3680 περὶ
3821 3613 3916 3663 τὸν
3954 3614 4041 3682 βα-

2481 3699 2633 3751 σιλέα
2672 3699 2954 3769 μαθόντες,
2992 3699 3151 3769 ἔργον
3183 3700 3284 3769 μὲν
3312 3695 3451 3753 εἶναι
3486 3700 3586 3771 τῆς
3615 3705 3671 3765 ἐς
3704 3703 4044 3774 Ἀφραάτην,

2480 3793 2575 3845 τὸν
2627 3793 2795 3857 ὅσιον,
2850 3792 3139 3861 παροινίας
3185 3793 3363 3855 καλῶς
3419 3794 3769 3861 ἐλογίσαντο·
3816 3798 3950 3865 πρός
3987 3815 4043 3865 γε

2483 3884 2589 3955 μὴν
2625 3886 2685 3937 τὸ
2744 3885 3004 3948 δυσσεϐὲς
3060 3886 3237 3955 δόγμα
3289 3888 3431 3941 κατά
3481 3888 3574 3942 τὸν
3621 3889 4045 3962 σκληροκάρδιευΙ

2478 3980 2741 4032 διέκειντο
2786 3979 3005 4049 Φαραώ.
3040 3978 3103 4033 Ὀ
3147 3980 3202 4032 δέ
3252 3980 3621 4051 ἐμϐρόντητος
3679 3982 3933 4050 βασιλεὺς
3988 3986 4045 4054 tif

2479 4072 2898 4145 θαυματουργία
2921 4073 3124 4143 μᾶλλον
3150 4074 3290 4127 κατά
3314 4076 3414 4143 τῆς
3449 4076 3731 4138 εὐσεϐείας
3758 4076 4045 4139 ὠπλὶζετο.

2480 4162 2618 4219 Κατ’
2670 4165 2846 4218 ἐκεῖνο
2874 4167 2931 4218 δὲ
2962 4165 3159 4234 καιροῦ
3215 4168 3285 4218 τὰ
3320 4167 3408 4219 ίσα
3444 4167 3520 4235 τῷ
3559 4167 3841 4238 ’Λφραάτῃ
3902 4171 3997 4220 καὶ
4030 4172 4046 4219 ἐ

2480 4254 2856 4325 πολυύμνητος
2886 4256 3171 4317 Ἰουλιανὸς
3197 4258 3433 4325 ἔπραττε
3463 4274 3475 4287 '
3512 4258 3611 4320 τὰς
3653 4258 3759 4327 γὰρ
3782 4260 3839 4312 ἐν
3866 4260 4045 4327 ὲρήμιι

2478 4350 2760 4419 διατριϐὰς
2790 4350 2884 4402 καὶ
2909 4344 3069 4413 ,οὗτος
3099 4350 3438 4414 καταλιπὼν,
3466 4351 3565 4422 τὴν
3598 4352 3881 4420 Ἀντιόχου
3923 4370 4046 4407 κατ·

2479 4443 2693 4495 ἐλαϐεν.
2723 4441 2875 4495 Ἐπεὶ
2934 4443 3043 4512 γὰρ
3094 4445 3144 4495 οί
3188 4442 3282 4496 τοῦ
3322 4442 3553 4512 ψεύδους
3597 4445 3848 4515 ἐργάται,
3888 4445 3937 4496 oi
3990 4446 4047 4497 τὲ

804 4537 1132 4591 concitatus.
1167 4535 1368 4589 Eadem
1418 4543 1740 4603 tempestate
1771 4535 1916 4589 idem
1948 4533 2093 4603 quod
2129 4534 2369 4603 Aphraa-
2404 4540 2445 4594 D
2487 4534 2497 4555 ‘

2357 4565 2369 4575 -
2404 4540 2445 4594 D
2487 4534 2697 4603 Ἀρείου
2741 4533 2886 4601 λέγω
2935 4534 3293 4605 φρονοῦντες,
3340 4540 3698 4605 συκοφαντεῖν
3740 4536 4049 4605 ἐπειρῶντο

805 4638 906 4692 tes,
942 4628 1235 4697 plurimum
1266 4626 1520 4680 laudatus
1550 4627 1638 4680 ille
1671 4626 1922 4681 Julianus
1944 4625 2090 4680 fecit.
2120 4626 2251 4681 Nam
2283 4627 2377 4680 hic

803 4732 1023 4786 quoque
1055 4715 1352 4769 solitudine
1392 4716 1579 4769 relicta
1603 4757 1617 4779 ,
1650 4716 1997 4769 Antiochiam
2034 4717 2201 4770 venit.
2234 4716 2371 4771 Cum

803 4810 950 4861 enim
979 4808 1247 4862 mcndacii
1281 4807 1539 4869 artiﬁces,
1576 4808 1759 4862 Ariani
1795 4808 2041 4877 inquam.
2075 4824 2172 4878 per
2217 4824 2371 4880 syco-

807 4901 1086 4970 phantiam
1143 4900 1319 4953 virum
1371 4910 1620 4953 sanctum
1680 4900 1965 4953 traducere
2017 4910 2370 4960 conarentur,

808 4993 973 5045 veluti
1026 4991 1281 5045 factionis
1323 5006 1513 5045 eorum
1568 5001 1733 5053 esset,
1782 5000 1837 5044 et
1881 4992 2116 5059 dogmati
2173 4990 2373 5045 Ariano

806 5086 1143 5138 consentiret
1177 5100 1191 5138 :
1236 5083 1562 5145 Flavianus,
1598 5082 1868 5135 Diodorus
1894 5122 1908 5146 ,
1947 5093 2002 5135 et
2045 5083 2373 5151 Aphraates,

807 5177 1052 5229 veritatis
1110 5175 1339 5241 lumina,
1384 5176 1638 5229 Acacium
1686 5175 1840 5229 illum
1876 5174 1969 5244 qui
2016 5185 2198 5244 postea
2250 5174 2381 5227 Ber-

807 5280 1072 5319 rteensem
1118 5265 1395 5319 civitatem
1439 5280 1715 5319 sacrorum
1761 5265 1992 5318 antistes
2041 5265 2245 5333 optimc
2282 5266 2379 5316 ad-

806 5355 1152 5418 ministravit,
1195 5355 1261 5406 ad
1301 5355 1573 5408 celebrem
1614 5356 1765 5408 illum
1800 5357 1979 5407 virum
2030 5370 2153 5407 cum
2185 5354 2373 5423 hujus-

806 5446 949 5498 modi
1001 5446 1289 5513 postulatis
1328 5447 1565 5511 misere,
1601 5458 1652 5499 ut
1692 5448 1987 5501 multorum
2032 5447 2110 5515 (i)
2142 5446 2372 5498 millium

806 5538 1088 5591 hominum
1125 5540 1374 5592 misertus
1402 5542 1631 5605 veniret,
1664 5549 1717 5595 et
1771 5556 1895 5594 cum
1940 5537 2376 5591 adversariorum

804 5628 1156 5694 redargueret
1173 5628 1663 5691 mendacium,tum
1689 5633 1971 5685 veritatem
1997 5628 2165 5681 libere
2186 5629 2381 5679 contir-

879 5809 955 5879 (ι)
987 5809 1197 5866 Theod.
1230 5828 1349 5881 cap.
1382 5813 1471 5867 27.

2477 4627 2569 4680 τὸν
2598 4629 2768 4688 ὅσιον,
2800 4627 2874 4689 ὡς
2898 4630 2997 4696 τῆς
3032 4627 3212 4680 αὐτῶν
3236 4629 3319 4696 εῐη
3359 4631 3612 4699 φατρίας,
3643 4632 3737 4682 καὶ
3772 4633 3884 4690 τοῖς
3912 4631 4053 4681 ἐκεί-

2478 4735 2586 4769 νων
2633 4720 2839 4787 στοιχεῖ
2876 4718 3111 4788 δόγμασι
3136 4732 3153 4751 ⁸
3179 4718 3481 4781 Φλσϐιανδς
3514 4721 3609 4773 καὶ
3656 4721 3919 4787 Διόδωρος
3960 4724 4054 4774 καὶ

2492 4810 2807 4878 Ἀφραάτης
2839 4803 3017 4871 οὗτος,
3056 4811 3105 4861 οἱ
3130 4810 3227 4875 τῆς
3255 4809 3514 4879 ἀληθείας
3551 4812 3864 4879 φωστῆρες,
3892 4812 4054 4865 Ἀκά-

2479 4919 2595 4953 κιον
2628 4902 2860 4963 ἐκεῖνον,
2909 4902 2967 4964 ὃς
3019 4902 3120 4970 τὴν
3173 4902 3511 4973 Βεῤῥοιαίων
3548 4902 3705 4955 πόλιν
3765 4908 4054 4955 simitu-.2

2478 4992 2709 5044 διίθυνεν
2740 4992 2962 5061 ἄριστα,
3006 4993 3143 5058 πρὸς
3194 4993 3284 5043 τὸν
3320 4994 3684 5063 πανεύφημον
3717 4996 3930 5046 ἐκεῖνον
3964 4997 4057 5049 ἆν-

2474 5082 2579 5151 δρα
2612 5083 3000 5150 προσάγοντες,
3058 5081 3241 5152 δέησιν
3275 5083 3548 5149 ἔπεμπον,
3597 5084 3806 5135 πολλῶν
3840 5085 4055 5154 amp")-

2479 5187 2598 5223 πων
2631 5170 2894 5239 μυριάδας
2937 5174 3241 5240 οίκτεϊραι’
3306 5174 3437 5225 ὥστ’
3467 5174 3634 5234 ἰόντα,
3683 5175 3744 5225 τὸ
3796 5175 3899 5243 μὲν
3948 5177 4056 5228 τῶν

2483 5264 2747 5315 ἐναντίων
2779 5263 3053 5331 διελέγξαι
3108 5265 3326 5333 ψεῦδος,
3378 5266 3478 5333 τὴν
3516 5266 3561 5318 δ’
3622 5266 3881 5336 ἀλήθειαν
3917 5272 4037 5338 παρ

2485 5354 2771 5421 ρηςιάσαι,
2802 5355 2896 5405 καὶ
2933 5355 2994 5405 τὸ
3024 5357 3124 5423 τῆς
3160 5355 3393 5421 πίστεως
3432 5360 3610 5427 δόγμα
3646 5359 3907 5427 κηρύξαι.
3944 5363 4057 5413 Καὶ

2486 5444 2521 5497 ἃ
2547 5445 2647 5513 μὲν
2677 5442 2831 5509 οὗτος
2867 5448 2958 5497 καὶ
2990 5446 3136 5513 ἅπαξ
3184 5450 3274 5499 καὶ
3305 5448 3557 5520 δεύτερον
3588 5451 3773 5503 εἰσιὼν
3808 5452 3906 5519 τὴν
3934 5454 4057 5503 ‘Aw

2487 5539 2669 5606 τιόχου
2728 5539 3005 5607 π;ράδοξα
3059 5540 3412 5610 διεπράξατο,
3473 5545 3504 5613 ἡ
3557 5544 3803 5610 φιλόθεος
3836 5548 4058 5608 ἱστορία

2486 5630 2687 5695 διδάξει
2718 5634 2827 5693 τοῖς
2853 5631 3197 5701 βουλομένοις
3224 5652 3234 5664 ·
3271 5638 3351 5687 ὅτι
3382 5635 3435 5688 δέ
3465 5637 3522 5686 τὸ
3547 5636 3641 5702 τῆς
3684 5636 3895 5699 πόλεως
3922 5639 4041 5704 σύμ
