4288 6438
238 464 343 529 653

811 574 1059 629 ΚΕΦΛΔ.
1117 572 1242 624 KZ'.

240 695 378 760 Περὶ
420 692 527 746 τοῦ
566 692 889 759 γενομένου
912 686 1170 754 διωγμοῦ
1196 683 1320 760 τοῖς
1353 679 1479 760 κατ]
1505 677 1807 760 Αίτυθπτοκ

308 746 743 834 porcos-prpter}
797 759 956 834 παρὰ
1018 746 1319 834 Χρυκίορέ·
1374 749 1471 803 καί
1505 746 1660 834 ¹περί
1692 746 1808 834 irin:

308 813 948 901 Zai.’nrét:"Aa;rwrt'op
981 827 1085 880 τοῦ
1105 817 1518 901 μεγάλου,
1552 816 1671 899 rei»:
1698 813 1808 865 δύο

314 887 504 970 ἆγίιιῖν
530 901 868 967 Μακαρίων,
894 898 974 961 ὡς
1006 887 1305 970 ὑπερόρια
1340 887 1574 970 διᾲ-τὴν
1607 889 1810 937 πίστιν

313 960 652 1040 γενόμενοι,
678 960 878 1027 πολλὰ
910 960 1633 1035 θαύματαδιεπρὰξαντο.

328 1087 388 1139 '0
428 1086 526 1154 μέν
553 1085 644 1138 οὖν
676 1082 1005 1149 ἀξιάγαστος
1050 1077 1256 1146 Πέτρος
1310 1072 1454 1127 οὕτω
1499 1068 1674 1139 φυγὰς
1734 1067 1813 1127 είς

254 1171 478 1247 Ῥώμην
521 1175 793 1228 ἀπέπλει·
836 1174 889 1226 ot
940 1170 997 1223 δὲ
1057 1169 1153 1237 τῆς
1219 1164 1427 1234 Ἀρείου
1487 1154 1813 1230 συμμορίας,

243 1270 451 1338 καίπερ
472 1266 694 1337 βραχεῖς
716 1265 886 1327 ὄντες,
907 1261 1014 1315 τῶν
1037 1258 1155 1312 κατ’
1205 1257 1479 1323 Δίγυπτον
1509 1249 1683 1324 ἧρξαν
1723 1253 1817 1306 ἐκ·

244 1358 512 1426 κλησιῶν.
540 1357 656 1408 Οὐκ
688 1354 767 1417 είς
792 1350 1008 1421 μακρὰν
1033 1349 1087 1401 δέ
1111 1348 1207 1400 καὶ
1238 1345 1568 1416 πρόσταγμα
1623 1344 1687 1395 ἐκ
1725 1340 1819 1410 βα·

249 1453 444 1515 σιλίως
466 1451 545 1520 τῷ
568 1450 664 1504 τοῦ
705 1449 892 1511 ἔθνους
945 1444 1241 1517 ἡγουμένῳ
1283 1442 1579 1510 ἐπέμπετο,
1644 1439 1819 1505 διαγο-

252 1546 415 1613 ρεΰον
440 1546 566 1606 τοὺς
589 1543 689 1611 τῆς
719 1544 778 1594 ἐν
816 1539 1021 1608 Νικαίᾳ
1052 1536 1289 1600 πίστεως
1334 1532 1819 1605 ὑπερισταμένους,

251 1636 315 1689 ἐκ
352 1654 413 1689 τε
445 1638 545 1705 τῆς
580 1633 931 1703 Ἀλεξάνδρου
962 1631 1056 1685 καὶ
1096 1633 1274 1701 πάσης
1304 1631 1402 1698 τῆς
1446 1625 1824 1693 Αἰγυπτιακῆς

248 1726 577 1787 διοικήσεως
606 1716 1010 1789 ἐξελαύνεσθαι,
1047 1722 1205 1782 ὅσους
1250 1719 1318 1773 ἂν
1358 1716 1633 1770 κελεύσειε
1688 1712 1823 1766 Λούο

252 1837 395 1879 κιος.
428 1814 669 1880 Εὒζὼῖος
702 1817 800 1883 μὲν
833 1814 950 1879 οὖν,
982 1814 1081 1866 ὅσα
1100 1830 1162 1881 γε
1198 1809 1265 1881 ἦν
1295 1810 1443 1879 αύτῷ
1471 1809 1606 1877 πρὸς
1631 1807 1827 1876 βουλῆς

1162 442 1762 516 ΕοοιεειΑδτιοΑι
1808 435 2195 502 HISTORIA!
2229 436 2378 496 LIB.
2424 434 2529 493 XI.

3360 408 3467 477 εει

2441 543 2665 600 CAPUT
2707 538 2920 595 XXVII.

1911 667 1984 720 De
2024 665 2377 734 persecutione
2404 656 2816 734 rqnamHLnCius
2841 726 2873 734 Π
2898 648 3222 734 monasteriis
3257 639 3468 734 {Egi/nti

1978 716 2187 798 ιηῖέιιίι,
2208 716 2259 786 et
2284 734 2345 785 de
2377 716 2640 798 diiciputis
2663 726 2873 780 Antonii
2908 723 3082 798 magni
3111 736 3127 773 .-
3160 730 3205 771 et
3244 716 3306 798 de
3329 720 3463 798 dno-

1978 786 2070 859 sit.
2102 786 2294 857 sanctis
2316 786 2563 856 Macariis
2585 840 2598 858 .
2632 805 2687 850 ut
2718 802 2927 866 prapter
2955 786 3109 859 ﬁdem
3145 786 3462 846 mutantes,

1980 878 2149 929 multa
2179 871 2438 927 miracula
2463 869 2741 923 ediderint.

1984 1055 2061 1108 Ac
2094 1050 2292 1107 Petrus
2339 1046 2563 1116 quidem
2609 1042 2702 1096 ille
2745 1036 3109 1093 admiratione
3142 1032 3360 1101 dignus.
3404 1023 3470 1082 ad

1915 1159 2040 1203 eum
2074 1143 2293 1197 modum
2326 1140 2553 1193 Romam
2587 1132 2882 1190 concessit.
2917 1128 3023 1195 Qui
3058 1142 3189 1181 vero
3219 1123 3475 1177 factionis

1917 1228 2131 1293 Arianae
2157 1237 2334 1291 crant.
2363 1225 2714 1297 quantumvis
2745 1220 2926 1293 pauci,
2957 1209 3205 1274 ecclesiis
3239 1214 3290 1267 in
3318 1211 3480 1283 κεαν-

1919 1338 2014 1400 pto
2062 1327 2417 1394 imperarunt.
2466 1318 2576 1373 Nec
2625 1317 2699 1371 ita
2744 1314 2914 1369 multo
2966 1321 3104 1381 post,
3159 1306 3478 1363 mandatqu

1921 1398 2142 1488 quoque
2185 1414 2254 1468 ab
2308 1412 2640 1481 imperatore
2682 1405 2750 1460 ad
2795 1404 2972 1475 gentis
3003 1403 3123 1472 ejus
3165 1398 3479 1468 perfectum

1925 1512 2151 1565 missum
2195 1521 2300 1574 est,
2345 1508 2491 1580 quod
2536 1507 2768 1562 Nicaeum
2799 1501 2925 1556 fidei
2971 1506 3406 1569 propugnatores
3451 1508 3479 1545 a

1926 1602 2097 1658 Lucio
2130 1602 2401 1657 indicatos
2438 1597 2766 1654 Alexandria
2804 1604 2860 1648 et
2895 1594 3040 1647 omni
3075 1588 3320 1659 Egyptia
3349 1586 3486 1641 diaz-

1925 1695 2036 1750 cesi
2073 1695 2199 1764 ejici
2219 1693 2470 1764 jubebat.
2501 1692 2675 1746 Porro
2702 1686 2940 1742 Euzoius
2967 1666 3232 1738 confectis
3257 1679 3483 1733 Alexan-

1928 1787 2062 1841 driae
2107 1802 2175 1841 ex
2221 1783 2497 1839 sententia
2543 1782 2728 1841 rebus,
2776 1789 2997 1831 rursum
3046 1789 3103 1829 se
3144 1767 3485 1826 Antiochiam

255 1910 348 1961 ἐπὶ
366 1908 468 1976 τῆς
510 1862 859 1975 ἶΑλεέάζδρου
908 1862 1136 1967 ένύσαςι,
1186 1862 1342 1964 aiith
1393 1863 1491 1967 τὴν
1516 1862 1527 1877 ι
1553 1862 1825 1966 ’Ᾰντιόχόυ
1857 1893 1900 1948 Β

1857 1893 1900 1948 Β
1930 1878 2161 1934 contulit
2195 1894 2209 1930 :
2253 1876 2457 1929 Lucius
2488 1888 2639 1935 vero,
2677 1868 3138 1939 quemadmodum
3173 1862 3485 1917 mandatum

255 1999 559 2053 κατέλαϐεν
588 2016 601 2029 ·
634 1999 663 2050 ό
691 1998 745 2051 δὲ
773 1998 1021 2061 Λούκιος,
1041 1996 1228 2058 καθὼς
1277 1991 1698 2064 προσετέτακτο,
1738 1988 1828 2040 τὸν

257 2087 507 2154 ἡγεμόνα
558 2085 657 2151 τῆς
712 2084 832 2136 κατ’
884 2084 1158 2150 Αἴγυπτον
1196 2080 1455 2150 στρατιᾶς
1496 2079 1593 2130 σὺν
1652 2076 1831 2145 πολλῷ

260 2176 461 2246 πλήθει
491 2175 786 2244 συμμίκτῳ
833 2174 1106 2242 Ἑλλήνων
1135 2174 1227 2226 καὶ
1287 2170 1556 2224 Ἰουδαίων
1602 2170 1695 2221 καὶ
1724 2168 1831 2220 τῶν

260 2270 371 2323 ἀπὸ
404 2269 505 2337 τῆς
538 2267 808 2336 σφετέρης
835 2268 991 2334 δόξης
1017 2262 1221 2332 ληῖζων
1258 2262 1419 2333 διῄει,
1458 2261 1552 2313 καὶ
1580 2261 1640 2313 τὸ
1672 2277 1835 2326 στρα-

260 2362 460 2429 τήγιον
485 2360 697 2427 ἐπήγνυ
733 2358 874 2411 κατὰ
916 2356 1025 2409 τῶν
1069 2358 1127 2408 ἐν
1176 2355 1404 2424 ἐρήμοις
1453 2351 1833 2421 διατριϐόντων

267 2451 547 2521 μοναχῶν.
598 2450 684 2502 Ἐν
715 2448 901 2502 ἐλπίσι
932 2445 1026 2498 καὶ
1055 2445 1165 2515 γὰρ
1206 2440 1296 2514 ἦν,
1328 2445 1400 2505 ὡς
1429 2444 1479 2496 εί
1526 2441 1737 2503 τούτοις
1767 2438 1835 2493 δι’

263 2544 425 2611 δχλου
460 2542 710 2609 γένηται,
744 2538 977 2608 ἡσυχίας
1027 2536 1244 2604 μάλιστ’
1294 2534 1481 2605 ἐρῶσι,
1524 2534 1836 2601 πειθηνίους

271 2634 442 2700 ἕξειν,
498 2633 594 2684 καὶ
626 2629 767 2684 οὕτω
826 2631 921 2681 xal
972 2628 1081 2681 τῶν
1128 2628 1186 2680 ἐν
1243 2626 1395 2678 πόλει
1452 2624 1837 2694 περιγενέσθαι

268 2725 617 2795 Χριστιανῶν
650 2744 662 2754 ’
725 2724 845 2776 ἐπεί
899 2721 981 2773 τοί
1028 2737 1093 2787 γε
1145 2718 1332 2771 πολλοὶ⁸
1394 2714 1695 2785 τηνικαῦτα
1742 2715 1835 2766 καὶ

267 2818 552 2873 θεσπέσιοι
589 2814 781 2883 ἄνδρες
832 2808 973 2881 ἦσαν
1007 2810 1114 2863 τῶν
1143 2809 1263 2861 κατ’
1297 2808 1575 2873 Αἴγυπτον
1608 2805 1700 2857 καὶ
1730 2804 1841 2871 Θη-

268 2910 436 2961 ϐαΐδα
502 2906 886 2976 μοναστηρίων
952 2899 1349 2971 προεστηκότες
1381 2939 1395 2959 ,
1448 2899 1546 2967 τὴν
1626 2896 1840 2965 Ἀρείου

267 2995 426 3060 δόξαν
455 2996 690 3065 μάλιστα
717 2991 1102 3061 ἐκτρεπόμενοι
1132 3004 1147 3018 °
1177 2983 1256 3049 οἷς
1280 2992 1345 3040 τὰ
1366 2986 1543 3054 πλήθη
1576 2986 1839 3053 ἑπόμενα,

270 3090 341 3142 τὰ
372 3089 465 3140 ῖσα
518 3087 739 3154 φρονεῖν
790 3084 919 3153 περὶ
968 3080 1163 3135 πολλοῦ
1224 3080 1480 3131 ἐποιεῖτο.
1554 3073 1692 3129 Οὔτε
1732 3076 1841 3145 γὰρ

273 3179 407 3248 περὶ
435 3177 723 3244 δογμάτων
746 3174 1055 3241 ἀδολεσχεῖν
1090 3172 1304 3241 ἤθελον,
1336 3168 1448 3223 οὒτ’
1503 3169 1800 3237 ἠπίσταντο
1822 3181 1839 3197 ⁶

276 3271 414 3339 παρ’
443 3269 675 3330 ἐκείνοις
699 3263 744 3320 δ’
767 3263 910 3319 εἶναι
946 3265 1045 3334 τὴν
1075 3264 1341 3329 ἀλήθειαν
1365 3259 1556 3331 ᾤοντο,
1614 3254 1694 3313 οἷς
1751 3260 1843 3311 καὶ

274 3360 411 3419 Θεὸς
437 3356 724 3409 ἐπακούων
773 3354 996 3421 ἐνήργει
1024 3349 1303 3418 παράδοξα
1340 3366 1353 3382 ο
1383 3348 1479 3399 καὶ
1510 3349 1619 3409 τοῖς
1667 3347 1845 3414 λόγοις

275 3451 376 3518 τῆς
408 3448 664 3511 πίστεως,
718 3447 785 3496 τὰ
828 3444 927 3511 τῆς
986 3442 1186 3510 ἀρετῆς
1217 3441 1354 3508 ἔργα
1383 3437 1796 3508 ἐπεμαρτύρουν
1826 3454 1843 3469 ο

273 3541 499 3599 όποίους
556 3534 860 3605 τηνικαῦτα
924 3532 1199 3601 ἡγεμόνας
1254 3525 1392 3583 εἶναι
1443 3530 1552 3581 τῶν
1596 3528 1847 3597 μοναχῶν

275 3631 526 3699 ἔγνωμεν
554 3644 567 3659 ·
595 3627 720 3688 τοὺς
749 3625 840 3678 δύο
862 3626 1004 3693 φημὶ
1048 3621 1389 3692 Μακαρίους,
1445 3620 1535 3675 τόν
1606 3620 1847 3685 Ἀλεξαν-

276 3722 409 3790 δρέα
434 3721 532 3772 καὶ
563 3719 656 3771 τὸν
693 3718 877 3780 ἀστὸν,
907 3710 981 3769 ὧν
1036 3715 1126 3767 καὶ
1178 3714 1412 3783 πρόσθεν
1452 3712 1802 3782 ἐμνήσθημεν
1831 3729 1847 3745 ο

283 3811 497 3879 Παμδώ
525 3827 581 3861 τε
617 3808 712 3860 καὶ
763 3805 1117 3875 Ἡρακλείδην
1147 3806 1355 3857 ἐκεῖνον
1388 3803 1621 3873 ἀρίστως
1674 3803 1852 3872 μαθη-

280 3903 576 3962 τευθέντας
605 3899 681 3967 τῷ
699 3897 1038 3966 καθηγεμόνι
1069 3894 1168 3959 τῆς
1212 3895 1415 3963 ἀρετῆς
1446 3893 1539 3945 καὶ
1582 3893 1689 3944 τῶν
1750 3894 1852 3945 ἀνὰ

281 3994 384 4062 τὴν
405 3994 684 4058 Δίγυπτον
712 3985 1120 4057 μοναστηρίων,
1167 3983 1437 4051 Ἀντωνίῳ
1467 3981 1545 4051 τῷ
1565 3982 1727 4048 πάνυ,
1759 3983 1854 4033 καὶ

281 4088 411 4146 τοὺς
432 4085 652 4144 λοιποὺς
694 4080 859 4133 αὐτοῦ
903 4079 1183 4147 φοιτητὰς.
1234 4078 1344 4130 Καὶ
1384 4075 1449 4146 δὴ
1502 4076 1856 4143 λογισάμενος

284 4173 517 4233 Λούκιος
546 4170 622 4231 ὡς
645 4166 744 4222 οὒκ
759 4165 1049 4235 ἐγγένηταί
1078 4180 1257 4230 σφισιν
1291 4164 1347 4214 ἐν
1370 4162 1447 4231 τῷ
1471 4162 1704 4230 ἀσφαλεῖ
1718 4152 1855 4213 καθο

284 4266 533 4327 εστάναι,
594 4258 816 4327 καὶτῆς
852 4256 1081 4310 καθόλου
1125 4252 1456 4323 Ἐκκλησίας
1490 4252 1780 4322 κρατῆσαι,
1807 4250 1856 4302 εί

1931 1973 2131 2032 fuerat,
2191 1978 2247 2023 et
2301 1966 2537 2037 Egyptii
2580 1964 2857 2019 exercitus
2903 1960 3054 2021 dux,
3118 1972 3242 2012 cum
3297 1971 3487 2026 magna

1933 2062 2281 2119 multitudine
2310 2077 2377 2114 ex
2400 2059 2606 2115 Graecis
2633 2068 2688 2111 et
2712 2054 2917 2110 Iudaeis
2946 2063 3002 2106 et
3032 2051 3250 2104 Arianis
3287 2048 3489 2102 mistim

1932 2156 2188 2217 collecta,
2234 2154 2508 2208 hostiliter
2553 2148 2765 2220 praedas
2807 2146 2938 2213 egit,
2994 2152 3049 2197 et
3100 2142 3294 2197 infesta
3341 2141 3492 2211 signa

1934 2260 2126 2303 contra
2183 2245 2481 2300 monachos
2546 2239 2903 2296 solitudinem
2962 2236 3265 2291 incolentes
3314 2234 3488 2286 diuit.

1939 2337 2099 2407 154
2134 2337 2205 2390 Ea
2245 2335 2395 2390 enim
2441 2348 2537 2402 spe
2578 2342 2718 2395 erat,
2772 2330 2816 2383 si
2865 2329 2929 2383 iis
2970 2328 3209 2397 quietem
3261 2325 3493 2379 maxime

1937 2428 2389 2486 consectantibus
2419 2424 2723 2478 molestiam
2774 2420 3118 2474 turbulenter
3153 2418 3397 2482 aﬂerret,
3439 2418 3492 2471 in

1938 2529 2208 2591 potestate
2252 2533 2349 2574 eos
2381 2532 2479 2573 sua
2515 2514 2630 2569 fore
2674 2532 2689 2568 :
2731 2512 3069 2581 proindcque
3096 2519 3152 2564 et
3183 2525 3279 2564 eos
3308 2511 3403 2578 qui
3443 2513 3501 2563 in

1941 2614 2173 2668 urbibus
2217 2619 2425 2672 essent,
2470 2606 2832 2663 Christianos.
2876 2619 2905 2657 a
2955 2618 3014 2657 se
3057 2602 3330 2658 devictum
3385 2604 3497 2657 iri:

1940 2700 2384 2774 quandoquidem
2430 2695 2583 2751 multi
2628 2710 2691 2750 ea
2736 2700 3055 2763 tempestate
3098 2690 3393 2746 venerandi
3446 2693 3498 2745 iu

1938 2795 2169 2865 Egypto
2221 2802 2277 2847 et
2328 2790 2609 2845 Thebaide
2653 2787 2756 2842 viri
2801 2784 3154 2847 monasteriis
3202 2784 3493 2853 praeibam,

1942 2889 2055 2943 Arii
2100 2885 2418 2954 Opinionem
2476 2881 2710 2935 maxime
2763 2887 3101 2933 aversantes.
3149 2877 3299 2942 Quos
3345 2878 3501 2947 plebs

1945 2983 2060 3051 ipsa
2094 2989 2304 3040 secuta,
2342 2985 2401 3031 ut
2430 2977 2620 3032 eadem
2653 2990 2777 3030 cum
2813 2975 2921 3029 illis
2961 2974 3029 3028 de
3064 2974 3330 3051 religione
3376 2988 3505 3028 sen-

1918 3049 2095 3133 .tiret,
2128 3069 2349 3124 maximi
2382 3067 2638 3123 faciebat.
2671 3066 2861 3135 Neque
2888 3066 3034 3120 enim
3078 3065 3155 3119 illi
3184 3066 3253 3119 de
3276 3049 3505 3135 dogma-

1947 3167 2094 3222 tibus
2120 3163 2310 3233 nugari
2342 3161 2589 3222 voluere.
2612 3175 2677 3214 ac
2702 3174 2772 3213 ne
2799 3167 3032 3228 potuere
3056 3157 3297 3227 quidem.
3332 3159 3505 3214 Penes

1948 3272 2045 3315 eos
2072 3267 2254 3312 autem
2295 3253 2581 3308 veritatem
2626 3266 2747 3306 esse
2799 3248 3051 3305 arbitrati
3087 3262 3236 3312 sunt,
3269 3264 3501 3319 quorum

1952 3364 2144 3420 preces
2192 3346 2335 3402 Deus
2382 3343 2686 3405 exaudiret,
2723 3342 3114 3396 miraculorum
3162 3327 3501 3395 edendorum

1951 3440 2266 3495 facultatem
2297 3438 2380 3492 eis
2411 3437 2682 3497 tribuens,
2709 3442 2768 3486 et
2809 3433 2899 3502 qui
2938 3432 3063 3486 fidei
3090 3432 3257 3486 verba
3292 3432 3508 3486 virtutis

1951 3528 2360 3599 operationibus
2389 3537 2644 3595 tanquam
2694 3524 3022 3578 testimoniis
3068 3523 3503 3578 confirmarent:

1952 3621 2142 3691 quales
2169 3628 2282 3673 tum
2312 3616 2703 3671 monachorum
2722 3615 2892 3669 duces
2918 3613 3087 3668 fuisse
3111 3614 3385 3677 novimus,
3400 3613 3509 3667 Ma-

1954 3698 2131 3767 caries
2148 3712 2306 3771 duos,
2321 3707 2750 3763 Alexandrinum
2766 3714 2821 3760 et
2836 3704 3135 3768 Urbanum,
3155 3719 3392 3773 quorum
3412 3720 3509 3758 au-

1956 3813 2040 3857 tea
2065 3801 2416 3855 meminimus
2438 3816 2452 3852 :
2474 3798 2604 3852 item
2630 3796 2851 3862 Pantho,
2883 3807 2938 3850 et
2971 3792 3311 3851 Heraclidem
3336 3796 3510 3852 illum.

1956 3894 2050 3962 qui
2082 3891 2287 3961 optime
2315 3890 2383 3943 ab
2417 3890 2653 3943 Antonio
2682 3902 2877 3956 magno
2908 3888 3128 3943 virtutis
3153 3874 3510 3960 et'Egyptio-

1924 4012 1927 4016 -
1957 4000 2076 4039 rum
2110 3982 2569 4038 monasteriorum
2602 3980 2848 4034 antistite
2884 3989 3011 4034 sunt
3044 3982 3273 4048 eruditi,
3296 3995 3350 4038 et
3374 3984 3514 4037 alios
3586 4000 3589 4003 ·

1956 4075 2200 4149 ejusdem
2246 4073 2565 4141 discipulos.
2619 4071 2685 4125 Et
2735 4086 2860 4125 cum
2913 4070 3117 4127 Lucius
3162 4088 3347 4127 secum
3400 4075 3517 4143 ipse

1958 4174 2264 4236 reputaret,
2286 4164 2403 4218 fieri
2436 4165 2757 4233 neutiquam
2784 4176 2945 4232 posse
2972 4172 3031 4216 ut
3063 4178 3152 4218 res
3178 4164 3509 4219 Arianorum

1960 4260 2013 4314 in
2053 4267 2172 4312 tuto
2207 4269 2412 4320 essent,
2440 4264 2499 4310 et
2533 4254 2634 4324 ipsi
2674 4254 3043 4309 universalem
3076 4254 3181 4308 sibi
3213 4255 3513 4310 Ecclesiam

291 4355 370 4426 μὴ
397 4355 527 4415 τοὺς
572 4351 684 4404 τῶν
726 4350 978 4420 μοναχῶν
1039 4347 1242 4417 ἄκρους
1288 4346 1610 4415 ὁμοφρονεῖν
1674 4344 1859 4405 αὐτοῖς
1959 4361 1984 4401 5

1817 4344 1859 4405 ῖς
1959 4347 2334 4417 subjicereut,
2375 4344 2480 4399 nisi
2524 4359 2621 4399 eos
2652 4345 2745 4414 qui
2783 4345 2929 4398 inter
2970 4344 3269 4399 monachos
3314 4347 3510 4398 summl

286 4447 616 4513 ἀναγκάσοι,
648 4438 923 4510 ἐπεχείρει
977 4438 1054 4506 τῷ
1088 4439 1237 4509 ιργῳ
1265 4452 1281 4467 ⁸
1336 4438 1431 4489 καὶ
1478 4434 1600 4487 ἐπεὶ
1647 4433 1859 4485 πείθειν
1960 4451 1979 4490 ε

1822 4448 1859 4483 ιν
1960 4446 2166 4500 essent,
2202 4436 2256 4489 in
2299 4435 2628 4490 sententiam
2661 4449 2816 4489 suam
2861 4435 3093 4504 pedibus
3124 4434 3204 4490 ire
3236 4448 3515 4506 cogerent,

286 4536 391 4589 οὐκ
437 4530 573 4603 εἶχε,
610 4531 708 4600 τὴν
739 4528 862 4601 βίαν
893 4524 1154 4598 προσῆγε.
1215 4526 1323 4577 Καὶ
1363 4523 1578 4576 ἔνοπλοι
1634 4523 1856 4589 γυμνοῖς
1891 4551 1934 4606 D
1966 4544 1979 4581 ι

1821 4524 1856 4582 ἴς
1891 4551 1934 4606 ο
1966 4542 2079 4581 rem
2108 4541 2241 4606 eam
2264 4536 2350 4580 est
2379 4541 2658 4596 egressus.
2695 4527 2762 4581 Et
2789 4526 2866 4597 (ί)
2898 4527 3027 4595 quia
3061 4527 3346 4582 suadendo
3377 4530 3514 4583 nihil

289 4628 390 4681 καὶ
425 4624 558 4692 μηδέ
588 4625 750 4693 χεῖρα
772 4618 1114 4690 αἱρουμένοις
1142 4613 1444 4686 προτείνειν
1498 4616 1578 4669 εἰς
1643 4614 1861 4683 ἄμυναν

292 4714 638 4777 ἐπελθόντες,
669 4710 917 4772 ἐλεεινῶς
948 4707 1314 4777 ἐξεπόρθησαν
1350 4720 1363 4734 ⁶
1390 4703 1466 4765 ὡς
1522 4698 1661 4755 εἶναι
1703 4702 1861 4769 λόγου

291 4808 535 4877 κρείσσω
555 4807 623 4857 τὰ
660 4802 778 4855 κατ’
808 4801 989 4853 αὐτῶν
1019 4800 1287 4866 γενόμενα
1319 4795 1488 4862 πάθη.
1534 4791 1696 4855 Τέλος
1750 4793 1865 4861 διη-

295 4899 543 4968 μάρτανε
570 4893 664 4946 τοῦ
696 4890 925 4951 σκοποῦ,
959 4891 1087 4951 τοὺς
1111 4888 1343 4956 αὐχένας
1388 4884 1620 4953 ἑτοίμως
1646 4884 1863 4936 πάντων

292 4986 702 5042 ὑποκλινόντων
731 4986 842 5044 τοῖς
895 4980 1077 5049 ξίφεσι
1104 4995 1118 5009 ο
1151 4978 1244 5030 καὶ
1281 4977 1335 5029 εί
1380 4990 1443 5042 γε
1492 4975 1600 5028 δέοι
1662 4974 1861 5036 θανεῖν,

296 5081 505 5152 μᾶλλον
530 5076 827 5145 προθύμως
857 5072 1093 5140 ἑλέσθαι,
1122 5072 1156 5140 ἡ
1182 5087 1235 5123 τι
1286 5068 1393 5122 τῶν
1418 5070 1476 5121 ἐν
1526 5063 1733 5137 Νικαίᾳ
1781 5065 1864 5118 δοο

295 5174 508 5237 ξὰντων
559 5168 941 5238 μετακινῆσαι.
976 5165 1084 5217 Καὶ
1112 5164 1177 5231 δὴ
1209 5163 1448 5229 λέγεται,
1484 5158 1867 5229 προσδοκίμων

294 5264 485 5323 αὐτοῖς
523 5258 805 5312 ἐπιθέσθαι
836 5256 947 5307 τῶν
1013 5252 1386 5322 στρατιωτῶν,
1420 5253 1541 5303 τινὰ
1584 5250 1719 5317 πρὸς
1764 5247 1865 5301 αύ-

296 5355 426 5412 τοὺς
456 5349 733 5417 γενέσθαι,
774 5349 838 5399 τὰ
885 5344 992 5398 τῶν
1045 5344 1219 5396 ποδῶν
1268 5343 1448 5412 ἄρθρα
1492 5340 1868 5407 διασεσεισμέ-

298 5462 393 5495 νον
423 5461 439 5473 ·
479 5442 606 5491 ποσὶ
636 5439 691 5490 δὲ
724 5439 798 5505 μὴ
826 5437 1124 5502 δυνάμενον
1144 5434 1371 5495 οἰκείοις
1398 5431 1868 5500 ἐπιστηρίζεσθαι,

300 5533 519 5603 ῥάϐδοις
554 5531 652 5597 τὴν
687 5532 795 5581 τών
850 5528 1023 5579 ποδῶν
1089 5524 1279 5594 χρείαν
1333 5521 1703 5591 ἀποπληροῦν.
1765 5521 1870 5572 Καὶ

378 5706 455 5772 (ι)
492 5704 708 5757 Sozom.
741 5702 869 5755 eod.
903 5714 1023 5767 cap.
1053 5698 1143 5751 20.

378 5762 454 5842 ξε)
487 5774 681 5828 Valens
730 5762 1062 5842 impietatem
1123 5782 1285 5842 quam
1337 5763 1540 5842 dudum
1600 5762 1873 5842 meditans

304 5834 509 5907 fuerat,
547 5834 1080 5907 operibus—explens,
1121 5838 1295 5901 legem
1331 5835 1480 5898 tulit,
1525 5845 1583 5886 ut
1619 5834 1870 5887 monachi

1961 4604 2326 4683 eceretfad
2361 4619 2468 4672 vim
2511 4633 2570 4673 se
2605 4618 2894 4683 convertit.
2939 4618 3126 4687 Itaque
3170 4619 3387 4683 armati,
3417 4636 3517 4675 nu-

1962 4709 2070 4772 dis,
2102 4718 2157 4763 et
2197 4707 2289 4776 qui
2339 4721 2408 4759 ne
2456 4721 2677 4761 manum
2716 4706 2938 4775 quidem
2984 4705 3311 4761 defendendi
3351 4723 3515 4762 causa

1964 4799 2260 4853 extendere
2306 4797 2533 4861 vellent,
2568 4797 2886 4865 iugruentes
2923 4795 3026 4866 (2),
3060 4799 3430 4852 miserandum
3462 4800 3516 4853 in

1967 4885 2185 4939 modum
2216 4900 2315 4939 eos
2348 4884 2679 4947 aﬂlixerunt,
2712 4885 2785 4938 ita
2820 4892 2879 4938 ut
2916 4885 3125 4939 cladem
3164 4885 3273 4941 illis
3307 4887 3511 4939 illatam

1965 4977 2152 5031 verbis
2187 4991 2462 5045 exponere
2505 4992 2613 5030 non
2656 4977 2837 5031 liceat.
2880 4976 3165 5031 Postremo
3198 4964 3378 5031 tamen
3411 4993 3522 5031 emo

1968 5080 2117 5139 ptum
2156 5068 2208 5121 id
2263 5064 2461 5122 frustra
2514 5067 2636 5132 fuit,
2669 5066 2815 5137 quod
2868 5054 3287 5136 omnes'parati
3337 5078 3525 5122 essent

1965 5158 2213 5227 jugulum
2249 5159 2569 5212 inclinatum
2606 5158 2800 5227 gladiis
2848 5159 3091 5227 prabere
3115 5198 3131 5221 ,
3165 5168 3241 5222 et,
3300 5160 3344 5213 si
3389 5174 3525 5229 Opus

1969 5260 2139 5315 esset,
2181 5249 2318 5303 mori
2366 5250 2548 5317 potius
2577 5250 2855 5311 alacriter,
2885 5264 3048 5317 quam
3094 5250 3298 5318 aliquid
3330 5251 3399 5306 de
3428 5252 3518 5305 Ni-

1970 5340 2136 5392 caenis
2166 5338 2401 5392 decretis
2433 5348 2666 5391 mutare.
2704 5338 2901 5391 Fertur
2931 5353 3063 5393 vero
3108 5348 3164 5392 et
3199 5339 3354 5402 illud,
3400 5350 3524 5393 cum

1972 5432 2232 5499 impetum
2252 5430 2657 5482 imminentium
2678 5429 2912 5483 militum
2931 5441 3322 5497 exspectarent,
3341 5445 3527 5499 quem-

1973 5523 2096 5575 dam
2131 5521 2275 5590 apud
2314 5536 2411 5575 eos
2460 5522 2651 5587 fuisse,
2698 5537 2762 5576 ex
2797 5522 3030 5590 pedibus
3061 5529 3281 5591 propter
3322 5525 3531 5577 articu-

1975 5702 2274 5758 militarent
2302 5719 2314 5753 :
2352 5701 2599 5753 nolentes
2635 5714 2731 5767 per
2761 5699 3014 5755 tribunos
3045 5708 3100 5754 et
3132 5698 3332 5754 milites
3367 5699 3531 5754 fusti-

1977 5774 2079 5826 bus
2116 5770 2347 5825 interfici
2374 5770 2559 5839 jussit.
2592 5770 2866 5839 (Eutrop)
