4288 6438
787 421 889 486 655

1988 432 2404 495 NICEPHORI
2453 437 2781 496 CALHSTI

3908 442 4012 501 656

788 544 966 594 lorum
1031 542 1445 596 convulsionem
1497 542 1636 598 adeo
1690 543 2053 612 laborantem,
2125 560 2182 602 ut
2241 549 2347 603 illis
2380 551 2478 612 Αδ

2328 563 2347 603 3
2380 557 2421 612 Α
2452 551 2514 619 δὴ
2542 551 2731 604 τοῦτον
2763 551 2926 620 ἐλαίῳ
2967 550 3275 618 χρίσαντες,
3328 551 3758 620 παρεκελεύοντο
3806 557 3895 606 ἐπὶ
3945 559 4021 623 τῷ

788 633 1043 686 insistere
1083 649 1187 686 non
1242 642 1448 704 posset,
1487 636 1580 689 sed
1635 634 1976 704 seipionibus
2016 639 2348 707 quibusdam

787 726 1008 780 illorum
1056 727 1236 780 vicem
1283 738 1340 782 et
1390 742 1548 781 usum
1596 728 1862 797 expleret.
1905 729 2062 785 Hunc
2107 732 2184 786 illi
2231 732 2351 787 oleo

789 827 1013 872 unctum
1042 819 1093 871 in
1128 820 1348 872 nomine
1376 818 1602 883 Christi,
1630 835 1792 889 quem
1821 820 2022 875 Lucius
2046 837 2349 890 perseque-

789 918 980 968 retur,
1028 924 1254 976 surgere
1305 919 1358 963 et
1402 908 1623 964 domum
1677 909 1757 963 ire
1791 911 2088 980 jusserunt.
2143 915 2210 965 At
2262 912 2352 966 ille

788 1003 1072 1065 exsiliens,
1117 1002 1298 1056 statim
1331 1001 1436 1055 iter
1467 1001 1712 1070 perfecit,
1741 1003 1930 1055 eadem
1964 1018 2191 1071 prorsus
2225 1019 2349 1057 cum

789 1094 1076 1148 monachis
1133 1093 1250 1146 istis
1305 1093 1534 1147 colenda
1587 1108 1708 1146 esse
1769 1093 2106 1161 praedicans,
2151 1096 2354 1163 quibus

789 1188 966 1250 Deus,
1022 1184 1247 1238 Lucium
1302 1184 1379 1253 (-l)
1429 1184 1857 1249 accusantibus,
1910 1188 2139 1255 gratiam
2197 1202 2353 1240 suam

788 1277 1140 1337 concederet,
1174 1287 1227 1328 et
1256 1290 1443 1329 aurem
1479 1288 1584 1328 tam
1615 1274 1848 1345 benigne
1880 1275 2169 1343 praeberet,
2209 1287 2266 1331 ut
2300 1293 2356 1333 se

790 1379 896 1420 tam
946 1366 1208 1419 diuturno
1261 1364 1453 1417 morbo
1503 1364 1810 1417 liherarint.
1850 1363 2004 1433 155
2042 1362 2242 1417 Verum
2289 1381 2355 1419 ne

789 1460 855 1513 iis
881 1458 1102 1528 quidem
1149 1459 1281 1525 ipsis
1331 1458 1497 1510 rebus
1542 1457 1622 1510 eis
1674 1457 1888 1509 consilii
1942 1461 2220 1524 coeptique
2270 1459 2355 1510 sui

789 1551 1113 1620 poenitentia
1172 1550 1417 1602 incessit.
1471 1548 1641 1601 Noctu
1700 1550 1847 1601 enim
1907 1548 2007 1602 hos
2063 1565 2357 1617 oppressos

790 1652 952 1710 atque
983 1642 1419 1708 comprehensos
1454 1643 1507 1692 in
1541 1641 1774 1693 insulam
1810 1646 2100 1709 quamdam
2126 1642 2354 1694 circum-

789 1735 933 1788 circa
982 1734 1100 1787 lacu
1155 1732 1361 1800 ingenti
1416 1731 1816 1783 circumdatam
1867 1731 2161 1793 miserunt,
2195 1748 2356 1800 quam

789 1826 1093 1894 antiquitus
1133 1824 1383 1876 homines
1417 1823 1828 1890 superstitionis
1860 1823 2233 1889 dmmoniaeae,
2263 1826 2354 1893 qui

2453 644 2691 716 Χριστοῦ
2738 645 2984 713 ὀνόματι,
3043 643 3102 696 ὃν
3159 644 3386 706 Λούκιος
3431 644 3638 711 διώκει,
3677 647 4022 707 ἀνίστασθαι,

2452 737 2544 787 καὶ
2575 735 2755 789 οἶκαδε
2784 736 3016 787 ἐπιέναι.
3063 735 3122 786 Ὀ
3157 734 3201 787 δ’
3232 733 3397 796 εὐθὺς
3432 736 3748 805 ἀλλόμενος,
3783 737 3878 806 τὴν
3905 739 4024 790 ὁδον

2451 828 2632 897 ῆνυεν,
2669 827 2837 897 ἄρδην
2870 829 3154 897 κηρύττων
3183 827 3256 889 ὼς
3314 828 3382 879 τά
3433 828 3523 879 ἷσα
3582 827 3793 891 τούτοις
3847 831 4024 897 χρεὼν

2448 913 2766 981 σέδειν,οἶς
2824 921 2918 972 καὶ
2947 920 3078 982 Θεὸς
3135 921 3234 988 τὴν
3292 919 3454 990 χάριν
3509 921 3917 988 ἐπιψηφίξεται,
3957 926 4019 989 τῇ

2453 1011 2756 1081 κατηγορίᾳ
2784 1011 3016 1064 Λουκίου
3059 1029 3072 1041 ο
3101 1005 3183 1073 οἷς
3211 1012 3303 1063 καὶ
3336 1002 3429 1071 οὓς
3472 1013 3740 1080 παρέσχεν
3775 1013 4019 1081 εὐήκοον,

2453 1104 2543 1156 τὸν
2583 1106 2858 1172 κάμνοντα
2885 1103 2979 1156 τοῦ
3006 1101 3247 1156 παλαιοῦ
3305 1103 3619 1169 ἀπαλλάξας
3661 1103 3888 1164 πάθους.
3946 1103 4028 1155 Οὑ

2460 1197 2564 1266 μὴν
2591 1197 2907 1249 καὶτούτων
2932 1197 3260 1263 γενομένων,
3301 1196 3604 1264 μετάμελος
3645 1197 3873 1256 ἐκείνοις
3907 1196 4018 1247 εξσ-

2454 1289 2539 1358 ῄει
2582 1288 2990 1340 ἐπιϐουλεύουσι
3016 1305 3031 1319 ο
3066 1287 3280 1356 νύκτωρ
3346 1291 3439 1341 καὶ¹
3475 1288 3583 1358 γὰρ
3607 1289 3877 1352 ἐπιόντες,
3931 1290 4027 1340 καὶ

2456 1371 3170 1448 τοῦτουςάναρπασάμενοι,
3199 1382 3290 1432 ἐπί
3321 1398 3438 1432 τινα
3490 1384 3653 1447 νῆσον
3710 1381 4020 1449 ἀπήγαγον,

2456 1474 2640 1539 κύκλῳ
2707 1473 2906 1540 λίμνην
2973 1473 3444 1542 περιϐεϐλημένην
3527 1473 3728 1542 πολλὴν
3767 1513 3779 1533 ,
3831 1473 3901 1541 ἠν
3969 1473 4026 1534 ἐξ

2457 1566 2687 1635 ἀρχαίου
2711 1565 2899 1634 ἄνδρες
2923 1565 3102 1633 ᾤκουν
3136 1565 3532 1635 δεισιδαιμονίᾳ
3565 1565 3705 1633 μάλα
3734 1564 4025 1627 συζῶντες,

2458 1658 2550 1708 καὶ
2578 1655 2671 1708 τοῦ
2700 1656 2817 1708 καθ’
2840 1657 2984 1724 ἡμᾶς
3013 1655 3280 1724 δόγματος
3304 1657 3538 1724 πάμπαν
3569 1655 3811 1723 ἀνήκοοι.
3838 1650 3950 1704 ἿΙν
3983 1653 4028 1703 δ’

2459 1750 2645 1810 αὐτοῖς
2695 1749 2872 1799 ἐκεῖσε
2940 1746 3032 1798 καὶ
3083 1747 3413 1799 παλαίτατον
3460 1746 3685 1813 τέμενος
3733 1745 4031 1811 ἀλάστορος

2458 1839 2730 1908 δαίμονος,
2767 1835 2825 1891 οὗ
2856 1840 2986 1891 πολὺ
3016 1837 3076 1890 τὸ
3112 1839 3274 1899 σέϐας
3323 1839 3456 1908 παρ’
3509 1840 3692 1900 αὐτοῖς
3741 1838 4028 1906 ἐντετηκὸς

789 1921 1094 1973 doctrinam
1132 1926 1373 1969 nostram
1408 1930 1632 1983 prorsus
1661 1931 1768 1967 non
1803 1915 2110 1980 audissent,
2146 1916 2354 1970 ineole-
2388 1900 2427 1954 Β
2459 1948 2482 1998 ρ

2334 1949 2354 1960 ·
2388 1900 2427 1954 Β
2459 1900 2692 1998 μάλιστα
2714 1926 2798 1999 ἦν.
2841 1931 2992 1982 Ἐπεὶ
3015 1931 3070 1983 δὲ
3094 1930 3192 1996 τῆς
3238 1900 3416 1993 νήσου¹
3463 1929 3762 1990 ἐπέϐαινον,
3812 1900 4027 1996 δαίμονι

788 2011 940 2065 bant.
987 2010 1117 2062 Erat
1143 2020 1322 2060 autem
1357 2007 1540 2060 adhuc
1577 2007 1649 2060 ibi
1691 2008 1989 2075 perniciosi
2023 2018 2076 2061 et
2108 2008 2352 2077 pestiferi

789 2102 1058 2156 damonis
1110 2098 1553 2166 antiquissimum
1609 2098 1897 2152 delubrum
1930 2139 1944 2163 ,
1995 2099 2152 2168 cujus
2205 2099 2354 2154 cultu

791 2196 1088 2249 etiamnum
1139 2191 1371 2246 maxime
1428 2191 1775 2244 tenebantur.
1828 2191 2120 2260 Postquam
2170 2200 2353 2244 autem

792 2286 1028 2340 insulam
1056 2283 1378 2353 attigerunt,
1410 2266 1712 2335 sacerdotis
1741 2281 1931 2342 lilia,"a
1963 2281 2208 2336 daemone
2241 2282 2357 2351 agi-

794 2388 923 2443 tata,
975 2375 1044 2430 ad
1097 2390 1193 2429 eos
1239 2373 1410 2428 venit.
1463 2372 1595 2437 Quae
1649 2372 1741 2426 ubi
1794 2388 1961 2427 cursu
2012 2383 2066 2426 et
2116 2373 2356 2428 clamore

792 2465 1066 2520 indecenti
1093 2464 1160 2517 ad
1195 2477 1289 2518 eos
1322 2462 1707 2525 contenderet,
1731 2462 1922 2516 insulae
1957 2463 2172 2524 incolae,
2204 2463 2358 2516 novi-

795 2570 904 2613 tate
932 2559 1051 2625 ejus
1071 2557 1148 2610 rei
1173 2555 1537 2616 consternati,
1561 2569 1678 2608 eam
1705 2563 1837 2608 sunt
1863 2555 2061 2608 secuti.
2093 2553 2197 2608 Ubi
2223 2569 2359 2608 vero

794 2651 860 2705 ad
893 2664 1108 2712 navem,
1143 2663 1250 2717 qua
1294 2647 1465 2701 divini
1516 2647 1594 2699 illi
1631 2661 1789 2700 senes
1837 2645 1903 2700 ad
1940 2647 2094 2699 littus
2137 2646 2361 2714 appule-

793 2753 941 2805 rant,
980 2743 1236 2804 accessit,
1286 2739 1616 2793 datmonium
1663 2738 1808 2790 illam
1856 2737 2170 2791 convellens
2207 2736 2358 2789 humi

795 2835 1052 2905 projeeit,
1091 2843 1146 2886 et
1185 2845 1384 2900 magno
1416 2845 1513 2899 per
1547 2830 1691 2882 illam
1740 2829 1981 2882 clamore
2024 2828 2172 2881 edito
2201 2829 2360 2880 obsc-

797 2924 1007 2988 cravit,
1057 2942 1074 2974 ι
1123 2923 1432 2988 Quidnam,
1489 2920 1774 2988 inquiens,
1832 2919 1899 2972 ad
1955 2935 2053 2972 nos
2110 2921 2359 2984 venistis,

801 3019 983 3087 magni
1028 3017 1122 3070 Dei
1157 3014 1439 3068 ministri?
1481 3014 1717 3066 Insulam
1756 3027 1993 3081 namque
2031 3012 2190 3065 istam
2223 3013 2362 3079 jam-

799 3110 1004 3163 dudum
1051 3123 1150 3161 nos
1195 3107 1402 3174 absque
1441 3105 1691 3157 molestia
1740 3113 1796 3157 et
1833 3105 1986 3156 turba
2025 3102 2173 3154 omni
2214 3113 2362 3154 tene-

803 3217 942 3262 mus,
978 3210 1029 3254 et
1060 3199 1318 3252 omnibus
1359 3212 1528 3266 prope
1563 3195 1880 3248 hominibus
1908 3195 2112 3263 ignoti,
2132 3205 2186 3246 et
2215 3193 2363 3244 lacu-

806 3297 908 3349 bus
964 3296 1081 3348 istis
1150 3289 1547 3346 circumvallati
1631 3287 1718 3339 hic
1774 3288 2027 3339 latemus.

783 3389 1064 3457 deinceps
1101 3383 1254 3436 vobis
1291 3382 1429 3434 hanc
1465 3380 1742 3446 regionem
1783 3379 2021 3431 incolere
2051 3376 2228 3429 visum
2255 3385 2358 3438 est,

806 3481 1041 3533 libenter
1094 3474 1444 3529 decedemus.
1487 3490 1505 3522 ι
1561 3472 1711 3524 Talia
1744 3471 1952 3523 daemon
1985 3484 2080 3537 per
2125 3469 2362 3536 puellam

807 3569 1233 3623 voeil'erahatur.
1268 3565 1371 3629 Qui
1426 3564 1757 3630 simulatque
1795 3561 1862 3614 ab
1908 3562 2014 3613 illis
2059 3560 2364 3627 increpitus

807 3663 967 3715 sdere
1003 3660 1191 3728 jussus
1221 3667 1324 3722 est,
1367 3656 1549 3726 puella
1590 3671 1620 3708 e
1657 3654 1888 3722 vestigio
1921 3668 2043 3705 cum
2072 3651 2280 3720 pudore
2310 3661 2366 3705 et

808 3752 1071 3804 modestia
1105 3752 1170 3802 ad
1223 3748 1455 3817 seipsam
1502 3745 1690 3799 rediit.
1731 3743 1793 3795 Et
1841 3753 1996 3811 pater
2038 3743 2156 3811 ejus
2201 3752 2364 3809 atque

809 3845 984 3897 insula
1011 3843 1187 3894 omnis
1212 3855 1332 3892 cum
1366 3838 1562 3892 incolis
1588 3835 1860 3888 universis
1889 3833 2364 3888 Christianismum

808 3935 1045 4003 suscepit
1081 3951 1092 3985 :
1121 3931 1494 4000 templumque
1524 3927 1668 3996 quod
1704 3927 1774 3978 ibi
1812 3935 1950 3988 erat,
1981 3935 2358 3992 repurgatum,

810 4038 976 4096 atque
1022 4028 1076 4079 in
1108 4023 1396 4078 ecclesiam
1447 4019 1920 4079 transformamur,
1961 4017 2181 4070 Christo
2218 4016 2369 4069 dedi-

811 4119 968 4174 cavit.
1021 4116 1095 4169 Ea
1143 4131 1232 4168 res
1278 4111 1681 4181 quamprimum
1731 4107 2114 4161 Alexandriam
2163 4122 2369 4160 renun-

815 4214 944 4264 tiata
990 4208 1156 4261 Lucio
1193 4222 1301 4260 non
1350 4218 1541 4272 parum
1599 4201 1783 4254 attulit
1819 4200 2095 4253 mteroris.
2147 4198 2369 4251 Factum

814 4301 957 4354 enim
1009 4298 1134 4350 inde
1181 4305 1284 4357 est,
1329 4306 1386 4347 ut
1429 4307 1535 4345 non
1587 4291 1762 4344 solum
1812 4290 2138 4346 alienorum.
2177 4304 2368 4341 verum

816 4395 978 4447 etiam
1053 4388 1397 4459 popularium
1465 4398 1690 4438 suorum
1765 4382 1951 4434 odium
2016 4381 2366 4445 incurreret;

817 4482 1042 4552 perinde
1074 4491 1236 4547 atque
1266 4483 1310 4531 is
1345 4480 1435 4547 qui
1469 4492 1576 4529 non
1595 4490 1719 4529 cum
1752 4475 2092 4538 hominibus,
2123 4474 2214 4526 sed
2249 4489 2370 4526 cum

2109 3283 2262 3348 Quod
2316 3283 2359 3335 si
2392 3247 2431 3300 C

2456 2023 2786 2089 κατάσχετον
2816 2024 3114 2088 γενομένην
3139 2020 3233 2088 τὴν
3264 2021 3352 2070 τοῦ
3381 2020 3566 2088 ἱερέως
3597 2019 3866 2087 θυγατέρα
3895 2019 4032 2086 παρ’

2454 2109 2696 2171 ἐκείνους
2735 2110 2912 2178 ἥκειν.
2955 2109 3044 2167 Ὠς
3084 2108 3140 2160 δὲ
3178 2107 3363 2176 δρόμῳ
3399 2107 3596 2158 Θέουσα
3796 2107 4027 2173 ἀκόσμῳ

2453 2199 2548 2255 τοῦ
2578 2200 2762 2269 πρόσω
2796 2199 2988 2267 εἴχετο,
3020 2201 3066 2250 οί
3109 2201 3213 2263 τὴν
3247 2197 3407 2264 νῆσον
3448 2196 3744 2259 οἰκοῦντες,
3775 2196 3851 2264 τῷ
3887 2197 4027 2265 ξένῳ

2455 2291 2546 2343 τοῦ
2563 2291 2884 2358 πράγματος
2902 2287 3194 2358 ἐκπληκτοι
3211 2287 3511 2354 γεγονότες,
3529 2286 3761 2338 κατόπιν
3777 2285 4030 2343 ἐδίωκον,

2468 2382 2618 2434 Ἐπεὶ
2643 2382 2688 2434 δ’
2721 2383 2812 2434 ἐπὶ
2839 2383 2936 2448 τὴν
2959 2379 3090 2433 ναῦν
3122 2379 3293 2449 ἢτοῦς
3327 2379 3500 2441 Θείους
3553 2378 3862 2447 πρεσϐύτας
3891 2378 4028 2430 καθ-

2455 2473 2717 2544 ώρμιζεν,
2788 2474 3055 2539 ἐγεγόνει,
3089 2471 3376 2540 σπαράξαν
3431 2471 3684 2538 αὖτὴντὸ
3727 2470 4030 2539 δαιμόνιον,

2455 2567 2534 2626 είς
2561 2566 2663 2633 γῆν
2688 2565 2910 2634 ἕρῤιπτε
2939 2581 2952 2594 ·
2993 2563 3134 2631 μέγα
3172 2562 3228 2616 δὲ
3262 2564 3461 2633 κρᾶζον
3498 2563 3566 2615 δι’
3615 2563 3851 2629 ἐκείνης,
3899 2564 4032 2614 ἐπο-

2456 2658 2657 2716 τνιᾶτο,
2689 2675 2705 2706 ι
2745 2655 2858 2707 ’Ἰνα
2884 2655 3176 2722 τέ,’λὲγων,
3209 2655 3340 2722 πρὸς
3369 2656 3513 2724 ἡμᾶς
3534 2655 3720 2724 ἥκετε,
3759 2652 3893 2706 Θεοῦ
3919 2670 4033 2721 με-

2457 2748 2619 2814 γάλου
2638 2747 2962 2816 Θεράποντες
2989 2764 3002 2811 ;
3061 2746 3216 2816 τήνδε
3249 2747 3356 2814 γὰρ
3388 2747 3548 2814 ἡμεῖς
3577 2746 3680 2814 τὴν
3743 2747 3906 2813 νῆσον
3964 2746 4031 2796 ἐκ

2460 2839 2655 2890 πολλοῦ
2730 2837 3111 2906 κατοικοῦμεν,
3169 2838 3343 2890 οὐδενὶ
3401 2837 3467 2889 δι’
3511 2839 3670 2905 ὄχλου
3728 2838 4033 2905 γινόμενοι,

2460 2933 2590 2982 πᾶσι
2623 2931 2666 2982 δ’
2698 2930 3002 2998 ἀιορώποις
3029 2930 3212 2998 σχεδὸν
3241 2929 3484 2994 ἀγνῶτες
3514 2929 3664 2992 ὄντες
3692 2945 3705 2958 ’
3753 2929 3848 2982 καὶ
3903 2947 4033 2981 ταυ-

2458 3022 2610 3072 ταισὶ
2667 3024 2786 3080 ταῖς
2846 3020 3065 3088 λίμναις
3115 3019 3624 3088 περιπεφραγμένοι
3669 3017 4033 3086 λανθάνομεν.

2464 3111 2524 3161 Εἰ
2556 3110 2609 3160 δὲ
2635 3109 2724 3160 τοῦ
2758 3109 2941 3158 λοῖποῦ
2976 3109 3128 3175 φίλον
3157 3108 3283 3176 ὑμῖν
3310 3107 3386 3175 τῷ
3430 3109 3589 3176 χώρῳ
3616 3109 3790 3176 τούτῳ
3826 3109 4032 3158 ἐνδιαι-

2464 3201 2678 3262 τᾶςοατ,
2717 3201 2930 3261 ἑκόντες
2979 3201 3426 3267 ἀναχωρήσομεν.
3457 3217 3472 3248 ι
3511 3201 3611 3250 Καὶ
3643 3201 3866 3250 τοιαῦτα
3933 3198 4036 3264 μὲν

2465 3294 2490 3343 ό
2516 3293 2722 3359 δαίμων
2749 3292 2834 3343 διὰ
2863 3291 2959 3357 τῆς
2991 3292 3157 3357 κόρης
3189 3289 3514 3354 ἐφθέγγετο.
3580 3289 3729 3339 Ἐπεὶ
3762 3289 3806 3340 δ’
3847 3291 4037 3338 ἐπετι-

2467 3385 2606 3450 μᾶτο
2641 3382 2769 3452 παρ’
2791 3383 3011 3433 ἐκείνων
3049 3382 3289 3450 mysi.ij
3327 3382 3426 3447 μὲν
3487 3382 3613 3440 παῖς
3669 3380 3868 3430 αὐτίκα
3926 3377 4034 3429 σὼο

2467 3492 2617 3543 φρων
2644 3471 2710 3544 ἦν
2741 3492 2753 3503 ο
2776 3475 2801 3525 ὁ
2836 3474 2888 3524 δὲ
2912 3476 3008 3538 τῆς
3035 3472 3199 3540 κόρης
3226 3474 3404 3540 πατὴρ
3434 3471 3526 3522 καὶ
3556 3471 3587 3538 ἡ
3635 3470 3795 3538 νῆσος
3845 3469 4036 3522 ἅπασα

2467 3565 2737 3632 πανδημεὶ
2785 3562 2851 3612 τὸ.
2903 3559 3243 3629 Χριστιανῶν
3303 3557 3730 3627 κατησπάζετοο
3788 3559 3881 3610 καὶ
3941 3559 4038 3610 τὸν

2467 3659 2642 3709 ἐκεῖσε
2675 3654 2808 3706 νεὼν
2839 3652 3401 3720 μετασκευασάμενοι.
3433 3654 3509 3711 εἰς
3529 3650 3825 3718 ἐκκλησίαν
3871 3650 4036 3701 καθίε-

2470 3764 2608 3799 στων
2633 3745 2888 3816 Χριστοῦ.
2934 3744 3108 3813 Τάχος
3160 3743 3214 3793 δὲ
3263 3740 3434 3793 ταῦτα
3479 3747 3580 3807 τὴν
3629 3741 4040 3810 Ἀλεξάνδρειαν

2467 3839 2662 3908 ἔφθανε
2697 3854 2710 3868 ·
2749 3838 2841 3889 κα)⁸
2865 3837 2924 3888 οὐ
2955 3836 3148 3905 μέτρια
3182 3834 3368 3885 ἐλύπει
3398 3834 3486 3884 τὸν
3510 3833 3755 3884 Λούκιον.
3783 3832 4040 3884 Συνέΰαιο

2469 3948 2524 3984 νε
2556 3931 2663 3999 γὰρ
2699 3929 2968 3992 ἐντεῦθεν,
3007 3928 3080 3996 μὴ
3141 3927 3289 3994 παρά
3318 3926 3425 3977 τῶν
3491 3925 3782 3993 ἀλλοτρίων
3852 3928 4038 3993 μόνον,

2469 4022 2605 4075 ἀλλά
2629 4021 2722 4072 καὶ
2740 4020 2892 4088 παρὰ
2928 4019 3035 4070 τῶν
3058 4018 3274 4070 οἰκείων
3309 4019 3364 4068 ἐν
3402 4018 3549 4085 μίσει
3603 4013 3764 4078 εἶναι,
3828 4017 3924 4068 ᾰτε
3975 4017 4042 4083 δὴ

2474 4113 2549 4182 μὴ
2581 4112 2908 4179 ἀνθρώποις,
2941 4109 3054 4161 ἀλλ’
3082 4108 3342 4177 ἀντικρὺς
3386 4108 3508 4178 Θεῷ
3541 4108 3626 4160 διὰ
3695 4108 3873 4177 μάχης
3924 4107 4045 4159 ίών.

2473 4203 2582 4255 Καὶ
2605 4202 2801 4254 αὐτίκα
2835 4201 3008 4269 λάθρα
3042 4203 3162 4263 τοὺς
3191 4200 3334 4268 ἀμφὶ
3359 4200 3645 4269 Μακάριοι)
3692 4200 3785 4251 ἐπὶ
3837 4200 3905 4249 τὰ
3956 4200 4042 4250 oi-

2472 4294 2593 4345 κεῖα
2644 4293 2748 4360 ἤθη
2790 4293 2880 4342 κοιὶ
2923 4291 3018 4357 τὴν
3070 4290 3273 4359 ἔρημον
3318 4290 3598 4341 ἐπανιέναι
3653 4288 4044 4357 προσέταττεν.

2483 4385 2666 4436 Ἱκανά
2704 4385 2800 4451 μὲν
2831 4379 2923 4434 οῦν
2952 4386 3047 4434 καὶ
3089 4381 3256 4433 ταῦτα
3303 4379 3396 4430 τοῦ
3443 4381 3674 4432 Λουκίου
3719 4379 3892 4442 δεῖξαι
3941 4380 4046 4446 τὴν

2473 4475 2570 4544 τῆς
2601 4475 2852 4534 ἀσεϐείας
2881 4474 3137 4543 ὡμότητα
3179 4473 3539 4542 ’λεπτότερον
3583 4471 3641 4523 δὲ
3692 4466 3845 4537 οἶμαι
3893 4469 4044 4520 διδά-

817 4576 933 4644 ipso
969 4588 1190 4641 prorsus
1241 4571 1350 4623 Deo
1398 4569 1597 4621 bellum
1639 4576 1872 4635 gereret.
1923 4566 2110 4633 Itaque
2155 4566 2367 4618 occulte
2399 4565 2503 4630 ῃξ

2354 4576 2443 4630 ξπ)
2476 4565 2583 4628 ξειν
2619 4565 2709 4616 τοῦ
2771 4564 3061 4616 Θεσπεσίου
3115 4565 3316 4628 Πέτρου
3373 4562 3438 4612 τὰ
3485 4561 3791 4628 γράμματα
3843 4559 3904 4609 τὸ
3942 4560 4047 4624 τῖς

816 4667 1021 4730 statim,
1059 4673 1117 4717 ut
1148 4661 1366 4716 Macarii
1398 4661 1463 4714 ad
1506 4659 1684 4713 studia
1715 4672 1811 4711 sua
1839 4666 1893 4710 et
1927 4658 1982 4710 in
2015 4656 2365 4711 solitudinem

819 4758 1085 4819 redirent,
1146 4755 1420 4824 praecepit.
1472 4751 1616 4805 Satis
1661 4749 1878 4818 quidem
1929 4748 2044 4801 haze
2096 4747 2368 4799 crudelem

818 4851 971 4904 Lucii
1020 4851 1352 4918 impietatem
1387 4844 1649 4897 indicant.
1693 4842 1948 4894 Exactius
1992 4849 2174 4891 tamen
2208 4838 2370 4890 animi

821 4945 940 5013 ejus
970 4941 1424 4997 iulium-anitatem
1453 4936 1621 4990 divini
1657 4934 1802 4989 Petri
1831 4932 2024 4985 littera:
2051 4930 2328 4985 declarant
2358 4949 2370 4982 :

2479 4655 2699 4725 γνώμης
2720 4655 3109 4723 ἀπανθρωπον.
3154 4652 3294 4719 Ἐγὼ
3326 4652 3379 4703 δὲ
3408 4651 3465 4703 τὺ
3498 4651 3673 4720 μῆκος
3707 4651 3801 4719 τῆς
3829 4652 4052 4701 ἐπιστο-

2479 4750 2577 4817 λῆς
2608 4749 2843 4815 φεύγων,
2882 4748 2978 4798 ὅσα
3041 4747 3323 4814 πρόσφορα
3354 4747 3417 4814 τῇ
3460 4745 3598 4812 μετά
3627 4746 3809 4812 χεῖρας
3846 4743 4047 4795 ὑπεθέ-

2481 4856 2581 4900 σει,
2607 4839 2812 4890 ὲκεῐΘεν
2845 4839 3257 4907 ἐρχνισάμενος,
3290 4840 3352 4906 τῇ
3397 4839 3684 4906 συγγραφῇ
3716 4833 4046 4903 παρπθήςω,

2481 4931 2685 4998 Γράφει
2733 4929 2788 4981 δέ
2818 4929 2957 4981 οὕτω
2985 4945 2998 4958 ’

819 5054 1048 5109 quarum
1093 5052 1191 5105 ego
1223 5035 1587 5104 prolixitatem
1635 5031 1872 5098 fugiens,
1927 5043 2046 5095 qua:
2102 5027 2224 5082 loco
2264 5028 2391 5080 huic
2431 5025 2841 5081 accommodata
2873 5034 3038 5089 sunt,
3099 5040 3160 5078 ex
3208 5023 3289 5077 eis
3336 5024 3644 5093 decerpant,
3690 5033 3745 5076 et
3799 5023 4051 5076 historiae

821 5131 1090 5200 adjiciam.
1121 5129 1324 5183 Scribit
1357 5138 1538 5180 autem
1566 5123 1630 5175 ad
1665 5125 1811 5176 hunc
1842 5121 2063 5172 modum
2101 5138 2113 5170 :

892 5287 967 5355 (Ι)
998 5284 1174 5355 Inhis
1230 5283 1607 5337 Theodoretus
1654 5279 1823 5332 fuisse
1867 5273 2056 5332 scribit
2095 5273 2231 5327 dues
2287 5270 2571 5336 Maearios,
2605 5281 2662 5326 et
2710 5271 2997 5337 lsidorum,
3050 5271 3149 5326 lib.
3201 5285 3275 5335 tv,
3307 5287 3427 5340 cap.
3464 5271 3554 5325 2|.
3624 5269 3854 5336 (Theod.
3918 5270 4046 5326 eod.

819 5353 1083 5428 capit.)
