4288 6438
719 411 820 471 659
1929 416 2346 478 NlCEPllORl
2390 421 2730 481 CALLlSTI
3857 421 3963 483 660

718 540 837 576 runt
865 523 1022 576 altari
1049 533 1374 592 peregerunt
1403 526 1578 595 impii.
1609 527 1746 582 Nam
1778 530 1941 583 velati
1976 531 2028 583 in
2060 542 2277 598 pmsce-
2309 538 2353 591 Α
2381 550 2411 600 γ

2268 559 2277 569 ι
2309 538 2353 591 Δ
2381 536 2699 600 γυναικείαν
2749 535 3085 603 ποθήσαντα,
3120 536 3347 603 στίμμει
3380 534 3520 587 κατὰ
3545 533 3608 586 τὸ
3637 536 3961 603 γεγραμμέ-

716 614 806 665 nio
841 612 1096 666 ludorum
1117 613 1534 679 dissolutorum,
1569 627 1627 670 ut
1654 634 1790 686 puer
1813 635 2004 674 sexum
2046 621 2275 674 masculi
2387 644 2409 677 ν

2271 622 2275 673 i
2387 644 2477 678 vov
2527 629 2653 690 τοὺς
2691 628 3010 698 ὀφθαλμοὺς
3052 627 3498 698 διαχρισάμενον,
3537 627 3631 680 καὶ
3673 626 3836 693 φύκει
3865 628 3964 688 τὰς

714 709 1030 775 abnegans,
1083 717 1139 760 et
1196 707 1449 764 mulieris
1506 722 1808 779 expetens,
1863 713 2030 767 stibio
2084 715 2278 782 (sicuti
2385 719 2407 771 δ

2270 716 2278 769 i
2385 719 2536 788 ὄψεις
2583 712 2942 790 ἐρυθήναντα,
2974 721 3050 779 ὼς
3081 720 3151 771 τὰ
3180 719 3309 786 παρ’
3341 719 3526 782 αὐτοῖς
3569 720 3761 771 εἴδωλα
3801 720 3963 787 θηλυ-

716 800 978 867 scripturn
1011 801 1118 867 est)
1143 802 1319 855 oculis
1349 804 1655 869 perunctis,
1687 813 1743 856 et
1776 805 1899 858 fuco
1929 804 2068 858 facie
2101 806 2280 858 rubri-
2390 831 2409 879 ι

2274 835 2280 845 ι
2390 812 2579 880 μόρφῳ
2608 811 2684 880 τῷ
2711 813 2950 881 σχήματι
2980 812 3068 864 ἐπ’
3091 811 3256 865 αὑτοῦ
3287 811 3376 864 τοῦ
3401 811 3812 878 θυσιαστηρίου,
3837 810 3967 862 ἔνθα

714 902 852 952 cata.
896 894 1360 962 quemadmodum
1406 910 1528 964 quae
1574 895 1719 964 apud
1753 912 1849 950 eos
1885 906 2014 952 sunt
2049 899 2280 952 simttJa-
2386 923 2407 956 ν

2275 931 2280 943 ι
2386 905 2612 958 κάθοδον
2645 905 2739 958 τοῦ
2791 905 2948 972 ἁγίου
2984 905 3301 974 Πνεύματος
3338 903 3769 972 ἐπικαλούμεθα,
3804 904 3968 955 εύκύ-

711 1000 825 1047 cra,
857 985 1044 1039 habitu
1077 987 1358 1048 muliebri,
1398 991 1450 1041 iti
1494 989 1612 1058 ipso
1650 992 1924 1044 sanctiore
1965 991 2145 1051 altari.
2184 993 2276 1045 ttbi
2385 1014 2404 1047 ν

2272 994 2276 1045 ἱ
2385 998 2496 1066 κλῳ
2522 1000 2586 1066 τῇ
2631 1001 2833 1068 στροφῇ
2865 991 2966 1050 ὧδε
3001 998 3222 1049 κάκεῖσε
3251 995 3502 1065 τνὼέχεῖρε
3543 995 3965 1064 σχηματιζόμε-

711 1075 1035 1130 dcsceusutu
1072 1076 1310 1145 Spiritus
1336 1080 1510 1132 sancti
1547 1078 1886 1140 invocamus.
1918 1081 2278 1133 conversione
2384 1110 2404 1144 κ

2273 1100 2278 1132 ε
2384 1109 2494 1155 νον,
2530 1091 2814 1161 ὀρχεῖσθαι
2848 1090 3270 1160 παρεσκεύασαν
3294 1105 3308 1118 ·
3338 1089 3512 1140 πλατὺ
3550 1089 3648 1155 μιν
3676 1088 3966 1153 γελῶντες,

711 1167 848 1219 scite
897 1167 950 1218 in
1002 1167 1193 1221 orbem
1245 1169 1422 1232 facta,
1478 1170 1586 1225 huc
1637 1182 1801 1239 atque
1846 1171 1976 1226 illuc
2025 1172 2278 1226 manibus
2383 1184 2404 1236 δ

2270 1189 2278 1226 ί
2383 1184 2657 1251 ἀθέσμους
2692 1183 2749 1236 δέ
2800 1183 3124 1250 ἐπαφιέντες
3178 1181 3384 1248 φωνάς.
3416 1180 3479 1232 Οἱ
3536 1179 3593 1231 δέ
3651 1180 3816 1233 πάλιν
3868 1182 3963 1230 καὶ

717 1259 1049 1327 gesticulans
1097 1261 1342 1325 saltaret,
1373 1261 1678 1316 fecerunt:
1727 1267 1933 1333 prolixe
1983 1266 2278 1318 admodum
2381 1295 2409 1328 τ

2273 1286 2278 1318 ι
2381 1276 2540 1328 τοῦτο
2554 1277 2690 1345 πρὸς
2722 1275 2946 1338 ἀταξίαν
2975 1275 3335 1345 ἡγησάμενοι,
3371 1273 3553 1324 καὶτὰ
3588 1269 3966 1338 παρῳχηκότα

715 1350 982 1412 ridentes,
1017 1361 1182 1421 atque
1225 1353 1468 1407 nefarias
1512 1369 1678 1409 voces
1711 1355 1996 1410 addentes.
2032 1357 2137 1409 Alii
2183 1371 2281 1409 au-
2384 1385 2406 1419 ε

2275 1386 2281 1397 ι
2384 1369 2632 1436 εὐπρεπῆ
2656 1365 2865 1434 μᾶλλον
2887 1366 3030 1436 ήπερ
3062 1365 3277 1432 ἄθεσμα
3303 1362 3671 1430 λογισάμενοι,
3694 1360 3750 1424 ἐξ
3785 1359 3968 1410 αὐτῶν

711 1453 821 1495 tetn
861 1452 916 1497 et
959 1443 1064 1498 hoc
1107 1445 1283 1511 ipsum
1331 1445 1534 1498 factum
1572 1462 1682 1500 non
1717 1449 1849 1500 satis
1882 1448 1946 1500 ad
1985 1449 2278 1500 obscenam
2384 1460 2404 1511 ἓ

2273 1467 2278 1499 ι
2384 1460 2482 1511 ἕνα
2516 1457 2944 1526 γνωριμώτατον
2974 1459 3028 1509 ἐν
3066 1456 3413 1526 αἰσχρότητι,
3459 1451 3596 1522 ὁμοῦ
3631 1453 3732 1518 τὴν
3759 1451 3966 1520 ἐσθῆτα

709 1536 1075 1589 temeritatem
1127 1553 1249 1592 esse
1304 1549 1582 1607 putantes,
1635 1550 1690 1594 et
1744 1557 1866 1610 qua)
1911 1542 2018 1608 jam
2069 1550 2280 1609 patrata
2384 1568 2402 1603 )

2275 1561 2280 1594 ι
2384 1551 2476 1603 καὶ
2505 1549 2608 1618 τὴν
2635 1547 2769 1602 αίδὼ
2799 1549 3254 1617 γυμνωσάμενο),
3283 1547 3358 1608 ὡς
3404 1546 3436 1616 η
3479 1543 3641 1614 φύσις
3677 1542 3792 1611 ἔχει
3832 1543 3968 1612 cxiii

711 1623 954 1692 fuerant,
983 1626 1180 1682 decora
1209 1630 1393 1698 potius
1419 1647 1582 1699 quam
1615 1631 1849 1685 nefanda
1875 1634 2278 1692 existimantes,
2386 1657 2404 1708 ι

2277 1672 2278 1683 ι
2386 1656 2574 1708 ματος,
2601 1639 2681 1708 τῷ
2711 1639 2812 1708 τῆς
2854 1639 3155 1708 ἐκκλησίας
3190 1637 3610 1696 ἐπιϐιϐάσαντες
3644 1635 3840 1704 θρόνῳ,
3872 1634 3970 1700 δη-

710 1734 778 1771 ex
827 1718 960 1787 ipsis
1004 1722 1300 1788 quemdam
1342 1724 1580 1785 obscena
1622 1723 1869 1778 foeditate
1905 1724 2278 1787 notissimum,
2388 1751 2403 1801 ι

2270 1763 2278 1787 ν
2388 1733 2629 1801 μηγόρον
2653 1731 2876 1800 αίσχρδν
2921 1732 3068 1784 κατὰ
3106 1727 3346 1797 Χριστοῦ
3391 1723 3963 1795 προσαγορεύσαντες.

709 1821 860 1864 veste
895 1810 1164 1875 detracta,
1202 1824 1257 1866 et
1288 1815 1544 1884 pudenda
1592 1815 1757 1869 etiam
1807 1816 2058 1882 corporis
2101 1826 2278 1884 parte,
2317 1877 2357 1891 _
2398 1826 2402 1836 ‘

2270 1857 2278 1881 ι
2317 1877 2357 1891 ,ι
2398 1824 2543 1876 Ἀντὶ
2572 1823 2682 1891 γὰρ
2704 1821 2864 1874 θείων
2900 1822 3162 1890 ῥημάτων
3192 1819 3530 1886 αἰσχρότητα
3565 1813 3963 1884 προύϐάλλετο,

712 1914 876 1970 prout
913 1915 1123 1959 naturae
1151 1906 1256 1959 fert
1291 1909 1528 1971 habitus,
1555 1911 1778 1972 nudata,
1803 1911 2050 1962 ecclesiae
2082 1910 2282 1961 throno
2318 1905 2357 1929 ν
2386 1917 2405 1966 d

2274 1927 2282 1958 ι
2318 1905 2357 1929 ν
2386 1915 2506 1966 ἀντὶ
2554 1914 2769 1982 σεμνῶν
2809 1914 2985 1979 λόγων
3025 1912 3336 1978 ἀσέλγειαν,
3372 1908 3487 1960 ἀντ’
3517 1906 3805 1966 εὐσεϐείας
3834 1905 3967 1956 ἀσέ-

711 2001 1117 2069 imposuerunt,
1156 2013 1211 2056 et
1263 2004 1468 2057 fmdum
1513 2014 1700 2056 contra
1742 2001 2020 2055 Christum
2058 2003 2280 2055 concio-
2385 2008 2404 2057 ε

2273 2029 2280 2040 -
2385 2007 2559 2067 ϐειαν,
2591 2006 2708 2056 ἀντὶ
2755 2003 3078 2070 ἐγκρατείας
3111 2002 3389 2070 πορνείαν,
3432 1998 3696 2069 μοιχείαν,
3734 1997 3966 2063 ἀρσενο-

712 2102 958 2147 natorem
997 2097 1383 2163 appellarunt:
1416 2112 1538 2148 nam
1575 2111 1673 2164 pro
1705 2095 1906 2148 divinis
1938 2095 2123 2149 verbis
2160 2104 2278 2147 tur-
2383 2112 2405 2147 ι

2274 2123 2278 2135 ι
2383 2095 2614 2158 κοιτίαν,
2654 2094 2884 2162 κλοπὴν,
2910 2091 3068 2144 πόσιν
3092 2093 3182 2144 καὶ
3213 2089 3417 2160 βρῶσιν
3446 2088 3523 2157 τῷ
3557 2087 3657 2156 βίῳ
3685 2086 3819 2155 πρὸς
3853 2084 3967 2144 τοῖς

712 2185 1014 2249 pitutliuem
1059 2187 1310 2254 protulit,
1349 2202 1447 2256 pro
1485 2188 1740 2240 oratione
1789 2186 1935 2253 gravi
1987 2197 2042 2238 et
2091 2193 2277 2239 sancta
2383 2187 2405 2239 ὃ

1789 2186 1935 2253 gravi
1987 2197 2042 2238 et
2091 2193 2277 2239 sancta
2383 2187 2565 2248 ἄλλοις
2602 2186 2992 2255 εἰσηγούμενος
3024 2180 3165 2235 εἰναι
3195 2183 3460 2252 χρήσιμα.

713 2282 1044 2349 impudicam
1091 2283 1395 2347 lasciviam,
1437 2298 1536 2352 pro
1582 2284 1785 2352 pietate
1825 2284 2185 2351 impietatem,
2260 2298 2322 2334 ac
2363 2285 2727 2351 temperantia
2810 2281 3254 2341 fornicationem,
3295 2277 3652 2338 adulterium,
3696 2272 3970 2326 masculo-

715 2394 832 2430 rum
885 2378 1263 2444 concubitum,
1307 2380 1538 2444 furtum,
1581 2379 1763 2433 cibum
1818 2390 1872 2434 ct
1926 2393 2113 2448 potum
2167 2393 2276 2433 una
2319 2395 2444 2434 cum
2523 2381 2646 2434 aliis
2695 2377 2968 2449 ejusmodi
3022 2376 3089 2429 ad
3129 2377 3298 2428 vitam
3345 2373 3499 2439 utilia
3576 2383 3633 2426 et
3678 2368 3969 2425 commoda

711 2484 831 2522 esse
868 2473 1096 2525 docens.

789 2581 807 2612 ι
846 2561 980 2615 Cum
1016 2564 1131 2619 haec
1162 2565 1234 2618 ita
1269 2580 1327 2619 se
1376 2566 1659 2630 haberent,
1696 2575 1750 2621 et
1792 2581 1892 2637 ego
1936 2583 2001 2621 ex
2042 2566 2275 2621 ecclesia

715 2654 1049 2721 secederem,
1082 2658 1382 2727 (quomodo
1424 2661 1570 2713 enim
1608 2661 1659 2713 id
1705 2676 1812 2714 non
1861 2661 2121 2724 facerem,
2153 2677 2275 2714 cum

717 2748 787 2800 ibi
827 2749 1078 2804 militaris
1113 2751 1266 2805 furor
1304 2751 1611 2814 obtineret,
1648 2751 1815 2821 158
1857 2768 1982 2805 cum
2019 2753 2174 2821 plebs
2209 2752 2276 2804 ad

716 2842 1041 2896 dissolutam
1103 2845 1380 2900 licentiam
1449 2845 1700 2906 venalis,
1765 2861 1890 2898 cum
1959 2844 2281 2912 largitiones

718 2937 1092 3004 pecuniarum,
1130 2952 1253 2989 cum
1291 2937 1643 2990 ethnicorum
1690 2952 1787 2990 seu
1837 2937 2123 3004 gentilium
2171 2951 2284 2988 ma-

720 3042 822 3082 nus
853 3028 1102 3081 maximis
1142 3027 1280 3082 nixa:
1336 3029 1828 3098 pollicitationibus
1889 3026 2229 3095 regnarent?
2263 3025 2282 3094 )

719 3134 1004 3173 successor
1048 3135 1201 3174 meus
1248 3122 1299 3173 in
1337 3137 1455 3175 eam
1492 3129 1577 3174 est
1618 3122 1838 3183 missus,
1871 3120 1962 3188 qui
1995 3121 2283 3186 episcopa-

2463 2587 2480 2619 ι
2517 2567 2733 2619 Τούτων
2763 2566 2816 2618 δέ
2843 2564 3014 2627 οὕτως
3038 2562 3294 2633 ἐχόντων,
3327 2558 3507 2627 κάμοῦ
3538 2561 3635 2628 τῆς
3666 2557 3970 2629 ἐκκλησίας

2385 2660 2927 2727 ύπαναχωρήσαντος
2959 2657 3098 2726 (πῶς
3132 2654 3241 2725 γάρ
3270 2655 3414 2722 οὐχὶ,
3447 2654 3581 2704 ὅπου
3621 2649 3969 2720 στρατιωτῶν

2387 2749 2562 2816 ἔφοδοι
2583 2789 2597 2811 ,
2622 2749 2754 2800 ὅπου
2779 2748 2948 2815 δῆμος
2977 2747 3107 2815 πρδς
3129 2743 3356 2808 ἀταξίαν
3380 2743 3766 2811 ἀργυρώνητος
3786 2781 3802 2805 ,
3828 2742 3968 2793 ὅπου

2387 2840 2693 2912 φιλοτιμίαι
2731 2841 3032 2909 χρημάτων
3081 2839 3178 2890 καὶ
3221 2835 3453 2889 ἐθνικῶν
3484 2834 3663 2904 πλήθη
3696 2833 3834 2902 μετὰ
3871 2847 3973 2902 με-

2381 2934 2584 3002 γίστων
2621 2929 3025 3000 ὑποσχέσεων;)
3063 2931 3338 2998 ἡμέτερος
3376 2927 3538 2994 δῆθεν
3571 2923 3970 2978 ἀποστέλλεται

2382 3029 2648 3095 διάδοχος,
2681 3025 2907 3094 χρυσίου
2942 3023 3044 3091 τὴν
3076 3021 3385 3090 ἐπισκοπὴν
3413 3019 3488 3081 ὡς
3520 3018 3736 3085 ἀξίωμα
3769 3031 3970 3085 κοσμι-

2383 3120 2478 3174 κδν
2523 3121 2889 3190 ἡγησάμενος,
2927 3114 3154 3176 Λούκιός
3205 3131 3308 3178 τις,
3339 3112 3506 3164 λύκου
3544 3111 3642 3181 τὴν
3691 3108 3969 3178 πονηρίαν

723 3223 832 3263 tum
887 3212 1056 3265 veluti
1115 3213 1401 3286 profanam
1453 3212 1781 3282 dignitatem
1836 3225 1971 3264 auro
2027 3210 2282 3272 redemit,

720 3303 924 3359 Lucius
968 3305 1211 3376 quidam,
1247 3287 1990 3376 1υρί(λύκου)ἰιηρῐοὶ)ἰιειίε
2034 3314 2088 3357 ct
2119 3304 2288 3355 actio-

722 3414 851 3459 num
905 3398 1206 3462 studiosus,
1250 3414 1356 3451 non
1406 3407 1554 3452 recte
1596 3398 1953 3452 sentientium
2001 3397 2288 3464 episeotto-

728 3504 848 3541 rum
867 3490 1121 3552 concilio,
1145 3504 1251 3543 non
1270 3489 1642 3560 legitimorum
1663 3505 2032 3556 verorutnque
2062 3489 2264 3540 clerico

726 3599 845 3636 rum
881 3585 1123 3646 calculis,
1158 3599 1268 3637 non
1313 3585 1498 3655 populi
1529 3584 1888 3654 ﬂagitatione,
1922 3583 2083 3637 sicuti
2117 3582 2293 3635 eccle-

726 3676 960 3729 siasticae
1012 3675 1632 3745 produntsanctiones,
1669 3676 1864 3729 lectus.
1908 3673 2151 3727 Aderant
2197 3687 2293 3725 au-

727 3779 833 3821 tent
874 3767 925 3822 ei
973 3767 1230 3837 (simplici
1277 3783 1513 3835 namque
1554 3775 1609 3821 et
1649 3767 1793 3821 facili
1829 3768 2055 3821 itttroitu
2098 3764 2289 3817 urbem

729 3859 934 3928 ingredi
972 3875 1079 3912 non
1114 3861 1308 3927 potuit)
1345 3875 1453 3912 non
1488 3859 1726 3929 episcopi
1769 3859 1976 3927 aliqui,
2023 3872 2129 3910 non
2165 3871 2291 3925 pre-

725 3950 955 4023 sbyteri,
995 3965 1102 4002 non
1152 3949 1395 4012 diaconi,
1443 3965 1552 4002 non
1606 3948 1789 4019 populi
1844 3957 2077 4001 caterva:
2117 3966 2130 4000 :
2182 3961 2289 3997 non

725 4061 848 4097 cum
883 4043 1132 4095 monachi
1167 4042 1394 4116 hymnos
1425 4050 1479 4094 et
1510 4041 1700 4094 laudes
1731 4055 1795 4093 ex
1827 4039 2131 4108 Scripturis
2161 4051 2293 4088 cou-

727 4136 972 4189 cittentes
1023 4135 1364 4206 produxere;
1405 4134 1500 4187 sed
1539 4132 1778 4187 Euzoitts
1829 4131 2007 4194 afluit,
2044 4131 2135 4198 qui
2187 4129 2290 4181 du-

728 4229 1018 4293 dum,cum
1043 4229 1304 4283 diaconus
1333 4237 1531 4280 nostra:
1561 4227 1720 4296 hujus
1750 4223 2092 4283 Alexandria:
2123 4233 2289 4283 esset.

729 4340 832 4378 una
868 4338 991 4375 cum
1022 4321 1152 4377 Ario
1198 4321 1254 4374 in
1283 4329 1471 4375 sancta
1515 4330 1569 4374 et
1605 4333 1797 4386 magna
1827 4318 2036 4388 synodo
2077 4317 2290 4381 Nicaate,

729 4415 922 4472 ordine
958 4427 1160 4476 motus,
1201 4413 1547 4482 presidenlia
1580 4427 1677 4466 sua
1713 4425 1858 4463 nunc
1892 4410 2291 4465 Antiochenam

732 4516 909 4560 vastat
960 4506 1279 4571 ecclesiam;
1336 4514 1390 4559 et
1445 4504 1887 4558 comitatensittm
1943 4503 2292 4572 largitionum

2390 3213 2486 3264 καὶ
2522 3212 2620 3273 τὰς
2652 3211 2878 3280 πράξεις
2920 3209 3065 3276 ἔχειν
3098 3203 3472 3266 ἐσπουδακὼς,
3512 3204 3611 3254 οὐκ
3648 3201 3970 3253 ἐπισκόπων

2393 3305 2689 3376 ὀρθοδόξαμν
2719 3303 2940 3371 συνόδῳ,
2965 3300 3025 3353 οὐ
3048 3300 3212 3368 ψήφῳ
3236 3297 3514 3366 κληρικῶν
3546 3293 3842 3364 ἀληθινῶν,
3867 3293 3972 3346 οὐκ

2394 3398 2609 3464 αἰτήσει
2650 3393 2812 3454 λαῶν,
2853 3392 2924 3453 ὠς
2963 3393 3010 3442 ot
3058 3389 3158 3457 τῆς
3202 3387 3528 3454 Ἐκκλησίας
3582 3383 3972 3451 διαγορεύουσι

2396 3489 2607 3557 θεσμοί.
2659 3486 2751 3555 Τῷ
2799 3485 2862 3553 δὴ
2889 3482 3113 3550 τοιούτῳ
3148 3481 3384 3547 συνῆσαν
3416 3477 3582 3546 (ἁπλῇ
3614 3479 3720 3544 γὰρ
3773 3473 3970 3542 εἰσόδῳ

2393 3580 2491 3648 τῆς
2526 3579 2731 3640 πόλεως
2758 3574 3063 3627 ἐπιϐαίνειν
3089 3574 3188 3624 ούκ
3222 3569 3478 3639 ἠδύνατο)
3512 3568 3611 3620 οὐκ
3650 3566 3969 3618 ἐπισκόπων

2393 3673 2559 3734 τινές,
2583 3671 2641 3722 ού
2673 3666 3083 3738 πρεσϐυτέρων,
3103 3666 3161 3715 ού
3193 3663 3481 3722 διακόνων,
3508 3661 3565 3712 οὐ
3591 3659 3737 3711 λαῶν
3762 3657 3967 3724 πλήθη,

2394 3767 2451 3817 οὖ
2489 3765 2732 3833 προῆγον
2777 3760 2962 3813 τοῦτον
3019 3757 3344 3828 μονάζοντες
3380 3755 3586 3822 ὕμνους
3625 3752 3688 3804 ἐκ
3733 3751 3973 3819 Γραφῶν

2395 3859 2816 3924 ἀναπέμποντες
2843 3870 2855 3883 ’
2894 3852 3008 3905 ἀλλ’
3059 3849 3294 3912 Εύζώῖος
3327 3841 3414 3915 ἦν,
3448 3847 3476 3897 6
3507 3844 3696 3913 πρώην
3740 3841 3838 3908 μὲν
3872 3841 3974 3891 σὺν

2408 3949 2602 4019 Ἀρείῳ
2660 3946 3028 4016 καθαιρεθεὶς,
3087 3943 3335 4000 διάκονος
3380 3939 3455 3990 ὢν
3506 3938 3605 4005 τῆς
3650 3934 3776 3988 καί⁹
3819 3934 3975 4000 ἡμᾶς

2404 4039 2817 4110 Ἀλεξανδρείας
2852 4040 2909 4091 ἐν
2939 4039 3005 4106 τῇ
3034 4035 3175 4086 κατὰ
3203 4033 3434 4085 Νίκαιαν
3471 4030 3600 4099 ἁγίᾳ
3630 4029 3724 4080 καὶ
3757 4025 3973 4094 μεγάλῃ

2399 4139 2621 4204 συνόδῳ,
2656 4135 2784 4202 ἄρτι
2831 4131 2888 4184 δὲ
2927 4129 3233 4202 προστασίᾳ
3271 4126 3369 4196 τὴν
3400 4121 3723 4190 Ἀντιοχέων
3770 4119 3974 4185 λυμαι-

2398 4232 2658 4295 νόμενοςξ
2703 4225 2796 4276 καὶ
2826 4225 2853 4275 ὁ
2885 4223 2994 4274 τῶν
3026 4223 3451 4290 κομητατησίων
3482 4216 3538 4268 δέ
3597 4210 3974 4282 λαργιτιώνων

2397 4325 2597 4389 κόμης.
2627 4315 2981 4385 στρατιωτῶν
3010 4313 3352 4379 ἐπαγόμενος
3389 4307 3601 4379 πληθὺν
3633 4306 3874 4373 ἄμετρον
3896 4341 3909 4364 ,
3947 4303 3977 4351 6

2397 4411 2454 4461 ἐν
2488 4411 2633 4479 πάσῃ
2662 4404 2885 4474 ἀσεϐείᾳ
2905 4405 2990 4455 ἀεὶ
3005 4399 3426 4470 γνωριζόμενος,
3459 4399 3678 4463 Μάγνος
3703 4391 3941 4458 τοῦνομα
3959 4405 3976 4419 ·

2397 4501 2451 4561 ὃς
2499 4500 2558 4550 ἐν
2620 4491 2906 4548 Ἰουλιανοῦ
2943 4494 3155 4561 καιροῖς
3202 4490 3299 4559 τὴν
3339 4486 3623 4555 Βηρυτίων
3673 4482 3978 4550 ἐκκλησίαν

730 4614 935 4661 comes.
978 4597 1072 4666 qui
1119 4611 1306 4651 secum
1348 4596 1672 4650 immensam
1720 4595 1952 4648 militum
1985 4594 2293 4647 multitudi-
2327 4592 2421 4670 οὲ

2286 4623 2293 4632 -
2327 4613 2371 4670 D
2399 4589 2713 4658 ἐμπρήσας,
2745 4585 3006 4638 Φοινίκων
3030 4583 3070 4633 δ’
3097 4581 3235 4650 αῦτη
3271 4579 3422 4640 πόλις
3451 4576 3745 4644 ἐπιφανὴς,
3775 4575 3834 4625 ἐν
3860 4574 3979 4633 τοῖς

734 4709 855 4746 neu.
893 4692 1143 4754 adduxit,
1176 4691 1326 4744 omni
1358 4703 1560 4759 genere
1594 4689 1891 4756 impietatis
1933 4701 2149 4747 semper
2185 4687 2298 4739 cla-

735 4800 864 4847 rus,
917 4783 1138 4837 nomine
1201 4782 1426 4848 Magnus
1467 4798 1480 4834 :
1524 4795 1647 4834 nam
1705 4779 1910 4833 Juliani
1964 4777 2301 4845 temporibus

733 4876 1016 4929 ecclesiam
1052 4874 1255 4943 Beryti,
1287 4888 1409 4942 quae
1445 4872 1739 4926 Phaeniciae
1772 4869 2000 4940 insignis
2029 4870 2159 4923 ttrbs
2192 4878 2299 4931 est,

738 4969 1015 5031 incendit,
1076 4983 1238 5036 quam
1300 4966 1402 5020 sub
1450 4964 1741 5020 Joviniano
1797 4964 1969 5016 beata:
2023 4961 2305 5014 memoriae

3955 4664 3980 4679 ρ

2407 4682 2498 4733 ἐπὶ
2530 4679 2625 4732 τοῦ
2651 4678 2748 4748 τῆς
2785 4674 3059 4746 μακαρίας
3101 4674 3320 4742 μνήμης
3352 4668 3615 4722 ἰοϐιανοῦ
3661 4665 3875 4736 χρόνοις
3920 4665 3982 4727 ἐξ

2408 4770 2626 4823 οἰκείων
2667 4769 2976 4837 ἀνορθῶσαι
3031 4766 3237 4833 ταύτην
3287 4759 3739 4832 κατηναγκάσθη,
3794 4757 3984 4817 ὀλίγου

2409 4867 2504 4919 καὶ
2535 4864 2634 4935 τὴν
2685 4863 2925 4933 κεφαλὴν
2961 4859 3213 4930 τμηθεὶς,
3249 4861 3299 4910 εί
3349 4858 3424 4926 μὴ
3457 4853 3867 4922 φιλανθρωπίας
3918 4851 3985 4900 ἐκ

2412 4960 2611 5028 πολλῆς
2648 4956 2990 5026 περιδρομῆς
3024 4954 3182 5021 ἐτυχε
3216 4949 3523 5019 βασιλικῆς.

739 5065 986 5134 principe
1013 5063 1294 5133 impendio
1329 5063 1445 5132 ipse
1479 5077 1578 5115 suo
1611 5061 1906 5116 restituere
1956 5067 2041 5112 est
2105 5067 2361 5122 coactus;
2403 5055 2585 5126 eapite
2643 5056 2807 5109 etiarn
2852 5067 3018 5125 prope
3058 5049 3275 5120 plexus,
3307 5045 3408 5100 nisi
3453 5040 3640 5098 multis
3672 5039 3985 5108 deprecan-

741 5160 885 5214 tibus
916 5159 1214 5226 imperator
1244 5154 1677 5211 bumanissimus
1707 5153 1754 5207 ei
1789 5153 2145 5221 pepercisset.

819 5275 836 5305 ‹
873 5253 1145 5308 Convenit
1191 5267 1322 5320 ergo
1365 5266 1430 5305 ex
1477 5251 1584 5304 isto
1633 5257 1874 5301 vestrum
1924 5248 2144 5316 pietatis
2192 5255 2309 5301 stu-

740 5352 914 5410 dium,
947 5348 1092 5416 quod
1127 5347 1191 5401 ad
1222 5335 1519 5400 vindictam
1552 5344 1820 5398 factorum
1856 5342 2081 5396 excitari
2113 5341 2302 5405 velim,

741 5443 1078 5502 existimare,
1110 5441 1294 5511 qualia
1336 5449 1392 5493 et
1430 5446 1633 5507 quanta
1666 5436 1719 5489 in
1742 5435 1949 5490 Christi
1981 5434 2304 5498 Ecclesiatn,

739 5552 806 5591 eo
840 5536 961 5603 ipso
1006 5549 1167 5602 quem
1211 5532 1456 5586 diximus
1497 5541 1727 5599 tyranno
1761 5527 1922 5582 nobis
1960 5527 2306 5592 imminente,

741 5628 1034 5682 commissa
1085 5627 1194 5679 sint
1237 5624 1459 5694 ﬂagitia.
1520 5622 1862 5690 Simula’tque
1910 5620 2080 5681 enim,
2136 5619 2229 5688 qui
2279 5635 2306 5672 a

741 5722 945 5789 pietate
992 5729 1175 5772 vestra
1220 5727 1276 5772 et
1315 5727 1464 5771 recte
1511 5716 1713 5784 ubique
1752 5713 2116 5767 sentientibus
2153 5712 2311 5766 Chri-

735 5812 937 5868 stianis
967 5823 1134 5882 atque
1169 5811 1442 5882 episcopis
1493 5809 1691 5877 saepius
1723 5817 1807 5864 est
1853 5808 2164 5869 damnatus,
2199 5805 2309 5860 Lu-

745 5905 865 5965 cius
896 5905 950 5961 in
985 5905 1177 5961 urbem
1221 5903 1384 5972 iustis
1430 5903 1497 5959 de
1540 5901 1720 5956 causis
1756 5898 1861 5955 sibi
1895 5898 2144 5954 infestam
2186 5912 2310 5965 pcr-

2490 5262 2507 5292 ι
2552 5237 3003 5304 Ἀναλογίσασθαι
3029 5232 3209 5283 τοίνυν
3248 5230 3309 5280 ἐκ
3351 5227 3543 5280 τούτου
3593 5225 3684 5277 τὸν
3716 5223 3989 5291 ὑμέτερον

2413 5335 2571 5404 ζῆλον
2612 5332 2899 5400 προσήκει,
2939 5327 2996 5379 ὃν
3049 5322 3388 5394 διεγερθῆναι
3435 5319 3572 5389 πρὸς
3602 5317 3843 5370 ἐκδικίαν
3877 5317 3989 5368 τῶν

2413 5426 2719 5495 γενομένων
2750 5418 3082 5490 παρακαλῶ,
3123 5411 3209 5467 οἷα
3237 5416 3329 5465 καὶ
3357 5412 3522 5481 ἡλίκα
3557 5412 3624 5463 τὰ
3664 5411 3990 5478 πλημμελη.

2413 5521 2571 5574 θέντα
2601 5515 2741 5568 κατὰ
2776 5514 2873 5581 τῆς
2927 5509 3164 5578 Χριστοῦ
3211 5505 3558 5568 Ἐκκλησίας,
3611 5499 3858 5553 τοιούτου
3889 5517 3990 5551 τυ-

2418 5617 2611 5684 ράννου
2649 5610 2742 5662 τοῦ
2778 5606 3178 5678 προειρημένου
3211 5597 3333 5654 καθ’
3365 5598 3526 5668 ἡμῶν
3555 5598 3990 5656 ἐπαναστάντος.

2415 5710 2569 5775 ’Ἅμα
2600 5707 2706 5774 γὰρ
2743 5707 2770 5757 6
2803 5705 2950 5771 παρὰ
2980 5701 3076 5767 τῆς
3110 5698 3377 5767 ὑμετέρας
3409 5689 3718 5752 θεοσεϐείας
3753 5689 3849 5740 καὶ
3877 5688 3991 5740 τῶν

2415 5799 2729 5869 ἁπανταχοῦ
2766 5797 3062 5868 ὀρθοδόξων
3090 5795 3187 5847 καὶ
3218 5792 3326 5844 τῶν
3375 5787 3691 5841 ἐπισκόπων
3721 5782 3991 5842 πολλάκις

2417 5892 2816 5959 ἀπαγορευθεὶς
2844 5890 3092 5952 Λούκιος,
3118 5890 3215 5952 τῆς
3246 5888 3380 5950 πρὸς
3407 5882 3567 5936 αὐτὸν
3593 5876 3844 5943 ἀπεχθῶς
3865 5874 3988 5930 δια-
