4288 6438
277 415 375 473 661

1199 406 1804 469 ECCLESIASTICE
1841 403 2229 466 HISTORIA!
2267 404 2414 463 LlB.
2458 404 2569 466 Χῐ.

280 531 560 594 κειμένης,
592 520 680 574 ιπ’
716 519 961 588 εὐλόγοις
989 522 1107 583 ταῖς
1147 518 1491 589 προφάσεσιν
1518 518 1727 587 ἐπέστη
1762 519 1859 571 πό·
1894 522 1938 578 Α

1902 522 1938 578 Δ
1968 517 2140 572 venit.
2175 516 2293 571 Non
2326 516 2471 570 enim
2504 517 2703 580 solum,
2733 522 2792 568 ut
2825 507 3045 567 infamis
3071 508 3161 563 ille
3199 504 3255 560 in
3297 503 3533 560 Psalmis

276 635 409 680 ιεως
430 634 443 647 ·
499 617 562 671 οὑ
594 617 703 687 γὰρ
725 616 802 685 (1)
838 614 1021 685 μόνον,
1048 614 1123 677 ὡς
1154 615 1184 668 ό
1214 612 1503 684 δύσφημος
1539 615 1597 668 ιν
1614 613 1865 683 Ψαλμοῖς

275 713 471 781 ἄφρων
504 711 677 777 λέγει,
736 710 851 762 Οὐκ
884 708 1003 761 ἐστι
1035 708 1168 771 Θεὸς
1214 708 1470 776 ἀληθινὸς
1519 710 1549 761 ό
1588 708 1827 777 Χριστὸς
1849 743 1865 769 ,

278 802 421 867 ἀλλὰ
452 800 549 854 καὶ
570 802 683 862 τοῖς
718 799 1121 869 ἐπιτηδεύμασι
1145 799 1407 869 διεφθάρη
1425 816 1437 830 ·
1460 798 1555 852 καὶ
1573 798 1866 867 διέφθειρε,

281 892 489 960 χαίρων
512 892 603 943 ἐπὶ
628 894 747 953 ταῖς
766 891 1140 960 βλασφημίαις
1166 894 1285 955 ταῖς
1324 890 1465 944 κατά
1498 889 1592 944 τοῦ
1616 890 1868 959 Σωτῆρος

278 983 674 1052 πεμπομέναις
715 984 870 1053 παρά
887 984 997 1037 τῶν
1016 988 1083 1055 τῇ
1110 985 1287 1038 κτίσει
1311 984 1683 1053 λατρευόντων
1716 985 1868 1056 παρά

274 1078 370 1129 τὸν
398 1079 664 1130 κτίσαντα
685 1095 701 1109 ·
732 1075 852 1140 πῶς
883 1079 992 1149 γάρ
1020 1077 1163 1147 οὐχὶ,
1208 1076 1341 1130 ὅπου
1394 1093 1458 1144 γε
1484 1077 1868 1146 παραπλήσιον

278 1169 550 1238 Ἕλλησιν
578 1168 721 1238 έχων
753 1171 815 1222 τὸ
845 1171 1125 1240 φρόνημα,
1152 1169 1452 1238 προσφάτῳ
1485 1168 1660 1241 τολμᾷ
1700 1170 1727 1221 ό
1749 1168 1868 1221 άλι-

278 1263 476 1331 τήριος
526 1262 712 1316 σέϐειν
752 1262 906 1331 Θεῷς
951 1261 1069 1315 Ἐπ’
1098 1262 1257 1331 δψεσι
1294 1265 1403 1331 γάρ
1444 1261 1610 1315 αὑτοῦ
1642 1260 1869 1322 τούτους

278 1356 411 1417 τοὺς
461 1355 719 1417 ἐπαίνους
757 1354 1040 1424 ἔπεμπονο
1089 1355 1282 1418 Καλῶς
1332 1352 1518 1425 ἦλθες,
1568 1356 1867 1421 ιπίσκοπε,

279 1448 413 1502 Υἰδν
442 1449 518 1517 μὴ
555 1449 750 1515 λέγων.
797 1451 856 1504 Ὀ
892 1450 1136 1514 Σαράπις
1164 1464 1224 1503 σε
1254 1449 1425 1517 φιλῶν
1457 1450 1765 1515 εἰσήνεγκε,
1811 1448 1871 1502 τὸ

281 1542 519 1611 πάτριον
564 1542 782 1594 εῖδωλον
837 1541 1052 1598 ἑαυτῶν
1096 1540 1476 1611 ὀνομάζοντες.
1510 1540 1720 1592 Αὐτίκα
1762 1538 1871 1609 γὰρ

281 1633 734 1702 ροπῆςούδεμιᾶς
751 1632 1152 1703 παρελθούσης,
1169 1635 1198 1686 ό
1217 1633 1610 1702 προειρημένος
1624 1632 1869 1698 Μάγνος,

279 1729 310 1778 ό
335 1726 438 1794 τῆς
461 1725 720 1788 ἀσεϐείας
754 1724 907 1793 αὑτῷ
936 1724 1193 1787 κοινωνὸς
1224 1723 1557 1793 ἀδιαίρετος,
1596 1724 1691 1776 καὶ
1719 1724 1874 1795 δορυ-

280 1820 452 1885 φόρος
480 1818 678 1883 πικρὸς
715 1819 809 1870 καὶ
848 1818 1141 1885 σατράπης
1170 1815 1477 1885 ὠμότατος,
1500 1814 1872 1883 συναθροίσας

283 1910 389 1961 καὶ
403 1907 474 1960 τὰ
490 1909 597 1960 ὑπὸ
617 1909 718 1977 τὴν
749 1908 946 1961 ἑαυτοῦ
973 1906 1232 1977 φροντίδα
1247 1907 1652 1975 ὲπανακείμενα
1668 1905 1874 1973 πλήθη.

282 1998 699 2065 πρεσϐυτέρους
728 1982 842 2051 καὶ
893 1997 1173 2059 διακόνους
1217 1997 1308 2051 τὸν
1329 1996 1562 2067 άριθμδν
1592 1996 1877 2050 ἐννεακαί-

279 2084 419 2137 δεκα
461 2084 867 2153 συλλαϐόμενος
895 2126 911 2146 ,
941 2077 1017 2138 ῶν
1046 2102 1193 2149 τινες
1222 2084 1282 2138 τὸ
1318 2084 1673 2155 ὀγδοηκοστὸν
1708 2087 1877 2157 ὑπερ-

283 2173 591 2244 ϐεϐήκασιν
648 2175 791 2240 ἔτος,
844 2174 919 2236 ὠς
966 2176 1197 2240 ἁλόντας
1231 2176 1323 2229 ἐπὶ
1363 2176 1597 2248 μυσαρῷ
1632 2195 1735 2230 τινι
1783 2180 1878 2231 καὶ

285 2265 439 2332 νόμῳ
509 2264 800 2333 Ῥωμαίων
854 2265 1054 2335 ἐχθρῷ,
1110 2266 1368 2337 δημόσιον
1432 2270 1621 2336 ὁρίσας
1683 2271 1876 2339 κριτή-

286 2374 408 2424 ριον
437 2357 855 2428 κατηνάγκαζεν
884 2359 1007 2425 (οὐκ
1033 2359 1188 2421 είδὼς
1215 2361 1341 2423 τοὺς
1365 2361 1506 2431 ὑπὲρ
1536 2362 1634 2430 τῆς
1674 2362 1875 2431 ἀρετῆς

284 2445 638 2513 Χριστιανῶν
671 2446 893 2516 νόμους)
919 2448 1018 2515 τὴν
1044 2450 1303 2519 πατρῴαν
1332 2451 1482 2519 παρά
1506 2451 1612 2502 τῶν
1641 2453 1876 2504 ἀποστό-

293 2536 407 2587 λων
444 2537 532 2589 διά
562 2537 670 2590 τῶν
707 2538 968 2607 Πατέρων
1000 2539 1364 2594 ἀποδοθεῖσαν
1398 2544 1527 2612 ἡμῖν
1562 2545 1876 2611 προδιδόναι

287 2626 477 2679 πίστιν
498 2642 514 2657 °
553 2628 816 2696 ἡδόμενον
848 2629 941 2681 ἐπὶ
972 2629 1147 2698 τούτῳ
1183 2632 1387 2684 καὶτὸν
1419 2633 1876 2703 φιλανθρωπότα-

286 2733 384 2767 τον
406 2715 722 2784 Δῦγουστον
744 2721 1023 2774 Οὐάλεντα
1060 2723 1529 2791 διισχυριζόμενος
1548 2742 1559 2754 '
1586 2727 1876 2795 Πείσοητε,

284 2808 542 2872 τάλανες,
577 2810 754 2878 λέγων
789 2812 1004 2882 μεγάλῃ
1034 2815 1097 2882 τῇ
1131 2816 1307 2882 φωνῇ,
1334 2813 1413 2883 τῷ
1447 2815 1553 2867 τῶν
1584 2816 1877 2885 ’Δρειανῶν

288 2908 628 2971 φρονήματι,
668 2904 963 2973 πείσθητε’
1007 2908 1460 2976 συγγνωμονήσει
1496 2909 1605 2978 γάρ
1660 2912 1785 2979 ὑμῖν
1818 2912 1877 2963 τὸ

287 2992 467 3057 Θεῖον,
503 2994 607 3045 κᾶν
634 2994 810 3064 άληθῆ
836 2995 1029 3065 σέϐητε
1060 2995 1381 3065 θρησκείαν,
1414 3001 1511 3051 οὐκ
1539 3000 1878 3071 αὐθαιρέτως

288 3086 429 3138 ἀλλά
484 3085 622 3155 πρὸς
676 3088 926 3155 ἀνάγκην
971 3086 1127 3140 τοῦτο
1180 3088 1437 3159 πράξασι.
1492 3091 1570 3161 Τῇ
1631 3094 1729 3161 μὲν
1771 3096 1875 3164 γὰρ

288 3177 507 3247 ἀνάγκη
562 3168 827 3244 ἀπολογία
879 3176 1296 3247 περιλείπεται’
1328 3180 1406 3249 τῷ
1461 3180 1518 3234 δὲ
1566 3183 1874 3253 αὐθαιρέτῳ

288 3269 584 3321 ἀκολουθεῖ
628 3268 934 3338 κατηγορία
960 3286 973 3299 ·
1017 3269 1095 3321 διὸ
1127 3269 1398 3332 τοιούτους
1432 3273 1727 3343 λογισμοὺς
1766 3276 1872 3345 πρὸ

285 3360 585 3429 ὀφθαλμῶν
644 3360 942 3429 τιθέμενοι,
1004 3362 1170 3430 ἥκετε
1226 3364 1500 3432 πρόθυμοι
1565 3366 1873 3437 μελλησμδν

285 3454 623 3522 ἀποθέμενοι
642 3454 844 3515 πάντα,
862 3454 1172 3523 τῷἈρείου
1195 3457 1603 3526 ὑπογράφοντες
1619 3460 1868 3528 δόγματι,

286 3542 318 3593 δ
355 3543 449 3594 νῦν
480 3542 741 3612 κηρύττει
771 3542 1033 3611 ὀνομαστὶ
1063 3544 1291 3604 Λούκιος
1324 3544 1500 3613 λέγων
1528 3561 1542 3576 ο
1578 3545 1634 3600 εὖ
1671 3549 1872 3614 ειδότες

284 3634 364 3696 ὡς
416 3634 851 3704 πειθαρχοῦντες
874 3673 887 3698 ,
921 3636 1183 3705 χρήματα
1216 3638 1308 3687 καὶ
1340 3636 1539 3706 πόρους
1574 3640 1669 3691 καὶ
1706 3641 1873 3708 γέρας

286 3727 444 3795 παρά
477 3726 742 3794 βασιλέως
762 3726 935 3790 ἕξετε·
958 3725 1385 3796 ἀπαναινόμενοι
1415 3728 1493 3792 δὲ,
1520 3728 1751 3800 εἱρκτῆς
1782 3733 1874 3783 καὶ

290 3820 610 3891 στρεϐλῶν,
649 3822 743 3872 καὶ
778 3819 1050 3889 βασάνων,
1101 3827 1195 3874 καὶ
1244 3822 1548 3890 μαστίγων,
1580 3826 1674 3876 καὶ
1705 3824 1877 3893 δαμα-

288 3913 535 3983 στηρίων
567 3916 765 3982 πεῖραν
794 3911 1034 3982 λήψεσθε
1057 3928 1072 3944 ο
1108 3915 1409 3981 χρημάτων
1453 3914 1589 3983 ὁμοῦ
1613 3916 1708 3968 καὶ
1739 3932 1876 3986 κτη.

289 4006 481 4074 μάτων
506 4004 877 4074 στερηθέντες,
898 4007 992 4057 καὶ
1014 4004 1114 4074 τῆς
1134 4004 1392 4074 πατρίδος
1417 4008 1874 4074 μεταναστάντες,

284 4082 367 4158 Et;
394 4093 671 4165 χαλεποὺς
709 4094 929 4162 οἰκῆσαι
967 4094 1166 4157 τόπους
1193 4094 1694 4168 κμτακριθήσεσθε.
1733 4096 1876 4150 ’Δ).λ’

286 4182 444 4251 οὗτος
481 4189 579 4257 μὲν
609 4190 635 4239 ό
668 4189 938 4254 γενναῖος,
971 4185 1163 4258 ἀγάπῃ
1204 4186 1301 4256 τὴν
1334 4186 1567 4256 ἀπειλὴν
1596 4190 1840 4259 κεράσας
1860 4232 1875 4255 ,

288 4280 712 4349 μεταναστῆσαι
756 4278 854 4346 τῆς
886 4276 1146 4338 εὐσεϐοῦς
1186 4278 1315 4340 τοὺς
1355 4280 1560 4343 πάντας
1593 4280 1683 4332 καὶ
1712 4281 1882 4350 πρού-

284 4374 520 4440 τρέπετο
546 4371 639 4423 καὶ
670 4369 1063 4437 κατηνάγκαζε
1102 4369 1330 4438 γνώμης
1352 4387 1365 4400 ο
1398 4370 1448 4421 οῖ
1468 4369 1523 4421 δὲ
1554 4372 1878 4440 πικρότερον

285 4464 529 4534 βασάνου
564 4463 743 4526 πάσης
783 4463 881 4529 τὴν
911 4463 987 4523 είς
1023 4460 1312 4513 εὐσέϐειαν
1336 4460 1633 4528 προδοσὶαν
1664 4465 1877 4532 ήγησάυ

288 4571 447 4623 μενοι
482 4554 621 4623 (ἔχει
659 4554 768 4621 γάρ
796 4550 987 4618 οὕτω),
1026 4551 1257 4604 τοιοῖσδε
1283 4552 1421 4621 πρὸς
1443 4551 1607 4604 αὐτὸν
1634 4555 1877 4618 ἀνάγκα·
1909 4541 1953 4592 Ῑ)

282 4646 514 4713 ξομενοι
540 4645 869 4714 ἀπήντησαν
892 4646 1155 4713 ῥήμασιν,
1188 4643 1356 4712 ἀρετῇ
1380 4644 1475 4695 καὶ
1496 4645 1727 4713 γενναίῳ
1751 4662 1879 4716 φρο-

282 4736 493 4802 νήματι
522 4733 658 4801 όροῦ
689 4734 788 4804 τὴν
817 4735 1035 4801 ἀπάτην
1074 4737 1167 4786 καὶ
1192 4734 1291 4796 τάς
1323 4734 1550 4796 ἀπειλὰς
1577 4737 1878 4800 ὑποτάξαν-

279 4840 414 4885 τες·
450 4823 709 4875 Πέπαυσο
761 4822 971 4884 λοιπὸν,
1028 4821 1279 4873 πέπαυσο
1327 4822 1535 4883 τούτοις
1582 4824 1726 4893 ἡμᾶς
1791 4826 1880 4876 έκ-

284 4913 475 4981 φοϐῶν
503 4915 617 4973 τοῖς
642 4913 910 4981 ῥήμασιν’
942 4909 1106 4979 ἔπεχε
1136 4912 1318 4962 εἰκαῖα
1349 4912 1646 4979 προφέρειν
1676 4915 1879 4980 ἐπιχει-

288 5010 540 5079 ρήματα.
586 5005 777 5073 Ἡμεῖς
820 5004 929 5073 γὰρ
973 5002 1096 5055 οὐτε
1145 5003 1345 5070 νέηλυν
1396 5003 1519 5055 οὐτε
1563 5004 1879 5074 πρόσφατον

286 5104 543 5161 σέϐοντες
581 5100 735 5163 Θεὸν,
782 5097 883 5150 κᾶν
937 5096 1246 5167 ἐπαφρίζῃς
1308 5096 1590 5166 κυμαίνων
1631 5096 1754 5165 είκῆ
1786 5099 1880 5151 καὶ

285 5196 651 5265 προσρήσσῃ;
701 5192 777 5253 ὡς
803 5189 980 5259 βίαιος
1012 5189 1234 5257 άνεμοξ,
1276 5189 1371 5255 τῆς
1414 5189 1696 5251 εὐσεϐείας
1752 5190 1876 5259 ἄχρι

285 5288 526 5341 θανάτου
573 5283 1047 5353 ἐμπολιτευόμεθα
1079 5283 1342 5351 δόγμασιν
1375 5300 1387 5310 ·
1423 5281 1524 5333 οὐκ
1560 5280 1833 5349 άδὺναμον
1857 5324 1873 5348 ,

285 5384 390 5434 οὐκ
423 5382 649 5446 ἄσοφον,
677 5379 737 5430 οὐ
773 5378 943 5446 χωρὶς
964 5375 1224 5445 ἀληθείας
1256 5374 1474 5427 πώποτε
1504 5375 1875 5442 φρονήσαντες

278 5478 419 5529 θεόν
445 5492 458 5506 ’
504 5475 565 5525 οὐ
620 5473 749 5525 ποτὲ
785 5474 885 5541 μὲν
935 5470 1064 5524 ὄντα
1098 5470 1336 5540 Πατέρα,
1369 5470 1495 5522 ποτὲ
1525 5470 1578 5521 δὲ
1618 5470 1691 5539 μὴ
1722 5470 1871 5533 ὄντα,

287 5566 433 5629 κατᾲ
456 5565 548 5615 τὸν
576 5562 816 5631 δυσσεϐῆ
838 5561 1029 5613 τοῦτον
1050 5560 1236 5630 Ἄρειοι
1253 5562 1345 5622 .bv,
1376 5558 1626 5629 χρονικόν
1651 5559 1683 5629 ἢ
1707 5561 1874 5627 πρόσ-

286 5672 484 5726 καιρον
547 5652 864 5717 δοξάζοντες
918 5652 1009 5703 τὸν
1045 5651 1191 5705 Υίόν.
1225 5652 1286 5703 El
1317 5652 1423 5720 γὰρ
1472 5650 1680 5721 κτίσμα
1731 5651 1875 5704 κατὰ

282 5754 415 5811 τούς
450 5746 879 5818 ,Λρειομανίτας
902 5747 929 5798 ὁ
965 5744 1116 5811 Υίὸς,
1154 5744 1252 5814 οὐχ
1284 5744 1545 5815 ὑπάρχων
1575 5742 1749 5813 Πατρ)⁸
1794 5745 1873 5808 είς

282 5848 346 5897 τὸ
397 5837 536 5897 εἶναι
578 5841 948 5906 συστήσεται,
978 5838 1073 5895 καὶ
1110 5839 1138 5892 ό
1194 5837 1381 5909 Πατὴρ
1416 5836 1514 5909 οὐχ
1562 5837 1872 5908 ὑφεστῶτος

1970 608 2259 678 insipiens,
2291 609 2425 663 dicit
2454 628 2467 665 :
2497 609 2614 664 Non
2646 617 2732 663 est
2764 606 2907 660 Deus
2939 618 3103 660 verus
3132 600 3407 661 Christus,
3437 595 3533 651 sed

1969 702 2134 755 etiam
2177 702 2375 756 studiis
2419 702 2536 756 suis
2574 712 2631 756 et
2667 702 2782 770 ipse
2827 707 3121 766 corruptus
3160 704 3267 761 est,
3299 698 3356 747 et
3402 687 3540 743 alios

1969 790 2254 859 corrupit;
2309 790 2662 860 blasphemiis
2695 805 2816 860 quae
2869 788 2924 842 in
2972 786 3320 841 Servatorem
3355 778 3423 833 ab
3455 775 3539 831 eis

1970 882 2352 947 ell‘unduutur,
2414 884 2507 952 qui
2570 896 2881 937 creaturam
2949 877 3229 949 praeterito
3279 874 3539 929 Creatore

1969 977 2181 1038 colunt,
2214 975 2481 1044 gaudens.
2516 974 2717 1040 Quidni
2769 982 2953 1027 autem
3000 971 3106 1023 hoc
3147 968 3373 1026 faceret,
3412 980 3540 1019 cum

1972 1064 2319 1118 consimilem
2355 1081 2477 1118 cum
2510 1063 2716 1118 Graecis
2752 1063 3010 1117 obtinens
3051 1072 3300 1118 sensum.
3332 1054 3541 1111 cultum

1971 1152 2174 1208 audeat
2226 1154 2491 1208 exhibere
2543 1168 2737 1207 recens
2784 1150 3132 1222 promulgata
3179 1146 3324 1214 Deo,
3376 1146 3543 1200 homo

1972 1245 2508 1315 pestilentissimus?
2542 1245 2675 1298 Nam
2709 1247 2761 1299 in
2794 1247 2968 1314 ipsius
2996 1250 3295 1311 conspectu
3328 1240 3543 1309 eiusce-

1970 1336 2120 1390 modi
2168 1336 2471 1391 decantata:
2500 1346 2628 1391 sunt
2658 1337 2847 1391 laudes
2882 1352 2895 1388 :
2930 1334 3090 1405 159
3120 1333 3417 1402 Auspicato
3444 1329 3544 1383 ad-

1973 1427 2199 1490 venisti,
2233 1430 2513 1498 episcOpe,
2542 1429 2635 1497 qui
2661 1428 2854 1481 Filium
2877 1442 2985 1480 non
3015 1427 3187 1480 dicas.
3216 1423 3440 1492 Serapis
3468 1430 3544 1485 te,

1974 1519 2064 1572 cui
2113 1518 2313 1573 charus
2367 1534 2448 1582 es,
2486 1519 2720 1574 adduxit
2756 1536 2770 1572 :
2804 1518 2988 1589 patrio
3034 1520 3112 1572 sic
3159 1531 3351 1570 eorum
3401 1513 3547 1567 idolo

1977 1611 2283 1666 nominato.
2315 1611 2616 1667 Confestim
2653 1620 2935 1666 momento
2970 1610 3121 1664 nullo
3154 1607 3547 1679 praetermisso,

1975 1701 2023 1757 is
2050 1717 2213 1772 quem
2247 1702 2490 1758 diximus
2522 1703 2770 1773 Magnus,
2803 1702 3294 1774 coniunctissimus
3331 1700 3409 1755 illi
3443 1700 3547 1753 im-

1975 1793 2199 1861 pietatis
2254 1794 2477 1859 socius,
2525 1807 2582 1849 et
2628 1796 2849 1850 satelles
2898 1794 3325 1857 acerbissimus,
3378 1802 3552 1847 satra-

1978 1900 2186 1955 pesque
2221 1886 2663 1951 crudelissimus,
2696 1887 2948 1943 collectis
2981 1902 3101 1956 qua:
3138 1888 3239 1942 sub
3272 1888 3391 1958 ejus
3420 1898 3550 1940 cura

1979 1986 2109 2031 sunt
2157 1976 2504 2042 cohortibus,
2545 1977 2899 2049 presbyteros
2948 1987 3003 2034 et
3050 1977 3315 2033 diaconos
3359 1976 3550 2029 decem

1978 2076 2032 2120 et
2079 2081 2275 2120 novem
2328 2069 2773 2137 comprehendit,
2815 2084 3046 2138 quorum
3098 2067 3349 2123 nonnulli
3398 2075 3554 2120 octo-

1978 2156 2249 2227 gesimum
2290 2174 2581 2213 excessere
2621 2175 2852 2213 annum.
2903 2162 3083 2229 Atque
3122 2173 3216 2213 eos
3253 2172 3361 2211 non
3393 2156 3554 2209 aliter

1980 2259 2141 2315 atque
2176 2250 2225 2300 in
2257 2249 2626 2302 abominando
2668 2250 2925 2318 quapiam
2959 2261 3013 2304 et
3042 2249 3256 2318 legibus
3289 2245 3555 2302 Romanis

1983 2341 2217 2394 adverso
2262 2340 2473 2395 scelere
2518 2350 2735 2409 captos,
2780 2340 3000 2410 publico
3042 2342 3293 2394 instituto
3319 2339 3552 2411 judicio,

1979 2445 2175 2500 cogere
2205 2431 2667 2501 (Christ?anorum
2715 2432 2938 2486 virtutis
2973 2433 3118 2503 leges
3156 2433 3459 2503 ignorans).
3498 2440 3557 2484 ut

1978 2524 2211 2593 patriam
2264 2524 2332 2577 ab
2374 2524 2640 2593 apostolis
2684 2540 2781 2594 per
2826 2526 3049 2579 Patrum
3096 2526 3423 2579 traditiones
3467 2540 3559 2577 ac-

1979 2623 2196 2686 ceptam
2251 2616 2413 2670 fidem
2466 2621 2784 2685 proderent,
2826 2605 3063 2672 conatus
3099 2625 3205 2672 est.
3263 2618 3448 2687 anue
3498 2633 3556 2671 re

1980 2710 2312 2764 delectatum
2349 2709 2417 2763 iri
2449 2710 2908 2763 humanissimum
2938 2710 3554 2781 Valentem'AugusIum

1979 2800 2330 2855 continuavit
2380 2820 2394 2855 :
2442 2800 2781 2870 Sequimini,
2830 2818 2862 2855 o
2914 2804 3136 2868 miseri,
3186 2819 3375 2874 magna
3425 2817 3557 2858 voce

1980 2894 2194 2957 dicens,
2234 2895 2567 2949 Arianorum
2622 2896 2996 2955 sententiam;
3047 2896 3365 2966 sequimini,
3402 2906 3457 2950 et
3502 2894 3558 2951 id

1980 2986 2304 3057 persuaderi
2353 2984 2511 3041 vobis
2566 2988 2845 3057 patimini.
2898 2988 3149 3058 ignoscet
3202 2988 3349 3042 enim
3397 2988 3559 3043 vobis

1981 3080 2146 3143 Deus,
2182 3078 2402 3133 etiamsi
2454 3094 2637 3132 veram
2692 3080 2876 3133 colitis
2927 3080 3273 3149 religionem,
3311 3081 3404 3149 qui
3443 3096 3557 3134 non

1902 3192 1945 3248 ο
1979 3171 2214 3223 arbitrio
2245 3170 2297 3223 id
2334 3180 2537 3235 vestro,
2568 3169 2665 3224 sed
2698 3171 3028 3225 necessitate
3059 3172 3283 3226 adducti
3320 3170 3555 3228 faciatis.

1976 3263 2301 3318 Necessitati
2354 3280 2592 3332 namque
2626 3279 2723 3318 sua
2763 3264 2972 3333 reliqua
3009 3274 3094 3319 est
3125 3265 3377 3319 defensio
3410 3284 3423 3319 :
3460 3279 3557 3319 vo-

1975 3356 2186 3410 luntate
2227 3365 2413 3409 autem
2454 3372 2551 3410 sua
2595 3355 2850 3409 consulto
2900 3357 3203 3425 quidquam
3255 3356 3549 3411 facientem

1976 3449 2187 3501 crimen
2229 3456 2286 3502 et
2332 3449 2612 3502 accusatio
2652 3452 3033 3518 consequitur.
3081 3449 3425 3519 Quapropter
3462 3465 3549 3504 ra-

1977 3539 2153 3595 tiones
2168 3540 2433 3611 ejusmodi
2453 3541 2523 3594 ob
2541 3541 2727 3595 oculos
2746 3540 2899 3595 vobis
2919 3551 3206 3610 ponentes,
3229 3542 3373 3595 nulla
3396 3558 3549 3597 mora

1977 3632 2323 3701 interposita,
2352 3633 2647 3702 propensis
2677 3634 2877 3687 animis
2909 3633 2975 3687 ad
3009 3642 3193 3703 partes
3228 3634 3393 3689 hasce
3423 3649 3553 3689 cou-

1976 3729 2174 3794 cedite,
2207 3738 2261 3783 et
2297 3729 2500 3784 Ariano
2534 3729 2776 3799 dogmati
2813 3730 3169 3795 subscribite,
3213 3720 3360 3800 quod
3404 3745 3554 3786 nunc

1979 3821 2310 3874 nominatim
2344 3820 2552 3874 Lucius
2587 3821 2849 3889 praedicat
2882 3837 2896 3874 :
2931 3820 3065 3875 illud
3100 3836 3418 3889 persuasum
3452 3820 3555 3874 ba-

1980 3912 2196 3977 bentes,
2227 3915 2271 3967 si
2309 3913 2457 3967 dicto
2494 3915 2761 3983 principis
2798 3916 3089 3969 audientes
3116 3913 3351 3975 fueritis.
3389 3928 3554 3981 pecu-

1979 4004 2121 4062 nias.
2154 4019 2287 4073 opes
2318 4013 2372 4057 et
2409 4004 2647 4057 honores
2682 4006 2994 4073 accipietis;
3035 4007 3116 4058 sin
3173 4018 3362 4059 contra
3405 4008 3549 4059 nite-

1980 4094 2153 4157 mini,
2203 4108 2513 4158 carcerem,
2571 4094 2850 4157 fidiculas,
2899 4104 3207 4161 tormenta,
3255 4094 3454 4163 ﬂagra,
3497 4104 3555 4149 et

1978 4184 2326 4238 coercionetn
2364 4186 2763 4253 experiemini;
2810 4193 2866 4239 et
2911 4201 3036 4240 cum
3085 4187 3339 4256 pecuniis
3385 4188 3549 4241 simul

1980 4287 2033 4328 et
2085 4275 2531 4344 possessionibus
2579 4276 2821 4339 multati,
2869 4287 2980 4332 tum
3029 4279 3207 4347 patria
3255 4280 3440 4349 eiecti,
3483 4281 3553 4334 ad

1981 4367 2096 4419 loca
2150 4367 2286 4420 dura
2342 4374 2398 4421 et
2447 4368 2633 4436 gravia
2685 4364 2978 4423 incolenda
3029 4371 3551 4428 condetnnabimini.

1981 4459 2060 4512 Ita
2106 4459 2327 4528 quidem
2368 4475 2667 4529 generosus
2702 4461 2771 4528 (si
2822 4462 2934 4516 Deo
2970 4462 3168 4531 placet)
3217 4464 3334 4528 vir,
3374 4464 3554 4518 minas

1982 4552 2250 4606 charitale
2294 4560 2626 4621 temperans.
2658 4554 3043 4608 cohortatione
3082 4555 3246 4608 simul
3282 4563 3337 4609 et
3365 4570 3554 4611 neces-

1982 4646 2161 4709 sitate,
2204 4661 2235 4699 a
2292 4646 2377 4715 pja
2431 4647 2703 4699 sententia
2752 4661 2944 4700 omnes
2995 4648 3265 4702 abducere
3313 4649 3550 4704 volebat.

1982 4740 2049 4792 At
2100 4739 2173 4791 illi
2220 4738 2555 4792 cruciatibus
2606 4739 2864 4793 omnibus
2912 4740 3131 4809 pietatis
3177 4741 3547 4810 proditionem

1983 4832 2327 4887 acerbiorem
2378 4847 2497 4884 esse
2551 4842 2825 4899 putantes,
2870 4840 2931 4886 et
2979 4842 3126 4887 recte
3180 4834 3401 4903 quidem
3449 4836 3550 4902 (sic

1982 4921 2129 4973 enim
2162 4935 2245 4973 res
2276 4920 2489 4982 habet),
2518 4920 2895 4987 hujuscemodi
2924 4922 2973 4974 ei
3002 4923 3180 4975 verbis
3210 4925 3545 4985 necessario,

1982 5012 2186 5063 virtute
2218 5019 2272 5062 et
2307 5010 2493 5062 animo
2525 5010 2804 5079 praesenti,
2840 5009 3067 5064 insidias
3098 5012 3257 5065 simul
3288 5022 3342 5066 et
3373 5014 3548 5067 minas

1979 5102 2099 5169 ejus
2151 5101 2500 5166 refellentes,
2555 5099 2773 5152 obviam
2832 5102 2998 5155 iere:
3039 5102 3239 5157 Desine
3290 5104 3543 5167 tandem,

1981 5193 2167 5246 desine
2200 5192 2399 5246 talibus
2431 5206 2531 5246 nos
2564 5199 2773 5246 terrere
2804 5192 3026 5248 verbis:
3074 5195 3375 5249 intermitte
3407 5213 3545 5251 vana

1978 5289 2175 5340 all’erre
2196 5287 2597 5355 epicheren:ala
2623 5296 2678 5339 et
2703 5286 3107 5355 aggressiones.
3137 5288 3244 5342 Nos
3272 5290 3542 5359 siquidem

1980 5395 2157 5446 neque
2210 5392 2482 5447 nuperum
2532 5392 2712 5445 neque
2758 5377 3027 5433 novitium
3065 5382 3310 5435 colentes
3348 5382 3544 5447 Deum,

1979 5471 2232 5541 quamvis
2268 5469 2529 5524 ﬂuctibus
2564 5468 2767 5525 frustra
2805 5479 3117 5527 tumescens
3150 5472 3463 5541 despumes,
3491 5482 3547 5528 et

1981 5576 2239 5630 tanquam
2279 5561 2553 5615 violentus
2594 5572 2793 5616 ventus
2828 5563 3139 5627 incumbas,
3177 5565 3336 5635 160
3364 5569 3542 5619 tamen

1977 5656 2044 5710 ad
2102 5666 2333 5708 mortem
2387 5668 2561 5723 usque
2615 5653 2672 5706 in
2721 5669 2863 5708 verte
2916 5654 3138 5723 pietatis
3195 5654 3546 5725 dogmatibus

1979 5746 2406 5818 perdurabimus
2444 5762 2458 5798 :
2496 5760 2606 5799 non
2655 5745 2980 5811 invalidum,
3022 5761 3130 5801 non
3170 5746 3542 5817 insipientem,

1980 5854 2088 5894 non
2120 5854 2148 5891 a
2180 5836 2411 5892 veritate
2442 5835 2751 5906 seiunctum
2783 5835 3072 5894 credentes
3108 5845 3271 5909 atque
3299 5837 3544 5896 colentes
