4288 6438
727 456 831 513 6623

1926 446 2347 507 NlCEPilORl
2382 448 2722 507 CALLISTI

3865 436 3969 498 664

731 577 934 629 Deum;
987 580 1166 633 neque
1214 563 1309 633 qui
1363 561 1662 632 aliquando
1707 561 1931 631 quidem
1979 561 2147 615 fuerit
2190 559 2294 614 Pa-
2324 569 2424 622 Ατ

2273 587 2294 598 -
2324 569 2367 622 Α
2394 562 2487 614 τοῦ
2542 560 2693 622 Υίοῦ,
2739 559 2839 612 οὑκ
2878 557 2953 610 ὢν
2985 573 3116 610 ποτε
3150 555 3272 612 κατ’
3322 555 3519 618 αὑτοὺς
3565 553 3774 623 Πατήρ.
3814 551 3966 605 lii-6‘s

729 675 862 716 irent
900 657 1000 728 (l),
1034 657 1330 727 aliquando
1379 665 1561 709 autem
1606 669 1714 707 non
1763 653 1951 715 fuerit,
1978 654 2132 720 juxta
2181 652 2287 705 im-

725 754 874 822 pimn
929 752 1076 804 hunc
1123 748 1411 812 Arianum,
1451 747 1804 816 temporalem
1845 755 1938 800 aut
1982 754 2289 800 momenta-

726 861 886 899 noum
919 847 1208 912 cpinantes
1241 840 1458 895 Filium.
1484 839 1618 892 Nam
1650 838 1718 902 si,
1744 846 1803 891 ut
1830 836 2077 891 furentes
2101 835 2290 890 Ariani

728 937 937 997 mittat,
984 942 1240 989 creatura
1293 941 1374 986 est
1427 931 1625 993 Filius,
1672 945 1780 984 non
1826 930 2095 984 exsistens
2143 912 2290 984 Patri

724 1025 1559 1097 beneﬁcio;consubstantialis,
1585 1040 1651 1078 eo
1681 1024 1846 1077 etiam
1879 1033 1935 1076 ut
1968 1037 2074 1075 non
2101 1022 2289 1087 fuerit,

727 1121 1067 1189 redigeretur
1118 1117 1300 1180 Pater,
1337 1134 1445 1171 non
1490 1117 1825 1170 subsistente
1867 1115 2078 1169 scilicet
2130 1114 2289 1175 Filio,

725 1229 831 1264 non
882 1212 1152 1265 exsistens
1196 1210 1511 1279 aliquando,
1549 1209 1850 1262 secundum
1899 1206 2069 1276 ipsos,
2105 1206 2288 1260 Pater.

725 1304 817 1354 Sin
851 1318 1068 1371 semper
1101 1301 1262 1356 Pater
1307 1310 1412 1362 est,
1443 1300 1779 1355 subsistente
1811 1297 2069 1350 videlicet
2096 1295 2191 1364 qui
2225 1310 2290 1349 ex

722 1410 789 1443 (ιο
822 1404 902 1445 est
939 1408 1064 1444 vero
1097 1391 1302 1459 (Filio),
1334 1402 1388 1448 et
1427 1391 1649 1456 quidem
1690 1403 1796 1440 non
1826 1387 1979 1455 juxta
2015 1383 2290 1438 deﬂuxum

724 1487 987 1554 germinis
1038 1482 1419 1553 (perpessioni
1468 1482 1613 1537 enim
1668 1480 1811 1532 Deus
1863 1479 2132 1532 obnoxius
2184 1491 2291 1529 non

721 1578 864 1648 εει),
921 1578 1202 1646 quomodo.
1252 1591 1359 1629 non
1408 1587 1600 1626 amens
1655 1579 1711 1625 et
1762 1571 1986 1624 insanus
2030 1577 2147 1629 est,
2199 1567 2291 1636 qui

723 1672 892 1725 fuisse
925 1670 1223 1738 aliquando
1256 1668 1534 1736 opinatur,
1567 1681 1690 1718 cum
1731 1680 1837 1718 non
1881 1663 2042 1716 fuerit
2077 1661 2248 1715 Filius
2276 1679 2288 1716 :

724 1781 820 1833 per
865 1778 1027 1833 quem
1077 1762 1260 1815 omnia
1314 1770 1371 1812 ut
1422 1766 1641 1820 essent,
1686 1756 1987 1810 secundum
2034 1755 2290 1824 gratiam,

2396 655 2483 708 ἀεὶ
2532 653 2724 723 Πατήρ
2772 653 2942 716 ἔστιν,
2976 649 3286 718 ὑφεστῶτος
3313 646 3556 717 δηλονότι
3589 644 3683 698 τοῦ
3713 643 3775 709 ἐξ
3800 645 3968 696 αὑτοῦ

2393 743 2675 815 ἀληθινοῦ,
2716 745 2811 798 καὶ.
2841 743 2902 796 οὑ
2939 742 3061 798 κατ’
3097 742 3398 813 ἀπόρροιαν
3427 738 3768 806 γεννήματος
3803 737 3970 804 (ἀπα-

2394 841 2494 908 θὴς
2521 842 2629 909 γάρ
2662 839 2691 891 6
2723 839 2891 904 Θεός)
2918 854 2931 869 ο
2963 836 3080 898 πῶς
3109 836 3208 888 οὑκ
3239 837 3428 902 ἄφρων
3458 833 3555 884 καὶ
3589 830 3887 898 μανιώδης,
3918 832 3968 888 ό,

2392 931 2501 987 Ἦν
2540 934 2626 985 ὅτε
2657 933 2756 984 οὑκ
2804 927 2894 1001 ἦν,
2926 930 3140 999 φρονῶν
3182 928 3274 980 τὸν
3308 927 3451 992 Υίδν,
3482 925 3548 978 δι’
3589 916 3652 976 οὗ
3683 925 3754 976 τά
3793 922 3972 975 πάντα

2394 1028 2476 1088 είς
2504 1026 2563 1076 τὺ
2592 1022 2735 1077 εἶναι
2762 1023 2905 1076 κατά
2932 1024 3095 1091 χάριν
3129 1021 3403 1088 συνέστη;
3437 1019 3501 1070 0i
3546 1016 3677 1082 γοῦν
3709 1013 3973 1084 ἡμέτεροι

2394 1119 2536 1170 κατά
2566 1118 2747 1170 πᾶσαν
2767 1116 2867 1186 τὴν
2895 1115 3223 1182 οἰκουμένην
3249 1113 3516 1180 Πατέρες,
3538 1103 3612 1161 ῶν
3637 1107 3972 1165 ἐκπεσόντες

2394 1203 2538 1264 οὑτοι
2569 1213 2792 1272 είκότως
2827 1211 3103 1278 ἀπάτορες
3151 1207 3467 1274 γεγόνασιν,
3504 1207 3564 1255 ὲν
3590 1200 3795 1269 Νικαίᾳ
3839 1215 3968 1248 συν-

2394 1305 2666 1369 ελθόντες,
2706 1301 3204 1371 ἀναθεματίσαντες
3231 1299 3332 1370 τὴν
3369 1298 3586 1367 Ἀρείου
3623 1290 3969 1354 κακοδοξίαν,

2393 1391 2459 1466 ἧς
2480 1395 2506 1446 6
2538 1387 2701 1445 verbis
2711 1411 2800 1463 ρος
2817 1388 2972 1453 οὗτος
2994 1391 3087 1444 νῦν
3108 1392 3456 1460 προΐσταται.
3481 1389 3576 1454 οὑκ
3607 1384 3969 1449 ἐτεροούσιον,

2395 1487 2424 1539 6
2453 1487 2548 1538 νῦν
2573 1487 2721 1553 ἡμᾶς
2751 1487 2928 1538 εἰπεῖν
2948 1482 3409 1547 καταναγκάζεις,
3437 1481 3529 1533 τὸν
3561 1480 3687 1531 Υίδν
3711 1477 3974 1545 εἰρήκασι

2395 1574 2491 1627 τοῦ
2523 1575 2757 1643 Πατρῦς,
2784 1573 2899 1626 ἀλλ’
2925 1575 2989 1625 ὲκ
3013 1575 3113 1641 τῆς
3142 1571 3308 1624 αὑτοῦ
3333 1568 3521 1629 οὐσίας
3544 1582 3558 1597 ·
3582 1566 3611 1618 6
3639 1565 3821 1626 καλῶς
3851 1561 3974 1631 μετ’

2399 1663 2657 1726 εὑσεδοῦς
2701 1664 2944 1725 διανοίας
2968 1664 3285 1732 νοήσαντες,
3331 1662 3396 1712 ὲκ
3432 1657 3634 1726 πολλῆς
3667 1658 3779 1708 τῶν
3810 1653 3976 1707 θείων

2403 1755 2666 1826 ῥημάτων
2699 1755 2966 1823 συλλογῆς
2991 1755 3280 1823 ὀμοοὺσιον
3302 1752 3688 1822 ὡμολόγησαν.

723 1862 1062 1918 constitere?
1104 1859 1285 1913 Nostri
1324 1858 1489 1928 igitur
1524 1873 1589 1909 ex
1621 1857 1753 1910 orbe
1790 1855 2052 1924 universo
2117 1853 2327 1917 Patres,
2368 1868 2399 1908 a
2464 1853 2667 1922 quibus
2699 1854 3021 1907 excidentes
3053 1852 3142 1906 isti
3175 1853 3373 1905 merito
3403 1849 3700 1918 ἀπάτορες,
3733 1845 3838 1899 hoc
3865 1851 3976 1902 est.

723 1958 842 2011 sine
893 1963 1067 2023 patre,
1111 1952 1241 2007 laeti
1292 1961 1443 2012 sunt,
1486 1950 1681 2004 Nicaeae
1728 1949 1926 2011 coacti,
2003 1962 2170 2015 prava
2218 1945 2332 1998 Arii
2373 1946 2655 2016 Opinione,
2696 1961 2860 2014 quam
2919 1946 3106 2016 junior
3136 1945 3238 1998 iste
3267 1957 3414 1997 nunc
3445 1940 3714 2005 defendit,
3742 1937 3976 1991 anathe-

725 2063 868 2104 male
909 2050 1181 2121 jugalata,
1222 2064 1326 2100 non
1380 2045 1744 2115 ὲτεροούσιον,
1812 2045 1914 2098 hoc
1950 2054 2055 2107 est,
2135 2045 2362 2098 alterius
2401 2044 2748 2108 substantiae,
2791 2043 2938 2112 quod
2987 2059 3131 2097 nunc
3176 2057 3278 2095 nos
3322 2040 3509 2094 dicere
3552 2050 3748 2108 cogere
3783 2034 3977 2095 vultis.

728 2141 921 2197 Filium
959 2159 987 2196 a
1030 2142 1188 2195 Patre
1230 2141 1507 2204 dixerunt,
1544 2155 1733 2190 Verum
1802 2153 1870 2191 ex
1914 2138 2033 2207 ejus
2077 2137 2405 2191 substantia.
2469 2135 2624 2202 Quod
2694 2137 2774 2190 sic
2815 2151 2913 2204 per
2951 2135 3096 2204 piam
3128 2133 3461 2188 sententiam
3533 2131 3637 2184 rite
3672 2114 3981 2195 intelligen-

725 2252 839 2301 tes,
891 2257 953 2294 ex
1003 2239 1190 2292 multis
1241 2238 1554 2290 divinorum
1606 2236 1900 2288 verborum
1953 2233 2290 2301 argumentis
2327 2234 2632 2300 όμοοὺσιον,
2668 2231 3158 2294 consubstantiale,
3195 2237 3323 2283 sunt
3357 2227 3612 2298 professi.

801 2337 981 2390 «Talia
1010 2349 1172 2404 atque
1199 2335 1282 2386 his
1304 2333 1504 2388 similia
1534 2347 1655 2384 cum
1683 2331 1972 2393 dixissent,
1999 2333 2049 2382 in
2075 2344 2294 2382 carcere
2329 2352 2368 2403 Β
2468 2331 2494 2381 Ί

2288 2349 2294 2378 ι
2329 2352 2368 2403 Β
2468 2331 2548 2381 Τά
2576 2330 2638 2396 δὴ
2670 2329 2894 2381 τοιαῦτα
2923 2329 3016 2380 καὶ
3066 2331 3132 2380 τὰ
3165 2328 3372 2389 τούτοις
3404 2324 3764 2394 παραπλήσια
3794 2320 3981 2384 λέγον-

724 2447 821 2486 eos
853 2431 1049 2485 diebus
1085 2428 1270 2482 multis
1306 2427 1524 2490 habuit,
1559 2429 1808 2480 luturum
1855 2434 2027 2487 ratus,
2061 2434 2118 2476 ut
2148 2438 2174 2474 a
2207 2424 2295 2491 pia

727 2525 1034 2577 dimoveret
1083 2521 1374 2575 sententia.
1430 2518 1510 2571 Ilii
1561 2528 1780 2581 autem,
1832 2514 2294 2584 quemadmodum

725 2614 1138 2687 generosissimi
1191 2613 1397 2682 quique
1445 2610 1707 2672 athletie,
1757 2608 1812 2660 in
1863 2606 2037 2660 stadio
2088 2619 2295 2659 metum

725 2727 948 2766 omnem
988 2709 1425 2777 exstinguentes,
1464 2713 1519 2758 et
1564 2703 1772 2771 seipsos
1819 2716 1914 2769 per
1969 2700 2171 2753 livinas
2209 2715 2299 2752 eo-

726 2805 1024 2873 gitationes
1054 2801 1291 2855 fortibus
1321 2801 1545 2853 Patrum
1586 2796 1743 2850 factis
1787 2793 2145 2855 instruentes,
2179 2792 2299 2844 fidi-

728 2897 880 2950 culas
926 2894 1092 2948 etiam
1144 2892 1290 2960 ipsas
1343 2900 1397 2944 et
1447 2895 1721 2943 tormenta
1771 2901 1868 2954 pro
1915 2884 2196 2953 gymnasio
2243 2893 2300 2935 et

727 2972 996 3042 exercitio
1046 2985 1269 3040 virtutis
1323 2983 1611 3044 habentes,
1660 2979 2012 3033 fortissimam
2061 2976 2128 3030 de
2171 2991 2297 3029 vera

729 3083 936 3152 pietate
960 3081 1254 3147 obtinuere
1287 3088 1552 3133 mentem.
1580 3075 1757 3145 Atque
1786 3076 1866 3129 eis
1894 3073 1986 3143 qui
2023 3072 2295 3124 theatrum

729 3185 786 3230 et
830 3173 1228 3243 spectaculum,
1282 3181 1340 3224 ut
1391 3171 1584 3223 beatus
1638 3167 1936 3237 Apostolus
1986 3163 2199 3227 scribit,
2246 3169 2301 3215 et

2398 2440 2498 2484 τας
2545 2422 2829 2491 καθεῖρξεν
2859 2422 3083 2492 ἡμερῶν
3121 2420 3352 2481 πολλῶν,
3400 2419 3656 2486 οἰόμενος
3682 2414 3780 2481 τῆς
3826 2413 3982 2462 εὑσεο

2401 2514 2528 2577 ϐοῦς
2561 2515 2945 2583 μετακινήσειν
2977 2511 3226 2580 γνώμης.
3259 2509 3326 2561 οι
3349 2509 3408 2562 δὲ
3435 2507 3663 2577 μᾶλλον,
3696 2503 3888 2570 ὥσπερ
3918 2503 3979 2552 ὲν

2406 2607 2604 2674 σταδίῳ
2630 2607 2736 2658 τῶν
2769 2603 3017 2672 ἀθλητῶν
3051 2604 3101 2654 οί
3129 2602 3531 2670 γενναιότατοι,
3560 2596 3769 2650 δειλίαν
3796 2596 3982 2647 πᾶσαν

2403 2698 2827 2760 ἀποσϐέσαντες,
2860 2695 3248 2761 ἐπαλείφοντες
3278 2692 3504 2751 ἑαυτοὺς
3533 2691 3646 2750 τοῖς
3669 2687 3776 2738 τῶν
3809 2686 3982 2738 Πατέ-

2404 2810 2512 2860 ριυν
2541 2792 2628 2846 διὰ
2659 2791 2818 2842 θείων
2845 2788 3119 2857 λογισμῶν
3149 2785 3631 2854 ἀνδραγαθήμασι,
3665 2779 3985 2848 γενναιότα-

2405 2900 2495 2933 τον
2522 2877 2667 2950 εῗχον
2689 2881 2818 2951 περὶ
2847 2880 2945 2949 τὴν
2971 2880 3255 2931 εὑσέδειαν
3277 2877 3337 2928 τὸ
3368 2877 3647 2944 φρόνημα,
3676 2871 3984 2937 γυμνάσιον

2407 2976 2606 3043 ἀρετῆς
2627 2976 2725 3036 τὰς
2754 2973 3017 3043 στρέϐλας
3044 2972 3360 3041 ἡγούμενοι.
3383 2968 3540 3023 Οῦτω
3568 2966 3749 3018 τοίνυν
3777 2964 3984 3029 ἀγωνι-

2409 3069 2673 3136 ζομένων,
2726 3068 2819 3122 καὶ
2865 3066 3124 3135 θέατρον,
3154 3063 3229 3125 ὼς
3271 3065 3300 3115 ὁ
3354 3061 3623 3130 μακάριος
3658 3054 3984 3116 Ἀπόστολος

2407 3162 2633 3229 γράφει,
2661 3158 2969 3226 γενομένων
3002 3156 3095 3206 καὶ
3119 3153 3370 3220 ἀγγέλοις
3396 3151 3489 3202 καὶ
3520 3143 3854 3228 ἀνθρώποις,
3889 3143 3988 3193 ἑπ-

731 3267 942 3336 angelis
986 3275 1042 3321 et
1082 3265 1400 3320 hominibus
1446 3263 1576 3316 facti
1617 3233 1819 3316 essent.
1855 3259 1936 3323 sic
1969 3253 2297 3311 decertanti-
2331 3253 2373 3310 C
2409 3255 2424 3305 ὲ

2290 3283 2297 3293 ·
2331 3253 2373 3310 C
2409 3255 2626 3323 έτρεχεν
2655 3254 2688 3320 ἡ
2715 3251 2868 3312 πόλις
2889 3250 3101 3310 ἅπασα,
3125 3245 3364 3314 ἀθλητάς
3394 3239 3700 3309 θεασομὲνη
3718 3233 3983 3307 Χριστοῦ,

732 3361 838 3414 bus
896 3359 1139 3419 accurrit
1195 3358 1388 3411 civitas
1447 3356 1742 3415 universa,
1802 3350 2006 3406 Christi
2070 3348 2303 3400 athletas

732 3455 1072 3525 spectatura,
1110 3453 1218 3521 qui
1272 3452 1602 3512 constantia,
1641 3446 1950 3517 torquentis
1996 3442 2307 3513 quaesitoris

732 3546 1029 3599 vincebant
1075 3544 1262 3612 ﬂagra.
1297 3553 1351 3597 et
1383 3557 1480 3611 per
1512 3541 1830 3610 patientiam
1861 3548 2065 3606 tropaea
2113 3545 2304 3590 contra

733 3639 1074 3706 impietatem
1118 3636 1454 3697 statuebant,
1496 3633 1944 3701 triumphumque
1988 3630 2056 3682 de
2092 3629 2305 3682 Arianis

734 3730 1119 3788 exhibebant:
1157 3745 1280 3781 cum
1323 3728 1545 3796 quidem
1593 3725 1825 3778 acerbus
1875 3725 1977 3776 iste
2025 3721 2305 3781 inimicus,

735 3836 831 3875 eos
861 3836 957 3888 pcr
987 3821 1160 3872 minas
1199 3827 1255 3871 et
1296 3817 1522 3870 insidias
1551 3816 1653 3870 sibi
1689 3816 1988 3883 subjectos,
2023 3829 2078 3866 se
2109 3812 2187 3864 eis
2213 3810 2304 3879 qui

738 3915 794 3969 in
838 3912 1117 3966 Christum
1175 3909 1328 3978 impii
1381 3916 1531 3973 sunt,
1582 3907 1894 3959 dediturum
1945 3905 2304 3958 existimaret.

738 4008 995 4063 Sedenim
1055 4013 1458 4058 tormentorum
1509 4001 1559 4053 vi
1608 4009 1664 4053 et
1715 4000 1919 4068 illlpt'ltt
1967 4015 2064 4066 per
2117 4013 2311 4068 graves

739 4099 1163 4155 adinventiones
1209 4097 1318 4164 jam
1363 4095 1632 4152 defossus,
1672 4092 1870 4160 pepion
1923 4091 2072 4142 oinni
2129 4089 2311 4142 inulti-

740 4192 932 4248 fariam
977 4191 1190 4260 ploratu
1238 4187 1389 4242 vario
1419 4187 1743 4254 quiritantc,
1771 4187 2000 4237 acerbus
2033 4182 2123 4237 ille
2158 4191 2213 4233 et
2244 4179 2311 4232 ab

742 4285 889 4339 omni
937 4281 1280 4337 humanitate
1314 4279 1527 4333 alienus
1558 4277 1838 4346 quaesitor,
1884 4274 2035 4343 161
2086 4273 2312 4326 collecta

743 4392 966 4432 rursum
1001 4374 1066 4427 ad
1103 4373 1423 4428 dissolutam
1458 4369 1838 4424 confusionem
1874 4381 2036 4418 manu
2070 4365 2158 4417 illa
2192 4379 2310 4428 sua,

743 4470 809 4523 ad
862 4465 1135 4536 judicium
1183 4463 1327 4525 illos,
1360 4477 1455 4515 seu
1506 4462 1686 4528 potius
1728 4456 1794 4509 ad
1842 4455 2126 4524 pristinam
2172 4468 2313 4521 prae-

2408 3345 2673 3412 καρτερία
2723 3341 2815 3393 τοῦ
2859 3339 3243 3409 βασανίζοντος
3285 3333 3538 3387 δικαστοῦ
3577 3331 3840 3390 νικῶντας
3885 3325 3988 3387 τὰς

2409 3437 2710 3506 μάστιγας,
2775 3434 2869 3486 καὶ
2921 3433 3158 3498 τρόπαια
3216 3427 3285 3479 δι’
3353 3424 3637 3493 ὑπομονῆς
3683 3419 3822 3471 κατὰ
3850 3420 3988 3470 ἀσε-

2407 3525 2559 3584 ϐείας
2605 3521 2953 3589 ἐπαίροντας,
2988 3520 3081 3570 καὶ
3138 3513 3441 3587 θριάμϐους
3493 3513 3631 3564 κατά
3685 3506 3992 3575 Ἀρειανῶν

2407 3613 2918 3683 ὲπιδεικνυμένους’
2960 3608 3052 3670 οὑς
3086 3606 3359 3670 ὑποτάξας
3391 3607 3418 3657 6
3466 3602 3662 3670 πικρὸς
3702 3595 3856 3661 οὗτος
3889 3615 3990 3648 πο-

2406 3712 2594 3779 λέμιος
2613 3709 2680 3760 δι’
2704 3705 2947 3760 ἀπειλῶν
2980 3705 3071 3756 καὶ
3098 3701 3340 3769 ἀπάτης,
3367 3701 3476 3759 τοῖς
3496 3698 3574 3758 εἷς
3603 3693 3836 3764 Χριστὸν
3860 3690 3992 3742 doe-

2409 3801 2597 3853 δοῦσιν
2649 3795 2906 3849 ἐκδώσειν
2938 3796 3209 3862 ἐνόμιζεν.
3259 3790 3646 3855 Ἀποκακήσας
3695 3781 3990 3851 τοιγαροῦν

2408 3897 2526 3955 ταῖς
2555 3891 2664 3943 τῶν
2700 3889 2950 3959 βασάνων
2980 3886 3047 3938 δι’
3083 3884 3326 3945 ἐπινοίας
3357 3880 3601 3951 χαλεπῆς
3634 3875 3989 3946 προσϐολαῖς,

2412 3989 2666 4039 ἁπάντων
2699 3984 2807 4036 τῶν
2835 3984 2978 4035 λαῶν
3019 3979 3363 4046 ὀδυρομένων
3411 3973 3668 4035 ποικίλως
3695 3973 3787 4024 διὰ
3815 3968 3992 4022 πολλὰ

2411 4079 2488 4146 τῷ
2536 4078 2736 4146 θρήνῳ,
2766 4075 2796 4126 6
2834 4071 3026 4141 mpr;
3057 4069 3148 4122 καὶ
3185 4068 3364 4137 πάσης
3405 4065 3649 4118 ἀποδέων
3683 4060 3994 4132 φιλανθρω-

2415 4175 2565 4236 πίας,
2613 4171 2682 4222 τά
2719 4167 2925 4238 συνήθη
2963 4166 3126 4218 πάλιν
3161 4163 3299 4234 πρὸς
3350 4160 3578 4224 ἀταξίαν
3627 4153 3994 4224 συναθροίσας

2415 4267 2620 4336 πλήθη,
2670 4265 2762 4316 επὶ
2796 4263 2977 4332 κρίσιν
3013 4259 3233 4319 αὐτοὺς,
3270 4257 3471 4322 μᾶλλον
3521 4253 3574 4305 δὲ
3605 4250 3774 4303 ⁶ἑωλον
3821 4249 3992 4299 κατά-

2417 4376 2622 4427 κρισιν,
2651 4356 2806 4408 καλεῖ
2833 4353 2968 4424 πρὸς
2996 4351 3075 4420 τῷ
3106 4351 3204 4419 τῆς
3232 4349 3510 4417 θαλάσσης
3542 4345 3749 4414 λιμένι,
3778 4340 3993 4392 πολυω-

2418 4453 2593 4518 νήτων
2636 4448 2882 4515 συνήθως
2927 4445 3050 4498 κατ’
3083 4443 3261 4495 αὑτῶν
3308 4439 3692 4509 ὲπαφιεμένων
3713 4435 3821 4487 τῶν
3852 4429 3996 4501 βοῶν

742 4561 1158 4635 judicatainque
1205 4554 1751 4612 condemnationem,
1791 4551 1843 4601 in
1887 4557 2100 4616 portum
2151 4546 2314 4598 maris
2347 4563 2435 4639 υτ

2304 4560 2314 4597 i
2347 4585 2390 4639 Β
2421 4547 2571 4613 παρὰ
2602 4541 2710 4593 τῶν
2742 4539 3147 4606 εἰδωλολατρῶν
3174 4537 3267 4588 καὶ
3297 4534 3406 4586 τῶν
3458 4529 3763 4585 Ἰουδαίων·
3797 4527 3888 4580 καὶ
3919 4524 3997 4594 μὴ

745 4663 926 4715 vocat,
959 4667 1082 4707 cum
1112 4649 1334 4718 quidem
1369 4661 1520 4700 more
1555 4661 1652 4697 suo
1685 4643 2102 4698 simulacrorum
2136 4637 2314 4690 culto-

744 4760 833 4798 res
862 4753 917 4798 et
947 4742 1116 4798 Judaei
1151 4748 1339 4796 contra
1372 4753 1468 4792 eos
1501 4749 1700 4803 magno
1747 4733 2062 4798 redemptos
2104 4729 2311 4781 emitte-

748 4850 870 4891 rent
908 4837 1197 4890 elamores.
1243 4833 1310 4887 Et
1352 4830 1479 4899 quia
1519 4829 1592 4881 illi
1632 4827 1683 4878 in
1722 4836 1968 4894 apertam
2009 4821 2312 4874 fnrentmm

743 4930 1069 4984 Arianorum
1118 4925 1454 4994 impietatem
1496 4919 1728 4989 pedibus
1769 4919 1848 4969 ire
1891 4915 2120 4973 nollent,
2159 4912 2316 4981 plebe

745 5028 940 5077 cuncta
988 5033 1086 5086 pro
1126 5013 1387 5069 tribunali
1425 5012 1733 5080 plangente,
1768 5007 2038 5066 sententia
2087 5005 2260 5058 fertur
2301 5019 2314 5056 :

744 5112 1074 5168 Alexandria
1118 5125 1214 5164 eus
1251 5109 1478 5178 ejeetos,
1512 5102 1839 5171 Heliopolim
1883 5099 2177 5154 Phoenicia:
2229 5098 2310 5148 in-

745 5209 924 5262 colere
955 5206 1176 5268 debere,
1213 5201 1303 5254 ubi
1357 5214 1424 5254 ex
1477 5194 1888 5250 habitatoribus
1919 5193 2176 5250 omnibus
2217 5190 2288 5243 ali

745 5301 870 5368 quis
918 5297 1122 5354 Christi
1183 5308 1381 5349 nomen
1439 5290 1899 5361 (simulacrorum
1953 5287 2096 5340 enim
2146 5284 2316 5338 cultui

749 5393 920 5448 dediti
954 5401 1087 5445 sunt
1125 5401 1348 5453 omnes;
1383 5400 1451 5438 ne
1484 5382 1678 5436 audire
1709 5382 1929 5450 quidem
1962 5378 2215 5438 sustinet.
2255 5377 2319 5429 Et

746 5503 774 5542 c
829 5484 1064 5552 vestigio
1122 5481 1205 5534 eis
1258 5478 1515 5546 scapham
1574 5473 1946 5530 conscendere
1996 5471 2200 5541 jussis,
2261 5471 2316 5522 in

753 5589 913 5640 portu
962 5578 1078 5642 ipse
1130 5586 1283 5627 stans
1323 5573 1402 5641 (in
1450 5569 1762 5639 pr0pinqu,o
1801 5567 1969 5628 enim,
2012 5565 2064 5616 in
2103 5564 2319 5616 lavacro

749 5671 989 5742 publico,
1032 5663 1509 5720 condemuationis
1545 5661 1811 5715 adversus
1850 5675 1947 5713 eos
1985 5656 2316 5712 sententiam

821 5829 896 5895 (Ι)
929 5827 1060 5882 Mihi
1094 5825 1309 5880 videtur
1339 5823 1443 5877 hoc
1492 5823 1742 5895 loco_vox
1775 5815 2318 5895 ista,_Pat.rem,_esse

752 5887 980 5967 .icieitda
1013 5917 1027 5954 :
1062 5899 1148 5955 sin
1188 5905 1369 5950 autem
1417 5903 1502 5950 est
1541 5891 1848 5956 retinenda,
1880 5887 2040 5944 sicuti
2087 5887 2313 5948 retineri

2420 4635 2764 4704 θελησάντων
2791 4629 2930 4695 εἷξαι
2952 4634 3017 4700 τῇ
3044 4629 3313 4699 προφανεῖ
3338 4623 3625 4692 δυσσεϐείᾳ
3645 4621 3752 4673 τῶν
3787 4620 3844 4672 Ἀ
3857 4634 4001 4688 psto-

2423 4728 2660 4798 μανιτῶν
2683 4769 2697 4791 ,
2735 4726 3118 4790 ἀποφαίνεται,
3155 4721 3263 4772 τῶν
3293 4719 3439 4771 λαῶν
3469 4716 3574 4786 πρὸ
3607 4713 3703 4766 τοῦ
3733 4713 4002 4777 δικαστηο

2420 4823 2540 4892 ρίου
2582 4820 2800 4873 πάντων
2845 4816 3208 4884 ὀδυρομένων,
3237 4813 3336 4880 τῆς
3377 4807 3783 4876 Ἀλεξανδρείας
3833 4820 4004 4872 μετα-

2420 4914 2742 4976 ναστάντας,
2777 4912 2874 4980 τὴν
2916 4907 3260 4962 Ἡλιούπολιν
3310 4905 3410 4973 τῆς
3459 4903 3715 4970 Φοινίκης
3745 4897 3998 4966 οἰκῆσαι.

2423 5005 2592 5056 Ἐνθα
2635 5006 2742 5056 τῶν
2783 5002 3135 5054 ἐνοικούντων
3174 4998 3368 5062 οὐδεὶς,
3402 4997 3505 5050 κάν
3541 4995 3769 5049 ἀκοῦσαι
3800 4990 3859 5042 τὸ
3900 4987 4003 5040 τοῦ

2417 5095 2655 5165 Χριστοῦ
2691 5095 2949 5164 ἀνέχηται
2989 5093 3182 5161 ὄνομα,
3213 5088 3481 5143 είδωλικοὶ
3527 5088 3636 5151 γάρ
3669 5084 3717 5135 οί
3768 5081 4000 5142 πάντες,

2420 5191 2552 5260 παρ’
2607 5189 2746 5242 αὑτά
2811 5190 3054 5256 σκάφους
3111 5185 3364 5254 ἐπιϐῆναι
3436 5179 3770 5247 προστάξεις,
3835 5175 4001 5235 αὐτὸς

2419 5283 2668 5353 ιστηκὼς
2698 5284 2789 5334 ἐπὶ
2836 5279 2928 5332 τοῦ
2973 5280 3190 5347 λιμένος
3213 5294 3224 5306 ·
3266 5274 3495 5346 πλησίον
3527 5273 3635 5338 γάρ
3663 5272 3719 5323 ὲν
3751 5269 4004 5336 δημοσίῳ

2417 5376 2629 5447 λουτρῷ
2667 5375 2764 5444 τὴν
2811 5374 3134 5442 κατάκρισιν
3177 5369 3299 5422 κατ’
3333 5367 3515 5422 αὐτῶν
3554 5365 3742 5434 ὥρισε,
3790 5361 4003 5429 γυμνὸν

2419 5467 2865 5533 ἐπιδεικνύμενος
2907 5467 2965 5518 τὸ
3019 5465 3190 5532 ξίφος,
3224 5463 3451 5531 νομίσας
3486 5462 3550 5511 ὲκ
3581 5457 3771 5508 τούτου
3814 5453 4002 5521 σοϐεῖν

2418 5563 2543 5624 τοὺς
2590 5565 2655 5630 τῇ
2688 5561 2927 5631 διστόμῳ
2977 5559 3223 5628 μαχαίρᾳ
3254 5559 3376 5618 τοὺς
3413 5553 3706 5620 πολεμίους
3733 5547 4001 5616 δαίμονας

2421 5657 2681 5719 πολλάκις
2705 5654 3186 5722 κατατρώσαντας.
3219 5648 3377 5703 Οὕτω
3396 5647 3459 5716 δὴ
3490 5643 3581 5699 οὖν
3609 5641 3874 5696 ἀποπλεῖν
3905 5638 4004 5690 αὑ-

2420 5826 2622 5940 rotcst.
2655 5813 2816 5882 paulo
2873 5821 2995 5880 post
3046 5809 3361 5877 coniunctio
3395 5816 3443 5858 et
3483 5801 3732 5860 addenda
3765 5800 3871 5856 erit
3900 5813 3917 5852 :
3945 5806 4006 5854 et

2445 5886 2736 5940 excudunt.
2774 5895 2818 5935 ct
2854 5881 3197 5940 temperelcm
3243 5889 3357 5940 aut,
3390 5889 3498 5932 etc.

2445 5881 2736 5954 egelidum,
2774 5895 2818 5935 ct
2854 5881 3197 5948 temperelcm
3243 5889 3357 5943 aut,
3390 5889 3498 5932 etc.
