4288 6438
273 451 380 512 665

1192 455 1794 516 ECCLESIASTlCE
1835 459 2225 519 HISTORIA“:
2259 463 2406 521 LIB.
2457 466 2555 525 Χῖ.

3426 463 3531 530 666

273 568 403 628 τοὺς
435 566 674 630 κελεύει,
711 568 812 620 οὐκ
843 567 1288 638 Ιιμϐαλλομένους
1320 573 1628 641 επιτήδεια,
1653 575 1712 626 οὺ
1750 591 1856 626 πα-

1852 605 1856 614 -
1887 580 1930 638 Α
1964 577 2137 648 tulit),
2175 589 2230 633 et
2280 582 2532 634 strictum
2561 589 2846 634 ostentans
2876 578 3139 647 gladium,
3175 577 3318 648 quod
3361 591 3429 630 eo
3469 594 3527 631 se

279 657 551 725 ραμύθιόν
576 675 629 710 τι
653 659 716 710 τὸ
752 659 975 712 σύνολον
999 661 1098 731 τῆς
1128 661 1342 730 εξορίας
1375 663 1597 731 ἔχοντας
1624 679 1638 693 ⁸
1674 666 1764 716 καὶ
1797 667 1855 718 τδ

273 752 592 821 θαυμαστὸν
613 751 705 804 καὶ
729 753 979 815 ἄπιστον,
1002 756 1100 822 τῆς
1125 753 1401 824 θαλάσσης
1419 755 1798 825 ὶπαφριζούση
1817 778 1850 821 -,

275 843 373 897 καὶ
405 844 683 914 δυσχερῶς
707 839 861 912 οἶμαι
895 845 964 899 δι’
993 846 1123 899 αὐτὸ
1145 845 1300 898 τοῦτο
1331 849 1621 916 φερούσης,
1654 851 1746 900 καὶ
1782 852 1855 918 μὴ

277 935 636 1006 βουλομένης,
665 936 732 989 ἶν’
755 937 928 999 οὕτως
946 938 1105 998 εἴπω,
1131 940 1196 990 δι’
1223 939 1490 1008 ὑποδοχῆς
1509 941 1617 992 τῶν
1646 943 1854 1009 ἀνδρῶν

268 1024 449 1094 ἀδίκῳ
474 1029 803 1096 κοινωνῆσαι
835 1029 1194 1098 κελεύσματιο
1235 1033 1461 1099 ἐνέφηνε
1489 1037 1597 1100 γὰρ
1623 1035 1715 1086 καὶ
1744 1037 1856 1097 τοῖς

273 1119 535 1185 ἀγνοοῦσι
571 1121 673 1190 τὴν
716 1121 995 1192 βάρϐαρον
1033 1125 1128 1175 τοῦ
1179 1127 1459 1192 κρίναντος
1511 1126 1850 1194 προαίρεσιν.

275 1211 438 1264 Ἐστι
489 1211 623 1280 γοῦν
669 1212 889 1282 άληθῶς
936 1216 1146 1280 είπεῑν,
1190 1215 1415 1286 Ἐξέστη
1476 1218 1703 1287 οὐρανὸς
1763 1220 1853 1270 ἐπὶ

267 1302 453 1370 τούτῳ
477 1319 494 1337 ο
530 1304 781 1369 ἐστέναξε
822 1307 933 1373 γάρ
957 1307 990 1375 η
1023 1305 1176 1368 πόλις
1222 1309 1430 1372 ἅπασα,
1468 1311 1561 1362 καὶ
1601 1312 1759 1379 μέχρι
1796 1311 1851 1363 δὲ

267 1392 369 1446 νῦν
399 1395 608 1463 θρηνεῖ.
644 1398 752 1449 Καὶ
781 1398 826 1448 οί
862 1397 962 1464 μὶν
999 1397 1113 1450 ἁλλ’
1155 1399 1244 1450 ἐπ’
1270 1398 1405 1471 ἄλλῃ
1434 1403 1500 1470 τῇ
1547 1403 1691 1470 χειρὶ
1721 1403 1850 1454 κτύ-

267 1497 376 1534 πον
403 1484 469 1534 ὲκ
492 1483 706 1551 στηθῶν
733 1484 946 1554 μακρὸν
975 1487 1314 1554 ἀπέπεμπον
1332 1503 1346 1517 ο
1379 1487 1430 1540 οἱ
1455 1489 1514 1542 δὲ
1536 1490 1637 1550 τὰς
1665 1492 1854 1560 χεῖρας

267 1570 414 1642 ὁμοῦ
448 1575 544 1627 καὶ
576 1577 703 1639 τοὺς
729 1576 1044 1646 ὀφθαλμοὺς
1071 1581 1152 1639 είς
1182 1578 1411 1647 οὐρανὸν
1439 1581 1731 1649 ἀνέτεινον,
1756 1583 1854 1651 τὴν

270 1663 400 1734 βίαν
420 1667 958 1737 διαμαρτυρούμενοι
982 1687 996 1701 υ
1025 1674 1306 1742 μονονουχὶ
1335 1672 1602 1741 λέγοντες,
1631 1673 1852 1739 Ἀκουε,

263 1757 492 1828 ούρανὲ,
517 1761 610 1812 καὶ
633 1762 914 1826 ὲνωτίζου,
934 1761 1028 1828 γῆ,
1046 1763 1130 1815 ὅτι
1151 1764 1443 1831 παράνομα
1462 1763 1530 1816 τὰ
1557 1766 1816 1834 γινόμενα
1837 1782 1850 1795 ·

264 1849 364 1900 καὶ
397 1850 521 1901 ὅλον
543 1851 792 1919 οἰμωγῆς
821 1851 882 1904 τὸ
906 1853 1016 1904 πᾶν
1045 1853 1409 1922 ἐπεπλήρωτο
1429 1868 1443 1882 ο
1475 1854 1570 1906 καὶ
1599 1855 1735 1924 μέλη
1761 1855 1854 1907 καὶ

1958 669 2351 722 exterriturum
2399 670 2649 740 putabat,
2691 669 2786 738 qui
2834 667 3056 735 ancipiti
3115 680 3379 719 mucrone
3423 664 3532 717 die-

1960 775 2148 813 mones
2191 762 2540 816 adversarios
2587 775 2967 829 saepenumero
3012 758 3529 818 eonvulnerassent,

1960 851 2041 903 sic
2081 849 2299 903 demum
2343 851 2520 904 soluta
2555 849 2678 903 navi
2715 849 3044 918 abirejubet
3075 866 3088 901 :
3119 864 3244 902 cum
3277 847 3416 900 nihil
3447 863 3532 900 re-

1960 958 2079 994 rum
2132 957 2565 996 necessariarum
2615 942 2668 994 in
2719 940 2900 994 navim
2944 948 3400 1009 comportassent,
3434 954 3541 1009 ne:

1952 1049 2062 1101 que
2116 1033 2334 1101 aliquod
2389 1050 2616 1102 prorsus
2666 1033 2850 1087 exsilii
2907 1031 3148 1085 solamen
3200 1031 3467 1084 haberent
3513 1049 3525 1084 :

1957 1123 2074 1189 ipso
2105 1123 2270 1176 etiam
2305 1126 2439 1177 mari
2472 1125 2537 1178 ad
2570 1135 2679 1178 tam
2725 1115 3104 1177 admirandam
3143 1132 3196 1178 et
3228 1123 3530 1177 incredibi-

1954 1213 2060 1266 lem
2112 1214 2492 1284 indignitatem
2545 1216 2755 1284 spumis
2805 1215 2922 1269 suis
2969 1212 3429 1277 excandescente,
3473 1222 3530 1266 et

1955 1306 2037 1373 (ut
2072 1310 2224 1374 puto)
2258 1306 2460 1361 factum
2492 1307 2596 1360 hoc
2625 1307 2869 1375 graviter
2904 1306 3139 1369 ferente,
3173 1317 3336 1374 atque
3368 1305 3528 1365 adeo.

1957 1411 2014 1453 ut
2045 1400 2114 1450 itu
2148 1400 2347 1462 dicam,
2384 1415 2484 1469 per
2519 1400 2764 1452 virorum
2806 1415 2996 1453 eorum
3035 1399 3439 1465 susceptionem
3473 1413 3531 1450 se

1957 1503 2062 1544 tam
2098 1493 2289 1562 iniquo
2320 1492 2577 1546 mandato
2608 1493 2853 1561 polluere
2887 1489 3339 1555 nolente.‘Quarc
3373 1489 3528 1557 igno-

1958 1586 2210 1638 rantibus
2257 1599 2478 1653 quoque
2518 1584 2802 1637 barbaram
2845 1597 3073 1652 prorsus
3107 1580 3311 1651 judieis
3349 1581 3528 1632 mani-

1956 1678 2096 1731 festo
2129 1677 2396 1731 indicavit
2430 1677 2784 1730 sententiam.
2821 1677 2956 1731 V'ere
2988 1676 3156 1744 igitur
3185 1673 3292 1727 dici
3326 1683 3528 1741 potest,

1955 1771 2151 1823 cmlnm
2185 1769 2251 1822 ad
2279 1769 2386 1823 hoc
2407 1769 2793 1838 obstupuisse;
2830 1767 3092 1835 ingemuit
3124 1781 3362 1833 namque
3397 1765 3530 1817 urbs

1958 1870 2088 1924 tota,
2128 1870 2292 1928 atque
2326 1861 2490 1914 etiam
2530 1876 2677 1914 nunc
2718 1860 2943 1928 plangit.
2981 1858 3048 1911 Et
3097 1858 3130 1910 ii
3177 1856 3396 1925 quidem
3445 1857 3524 1908 al-

261 1941 468 2010 θρῆνος
499 1937 565 2012 ἦν
614 1945 672 1995 ἐν
702 1944 854 2012 πάσῃ
905 1946 971 2012 τῇ
1003 1945 1159 1997 πόλει
1189 1945 1454 2016 χορεύων,
1480 1949 1573 1999 καὶ
1605 1949 1848 2016 ποταμὸς

1885 1928 1925 1981 "
1957 1953 2126 2003 ternis
2163 1951 2415 2004 manibus
2453 1962 2671 2019 pectora
2713 1951 3015 2019 pulsantes,
3061 1949 3336 2014 ingentem
3379 1946 3529 1999 soni-

257 2033 327 2084 ικ
355 2033 611 2103 δακρύων
640 2036 825 2105 σχεδὸν
854 2037 1147 2090 καλύπτων
1169 2038 1501 2109 πλημμῦραι
1527 2041 1626 2109 τὴν
1648 2040 1849 2093 θάλασ-

261 2139 388 2187 σαν,
418 2129 533 2187 τοῖς
568 2127 774 2180 ἅπασιν
803 2128 958 2197 ἄφνω
1007 2129 1386 2199 προσεγίνετο.
1425 2132 1555 2184 Ὅτε
1589 2132 1771 2185 τοίνυν
1818 2133 1847 2185 ὁ

258 2221 664 2287 προειρημένος
705 2221 801 2272 ἐπὶ
844 2220 940 2273 τοῦ
970 2223 1190 2292 λιμένος
1225 2223 1420 2294 παρὼν
1443 2227 1555 2286 τοῖς
1588 2226 1842 2292 ἐρέσσου-

259 2325 348 2360 σιν
379 2309 551 2376 ὑψοῦν
586 2313 652 2363 τὰ
689 2313 835 2365 ίστία
861 2314 1214 2381 προσέταττε,
1261 2317 1380 2368 τότε
1418 2317 1728 2385 σύμμικτος
1759 2319 1840 2370 ol-

259 2406 426 2474 μωγὴ
474 2406 766 2476 παρθένων
819 2411 913 2460 καὶ
966 2409 1269 2475 γυναικῶν,
1305 2411 1696 2480 πρεσϐυτέρων
1745 2413 1841 2463 καὶ

254 2498 416 2560 νὲων,
449 2497 543 2548 καὶ
569 2497 759 2566 θρῆνοι
789 2500 1310 2567 προσπεπλεγμένοι
1339 2499 1602 2568 δάκρυσιν
1629 2500 1834 2564 ὀξέσιν,

251 2588 313 2640 αι
355 2588 466 2640 τῶν
500 2589 762 2643 ἁπάντων
796 2592 937 2654 βοαὶ,
965 2591 1066 2658 τῆς
1106 2591 1524 2659 ὲπαφριζούσης
1560 2593 1838 2660 θαλάσσης

247 2679 344 2730 τὸν
387 2681 878 2752 προσρησσόμενον
909 2683 1084 2753 σωρὸν
1112 2684 1190 2754 τῷ
1226 2685 1429 2755 κύματι
1473 2685 1680 2738 κτύπον
1711 2687 1837 2739 ἐκά-

249 2770 480 2824 λυπτον.

1955 2051 2068 2094 ιυιιι
2099 2041 2344 2094 edidere.
2372 2043 2475 2095 Alii
2507 2052 2690 2094 autem
2724 2054 2920 2092 manus
2951 2039 3114 2092 simul
3143 2047 3307 2105 alque
3335 2037 3527 2090 oculos

1951 2133 2005 2186 in
2051 2133 2248 2186 cmlum
2300 2133 2608 2197 tendentes,
2651 2131 2716 2186 de
2759 2141 2904 2184 tanta
2951 2132 3002 2182 vi
3044 2138 3173 2183 sunt
3212 2130 3524 2198 protestati,

1950 2225 2329 2278 tantummodo
2371 2241 2480 2277 non
2512 2224 2798 2278 dicentes:
2835 2222 3058 2285 Audite,
3096 2221 3244 2280 coeli.
3281 2231 3338 2275 et
3372 2221 3520 2274 auri-

1948 2317 2052 2372 bus
2089 2319 2333 2387 pcrcipc,
2370 2327 2534 2380 terra,
2577 2316 2840 2385 quoniam
2881 2331 3003 2385 qua:
3041 2315 3198 2374 fiunt,
3233 2314 3416 2383 iniqua
3467 2323 3522 2366 et

1946 2421 2136 2463 contra
2181 2410 2327 2478 leges
2364 2418 2492 2461 sunt
2519 2426 2534 2462 :
2563 2422 2620 2461 et
2649 2408 2832 2462 omnis
2866 2408 2982 2461 lucc
3023 2407 3354 2460 universitas
3384 2406 3515 2458 fletu

1945 2501 2148 2568 repleta
2187 2512 2290 2566 est,
2330 2511 2386 2555 et
2435 2502 2725 2554 cantilena:
2776 2499 3119 2554 miserabiles
3165 2509 3224 2552 et
3267 2499 3522 2567 planctus

1948 2603 2112 2646 totam
2146 2595 2333 2645 urbem
2367 2602 2494 2645 sunt
2528 2592 2830 2660 pervagati.
2865 2593 2942 2644 Ac
2971 2591 3268 2659 derepente
3298 2589 3517 2657 ploran-

1948 2683 2092 2740 tibus
2137 2683 2413 2743 omnibus,
2457 2683 2818 2752 lacryrnarum
2849 2683 3069 2746 fluvius,
3120 2681 3232 2735 fere
3275 2679 3519 2733 exunda-

1945 2775 2094 2828 tione
2137 2789 2234 2826 sua
2282 2789 2428 2827 mare
2465 2775 2727 2838 obruens,
2759 2783 2846 2828 est
2881 2773 3130 2827 obortus.
3162 2773 3353 2840 Itaque
3393 2782 3517 2824 cum

249 2869 300 2920 is
326 2883 492 2937 quem
533 2871 776 2926 diximus
818 2874 870 2926 in
906 2882 1066 2942 portu
1101 2884 1307 2939 astans,
1366 2875 1604 2943 remiges
1653 2873 1851 2927 tollere
1891 2882 1946 2924 et
1977 2899 1987 2907 -
2023 2870 2263 2939 pandere
2299 2870 2416 2922 vela
2447 2871 2611 2939 jussit
2647 2886 2660 2921 :
2707 2878 2819 2921 tum
2869 2871 3197 2922 commistus
3243 2868 3516 2934 virginum

246 2975 307 3017 et
368 2962 746 3030 feminarum,
806 2981 1000 3019 senum
1055 2978 1110 3020 et
1163 2967 1426 3036 iuvenum
1483 2967 1729 3035 ploratus
1779 2973 1834 3018 et
1873 2964 2150 3033 planctus,

2234 2964 2484 3031 Iacrymis
2531 2961 2754 3015 acribus
2803 2960 3125 3029 implicitus,
3197 2959 3518 3025 clamorque

249 3055 680 3120 universorum,
731 3058 968 3126 strepitu
1019 3074 1119 3112 suo
1169 3059 1340 3113 maris
1388 3057 1700 3128 spumantis
1752 3057 2014 3112 infractos
2047 3056 2310 3109 fluctuum
2340 3071 2568 3108 acervos
2599 3055 2930 3122 suppressit.

333 3168 352 3200 ι
377 3147 520 3201 Ἀλλ’
559 3148 704 3202 οὕτω
732 3150 844 3203 τῶν
875 3151 1294 3220 προειρημένων
1335 3151 1721 3204 ἀποπλεόντων
1749 3153 1827 3210 εἰς

2009 3166 2028 3198 ι
2063 3148 2176 3202 lloc
2210 3148 2372 3200 modo
2400 3164 2522 3202 cum
2569 3147 2668 3212 illi,
2700 3162 2839 3216 quos
2867 3146 3126 3209 diximus,
3159 3145 3512 3213 lleliopolim,

245 3241 352 3312 τὴν
383 3241 751 3306 Ἡλιούπολιν,
779 3243 907 3295 ἔνθα
924 3243 1268 3312 δεισιδαίμων
1297 3245 1426 3306 πᾶς,
1455 3244 1582 3295 ἔνθα
1604 3242 1695 3294 τοῦ
1718 3243 1829 3296 δια·
1857 3264 1875 3318 ι

1857 3263 1899 3319 C
1938 3241 2094 3309 162
2133 3240 2226 3292 ubi
2277 3239 2570 3293 simulacra
2621 3238 3010 3307 superstitiose
3058 3238 3250 3290 colunt
3291 3253 3507 3298 omnes,

244 3336 409 3390 δόλου
449 3337 518 3390 τὰ
551 3336 688 3406 πρὸς
737 3336 933 3406 ἡδονὴν
980 3336 1412 3406 ἐπιτηδεύματα,
1454 3335 1583 3388 ἔνθα
1631 3335 1835 3405 θηρίων

243 3432 480 3500 ιφόστια
502 3431 713 3500 φοϐερά
741 3429 868 3499 (ὅρη
893 3431 1001 3500 γάρ
1031 3432 1216 3500 κύκλῳ
1245 3429 1586 3498 πανταχόθεν
1617 3429 1835 3498 ούρανῷ

243 3521 696 3592 προσπελάζοντα
719 3522 738 3592 )
759 3539 772 3553 °
803 3523 854 3574 ol
889 3525 1094 3583 πάντες
1125 3522 1314 3574 λοιπὸν
1375 3521 1515 3594 μέσῃ
1546 3523 1613 3590 τῇ
1641 3521 1829 3585 πόλει,

242 3617 406 3684 κοινῇ
428 3613 766 3675 καὶέκαστος
801 3613 907 3682 ἰδία
934 3611 1352 3681 ὀλοφυρόμενοι,
1389 3612 1484 3664 καὶ
1515 3611 1833 3680 στεναγμῶν

239 3706 664 3776 ἐπιπέμποντες
715 3706 959 3775 ῥήματα,
1003 3704 1124 3756 οὐδὲ
1156 3703 1416 3773 δακρύειν
1467 3704 1833 3772 ὲπετρέποντο

237 3798 493 3852 κελεύσει
528 3797 626 3850 τοῦ
653 3796 753 3864 τῆς
785 3795 993 3858 πόλεως
1024 3796 1268 3865 ἐπάρχου
1303 3796 1624 3862 Παλλαδίου,
1658 3798 1829 3850 δεισι-

237 3889 674 3958 δαιμονεστάτου
709 3891 806 3941 καὶ
851 3888 1018 3939 αὑτοῦ
1049 3889 1431 3957 τυγχάνοντος.
1488 3891 1682 3941 Πολλοὶ
1721 3890 1830 3957 γὰρ

236 3981 350 4036 τῶν
379 3981 681 4035 κλαιόντων
704 3980 1078 4050 ἁρπαζόμενοι
1106 3982 1199 4034 καὶ
1243 3981 1669 4051 φυλακιζόμενοι
1695 3983 1830 4050 πρό-

235 4090 420 4144 τερον,
442 4070 566 4127 εἶτα
588 4074 954 4142 αίκιζόμενοι,
991 4073 1255 4142 ξεόμενοι,
1285 4074 1698 4142 βασανιζόμενοι
1719 4076 1828 4136 τοῖς

235 4166 554 4236 Φεννησίοις
579 4167 668 4218 καὶ
687 4166 1115 4236 Προκοννησίοις
1146 4165 1494 4234 παρεδίδοντο
1521 4166 1823 4236 μετάλλοις,

235 4260 522 4328 ἄνθρωποι
554 4257 656 4325 τῆς
690 4255 1024 4325 Ἐκκλησίας
1056 4255 1122 4308 δι’
1159 4255 1344 4307 ἔνθεον
1376 4255 1536 4324 ζῆλον
1573 4258 1824 4326 ὑπέρμαο

231 4369 342 4421 χοι.
374 4349 440 4402 Ol
475 4348 692 4404 πλείους
707 4347 815 4417 γὰρ
841 4343 980 4416 ἦσαν
1016 4347 1361 4416 μονάζοντες,
1394 4349 1600 4417 ἔρημον
1618 4347 1826 4402 οίκοῦν-

231 4461 328 4507 τες
356 4442 426 4496 δι’
452 4443 692 4509 ἄσκησιν
713 4457 724 4469 ο
763 4440 884 4510 μεθ’
906 4435 1000 4505 ὧν,
1023 4442 1195 4494 εἴκοσι
1215 4442 1307 4493 καὶ
1335 4442 1503 4510 τριῶν
1528 4446 1823 4510 τυγχανόν-

229 4552 382 4600 των,
463 4534 664 4603 μικρὸν
722 4532 950 4601 ὕστερον
1010 4533 1038 4584 ὸ
1108 4532 1356 4593 διάκονος
1418 4533 1446 4584 ὸ
1518 4533 1668 4601 παρὰ
1725 4531 1820 4584 τοῦ

230 4625 526 4696 ἀγαπητοῦ
551 4625 708 4694 ἡμῶν
737 4625 992 4693 Δαμάσου
1016 4624 1111 4678 τοῦ
1134 4626 1231 4694 τῆς
1268 4625 1486 4695 Ῥώμης
1517 4626 1817 4680 ἐπισκόπου

231 4716 472 4784 κομίσας
529 4716 664 4783 ἡμῖν
717 4712 856 4781 ὁμοῦ
920 4713 1307 4784 παρακλητικὰ
1370 4720 1464 4767 καί
1528 4717 1818 4768 κοινωνικὰ

228 4809 569 4876 γράμματα,
609 4806 786 4858 ὀπίσω
825 4804 903 4857 τὼ
932 4807 1083 4874 χεῖρε
1129 4805 1302 4869 δεθεὶς
1335 4805 1438 4858 ὑπὸ
1460 4806 1688 4881 δημίων,
1721 4807 1814 4875 δη-

232 4899 402 4970 μοσίᾳ
436 4899 602 4969 ἡγετο
627 4897 777 4950 ῶσπε
788 4914 817 4969 ρ
836 4915 919 4960 τις
946 4898 1056 4950 τῶν
1085 4897 1410 4968 κακούργων
1448 4899 1773 4968 περιϐόητος
1799 4915 1813 4929 ·

228 4993 288 5054 ὃς
321 4992 535 5058 φονέων
563 4990 820 5060 βασάνοις
853 4993 1112 5044 ἐπέκεινα
1143 4992 1498 5060 κοινωνήσας,
1531 4991 1697 5052 λίθοις
1722 4993 1815 5044 καὶ

228 5081 500 5150 μολιϐδίσι
547 5082 668 5135 κατ’
710 5082 890 5134 αὐτῶν
915 5082 1026 5134 τῶν
1061 5083 1306 5150 αὐχένων
1340 5083 1573 5136 ἐπιπολὺ
1617 5101 1814 5152 μαστι-

225 5180 478 5246 ζόμενος,
515 5174 770 5228 ἐπέϐαινε
804 5175 1051 5242 σκάφους
1076 5176 1169 5226 ἐπὶ
1201 5175 1494 5246 θαλάττης,
1523 5177 1813 5244 παραπλη-
1863 5227 1875 5237 ,

226 5267 358 5328 σίως
395 5267 510 5327 τοῖς
535 5265 738 5330 ἄλλοις,
770 5264 862 5316 τοῦ
895 5265 1040 5316 θείου
1071 5266 1305 5336 σταυροῦ
1337 5268 1429 5318 επὶ
1464 5267 1720 5335 μετώπου
1752 5268 1812 5321 τὸ

225 5358 460 5427 σημεῖον
486 5359 926 5428 χαρακτηρίσας,
974 5359 1035 5410 οὐ
1083 5358 1398 5428 τημελείας,
1427 5361 1488 5411 ού
1517 5361 1809 5428 θεραπείας

221 5451 426 5519 τυχὼν,
455 5453 568 5513 τοῖς
599 5452 740 5504 κατὰ
770 5453 1038 5520 Φέννησον
1072 5453 1468 5525 παρεκδοθῆναι
1498 5455 1803 5522 μετάλλοις.

225 5545 387 5596 Ἔστι
413 5543 470 5595 δὲ
499 5542 672 5596 ταῦτα
701 5543 796 5595 τοῦ
830 5544 1052 5612 χαλκοῦ.
1095 5547 1216 5597 Ἔτι
1245 5545 1379 5614 γοῦν
1423 5545 1807 5615 βασανίζοντος

217 5634 318 5688 τοῦ
363 5635 628 5688 δικαστοῦ
666 5637 850 5689 ἁπαλά
883 5638 1186 5704 παιδαρίων
1215 5641 1471 5706 σώματα,
1499 5643 1645 5699 τινὲς
1673 5641 1802 5711 παρ’

219 5724 364 5774 αὐτὰ
401 5725 810 5792 μεμενήκασιν,
836 5727 944 5778 οὐδ’
974 5729 1124 5789 ὁσίας
1150 5728 1323 5795 ταφῆς,
1349 5729 1799 5798 κοινωνήσαντες,

215 5814 430 5878 γονέων
469 5817 565 5867 καὶ
620 5815 866 5884 ἀδελφῶν
898 5819 993 5871 καὶ
1037 5820 1334 5887 συγγενῶν,
1373 5823 1466 5874 καὶ
1495 5824 1694 5891 πάσης,
1726 5825 1800 5886 ῶς

214 5907 350 5970 ἔπος
391 5906 589 5976 elusi-1,
622 5908 720 5976 τῆς
757 5909 982 5975 πόλεως,
1018 5914 1145 5978 μίαν
1183 5911 1330 5980 αὑτῷ
1382 5914 1679 5968 αἰτούντων
1719 5915 1800 5969 δο-

1939 3332 2030 3385 ubi
2067 3331 2273 3384 diaboli
2307 3331 2653 3398 voluptuaria
2691 3331 2872 3399 vigent
2909 3330 3110 3392 studia,
3142 3329 3234 3382 ubi
3267 3329 3506 3382 ferarum

1937 3433 2066 3479 sunt
2117 3423 2390 3477 horrenda
2441 3422 2722 3477 domicilia
2766 3425 3005 3490 (montes
3051 3423 3195 3475 enim
3242 3437 3309 3475 ex
3359 3423 3512 3474 omni

1938 3525 2094 3584 parte
2127 3517 2195 3569 ad
2226 3515 2427 3569 calum
2479 3531 2652 3584 usque
2700 3515 3079 3583 prominentes
3119 3529 3238 3567 eam
3277 3515 3513 3567 circurn-

1936 3605 2127 3675 dant),
2179 3608 2302 3660 navi
2356 3608 2536 3661 soluta
2588 3607 2931 3676 navigarent,
2973 3606 3028 3659 in
3081 3605 3260 3658 media
3308 3606 3513 3660 deinde

1935 3701 2072 3754 urbe
2106 3715 2300 3754 omnes
2331 3702 2384 3752 in
2420 3700 2738 3752 universum
2771 3707 2826 3752 et
2859 3713 2956 3766 pro
2987 3713 3045 3752 se
3075 3699 3308 3767 quisque
3341 3698 3506 3751 mise-

1933 3793 2180 3846 rabiliter
2228 3791 2605 3854 vociferando,
2656 3800 2712 3844 et
2759 3790 2922 3844 verba
2975 3789 3220 3842 luctuosa
3276 3789 3507 3857 ingemi-

1933 3899 2146 3939 scentes
2175 3885 2412 3947 edendo,
2448 3885 2753 3954 lacrymare
2791 3897 3012 3952 quoque
3041 3882 3225 3935 edicto
3259 3880 3505 3949 praefecti

1930 3978 2108 4040 nrbis,
2160 3977 2413 4038 Palladii,
2445 3987 2574 4029 sunt
2623 3975 2908 4045 prohibiti,
2956 3975 3049 4042 qui
3099 3983 3154 4027 et
3195 3973 3310 4041 ipse
3358 3988 3508 4025 sum-

1932 4088 2157 4137 mopere
2189 4073 2351 4124 idolis
2382 4071 2637 4126 addictus
2666 4083 2800 4123 erat.
2839 4067 3103 4122 Permulti
3137 4082 3373 4135 namque
3411 4067 3504 4135 qui

1930 4164 2244 4234 plorabant,
2270 4162 2656 4230 comprehensi
2688 4171 2741 4214 et
2773 4160 3009 4229 primum
3045 4159 3098 4212 in
3130 4159 3349 4211 vincula
3376 4173 3504 4211 con-

1924 4257 2093 4325 jecti,
2149 4253 2349 4308 deinde
2401 4252 2772 4317 diverberati,
2827 4252 2954 4306 ca'si
3007 4262 3060 4305 et
3116 4250 3386 4312 cruciati,
3433 4250 3500 4302 ad

1929 4347 2238 4401 Phennesia
2280 4353 2335 4399 et
2384 4346 2752 4399 Proconnesia
2798 4344 3017 4397 metalla
3060 4351 3190 4396 sunt
3227 4342 3496 4402 damnati.

1928 4439 2180 4493 homines
2223 4447 2447 4506 prapter
2484 4437 2729 4490 divinum
2771 4436 2947 4488 zelum
2995 4434 3199 4504 egregii
3227 4431 3490 4485 Ecclesia:

1926 4540 2372 4601 propugnatores
2405 4549 2417 4583 :
2446 4543 2791 4598 quorumque
2820 4528 3003 4597 plures
3029 4526 3281 4579 monachi
3316 4535 3495 4588 erant,

1852 4603 1894 4656 θ
1924 4624 2071 4676 solos
2123 4624 2274 4676 ldcos
2314 4637 2411 4694 per
2439 4621 2658 4675 virtutis
2699 4632 2751 4673 et
2795 4619 3011 4689 pietatis
3049 4616 3371 4671 exercitium
3409 4619 3493 4668 ln-

1921 4719 2185 4773 colentes.
2217 4717 2353 4772 Cum
2385 4718 2586 4786 quibus
2617 4718 2795 4785 (erant
2829 4725 3009 4769 autent
3049 4711 3241 4783 viginti
3275 4723 3329 4767 et
3362 4713 3496 4782 tres)

1922 4813 2085 4881 paulo
2132 4821 2258 4880 post
2305 4813 2574 4865 diaconus
2615 4810 2859 4877 quidam,
2897 4809 2988 4878 qui
3026 4825 3053 4863 a
3091 4810 3291 4863 dilecto
3326 4807 3495 4861 fratre

1919 4910 2106 4955 noslro
2156 4900 2383 4955 Damaso
2439 4901 2699 4955 Romana:
2755 4898 2910 4952 urbis
2961 4897 3242 4966 episcopo,
3280 4897 3345 4949 ad
3391 4911 3494 4949 nos

1919 4995 2319 5048 consolatorias
2373 4976 2542 5047 simul
2590 5001 2645 5045 et
2701 4989 3224 5045 communicatorias
3275 4987 3492 5040 litteras

1916 5086 2196 5149 attulerat,
2235 5083 2494 5138 revinctis
2543 5083 2596 5135 in
2642 5094 2853 5150 tergum
2900 5079 3152 5132 manibus
3189 5092 3298 5130 non
3320 5075 3491 5131 aliter

1917 5193 2080 5247 quam
2132 5175 2364 5246 insignis
2415 5175 2704 5244 quisquam
2761 5188 2825 5225 ex
2879 5168 3139 5222 maleficis
3188 5169 3349 5228 latro,
3392 5182 3491 5234 pu—

1918 5271 2058 5323 blice
2087 5286 2114 5322 a
2141 5269 2493 5322 carniﬁcibus
2518 5268 2848 5320 estductus.
2879 5266 3054 5332 Atque
3082 5261 3174 5315 ubi
3204 5260 3487 5314 crudelius

1913 5365 2079 5416 etiam
2134 5379 2294 5432 qnam
2353 5361 2645 5414 homicida:
2698 5358 2909 5421 solent,
2969 5364 3051 5410 est
3106 5352 3485 5414 excruciatus,

1914 5456 2170 5522 saxisque
2221 5463 2276 5507 et
2329 5452 2602 5523 plumbeis
2652 5450 2809 5504 uncis
2850 5449 2901 5501 itt
2945 5447 3253 5502 cervicibus
3290 5446 3481 5498 admo-

1912 5549 2038 5600 dum
2075 5547 2400 5616 llagellatus,
2441 5545 2642 5613 scapha
2687 5543 2739 5596 in
2784 5554 2933 5595 mare
2978 5539 3281 5602 descendit,
3315 5544 3481 5605 atque

1911 5640 2100 5693 itidem
2141 5648 2198 5691 ut
2231 5638 2319 5691 alii
2360 5639 2573 5708 signum
2611 5637 2808 5689 divina:
2844 5634 3024 5688 cruris
3059 5633 3111 5684 in
3148 5631 3330 5683 fronte
3378 5629 3479 5681 im-

1910 5747 2157 5801 pressum
2195 5732 2423 5793 habens,
2457 5746 2602 5785 cura:
2636 5742 2798 5797 atque
2832 5727 3010 5779 solatii
3049 5724 3229 5778 omnis
3259 5735 3474 5789 expers,

1909 5826 2258 5879 Phenncsnm
2293 5825 2346 5877 in
2379 5825 2619 5884 metalla,
2654 5840 2773 5892 quae
2806 5821 2928 5876 mris
2957 5828 3102 5881 sunt,
3138 5818 3338 5870 missus
3368 5823 3471 5867 est.

1907 5919 2134 5981 Insuper
2170 5932 2291 5972 cum
2327 5918 2587 5980 qumsitor
2628 5926 2812 5972 tenera
2861 5927 3154 5973 puerorum
3191 5904 3453 5965 excarnif‘t
