4288 6438
800 467 900 532 667

1980 449 2397 519 NICEPHORI
2441 443 2773 506 CALLISTI

3924 432 4032 494 668

799 593 950 638 caret
983 594 1235 650 corpora,
1271 581 1524 636 nonnulli
1559 581 1701 653 apud
1728 597 1790 638 ea
1820 590 2175 652 permansere
2202 572 2360 628 cada-
2391 574 2434 629 Α

2406 574 2434 627 λ
2462 565 2624 631 θῆναι
2685 563 2785 629 τὴν
2835 559 3070 627 ὑστάτην
3118 556 3326 625 ταύτην
3381 555 3749 623 παράκλησιν.
3798 552 3939 606 Ἀλλ’
3984 551 4032 605 ὣ

799 689 922 727 vera
946 675 1091 743 justa
1135 671 1420 741 sepultura
1451 672 1768 728 fraudantes
1797 690 1811 727 :
1839 688 1962 728 cum
2001 670 2221 740 quidem
2256 682 2353 737 pa-

798 775 980 818 rentes
1008 773 1062 818 et
1090 763 1285 818 fratres
1318 772 1375 818 et
1414 766 1653 835 cognati,
1690 765 1824 819 urbs
1857 763 2094 831 denique
2129 762 2357 830 (prope-

798 855 1068 922 modum)
1113 864 1245 920 tota,
1293 871 1464 910 unum
1515 856 1620 910 hoc
1665 871 1798 910 suos
1841 853 2138 924 sepeliendi
2179 860 2358 906 extre-

798 964 944 1001 mum
981 948 1235 1002 solatium
1282 949 1383 1002 sibi
1435 950 1662 1003 concedi
1706 955 1977 1016 peterent.
2013 945 2140 1009 Sed,
2182 960 2213 996 ο
2257 944 2360 998 imo

797 1055 1037 1094 mensam
1074 1040 1323 1105 praetoris
1355 1050 1410 1094 et
1439 1040 1660 1104 iudicis.
1694 1056 1756 1093 ac
1796 1041 1983 1108 potius
2022 1037 2350 1091 condemna-

799 1131 930 1184 toris
958 1130 1449 1185 inhumanitateml
1492 1131 1584 1199 qui
1618 1147 1716 1198 pro
1750 1131 1952 1198 pietate
1982 1130 2354 1190 decertarunt,

798 1236 862 1274 ne
897 1221 1192 1274 liomicidis
1217 1221 1462 1288 quidem.
1499 1221 1822 1289 corporibus
1854 1235 2043 1273 eorum
2077 1217 2356 1287 sepultura

797 1310 1148 1372 carentibus,
1212 1309 1604 1374 conferuntur;
1668 1312 1759 1378 qui
1825 1309 2027 1362 bonum
2095 1321 2355 1376 peregere

796 1407 1098 1459 certamen,
1147 1397 1277 1450 feris
1320 1407 1378 1451 et
1427 1397 1742 1451 volucribus
1790 1411 1912 1450 esca
1944 1396 2350 1464 proiiciuntur;

797 1488 886 1556 qui
920 1489 1169 1556 patribus
1200 1497 1423 1557 propter
1475 1490 1869 1544 conscientiam
1909 1504 2008 1556 pro
2048 1489 2358 1541 misericor-

796 1579 899 1632 dim
935 1579 1135 1633 aﬂ‘ectu
1174 1579 1577 1634 condolendum
1627 1579 1733 1633 sibi
1769 1594 1890 1633 esse
1934 1586 2198 1641 statuere,
2234 1592 2356 1645 per-

798 1671 924 1724 inde
962 1681 1124 1740 atque
1162 1672 1422 1739 iniustum
1457 1672 1586 1741 quid
1623 1681 1678 1726 et
1717 1672 1943 1738 impium
1981 1669 2356 1732 admisissent,

2457 657 2658 724 πολλῆς
2681 652 3077 721 ἀπανθρωπίας
3120 650 3216 702 τοῦ
3245 647 3584 712 δικάζοντος,
3617 645 3816 716 μᾶλλον
3841 645 3900 698 δὲ
3933 645 4028 697 τοῦ

2455 748 2912 818 κατακρίνοντοςι
2943 746 2993 797 οἱ
3011 745 3077 797 δι’
3112 743 3394 796 εὐσέϐειαν
3408 742 3744 810 ἀθλήσαντες
3775 739 4032 806 φονεῦσιν

2455 843 2514 895 ού
2573 839 2969 907 συνεκρίνοντο,
3004 836 3202 902 ἀταφοι
3256 834 3510 904 μένοντες
3543 831 3612 884 τά
3662 830 3932 899 σώματα’
3977 830 4028 882 oi

2459 933 2635 992 καλῶς
2660 929 3053 998 ἀγωνιζόμενοι
3081 928 3290 996 θηρίοις
3313 929 3405 980 καὶ
3429 926 3651 995 πτηνοῖς
3685 925 3824 992 πρὸς
3858 923 4029 993 βορὰν

2457 1021 2842 1094 ἐῤῥιπτοῦντο”
2873 1023 2922 1073 οἱ
2949 1015 3752 1087 συμπαθῆσαιβεϐουλευμένοι
3782 1015 4029 1082 πατράσι

2456 1117 2542 1170 διά
2565 1119 2661 1182 τὴν
2691 1116 3012 1184 συνείδησιν,
3069 1114 3166 1180 τὴν
3195 1112 3437 1180 κεφαλὴν
3479 1111 3555 1174 ὡς
3584 1108 3876 1178 παράνομα
3896 1107 4029 1174 δρά-

2457 1223 2645 1268 σαντες
2675 1207 3061 1272 ἀπετέμνοντο.
3096 1205 3251 1267 "oio;
3285 1205 3448 1272 νόμος
3486 1201 3796 1270 Ῥωμαίων,
3818 1198 3949 1251 ποία
3969 1196 4030 1248 δὲ

2450 1301 2648 1368 γνώμη
2686 1299 2982 1370 βαρϐάρων
3010 1300 3126 1358 τοῖς
3151 1296 3395 1364 πατράσι
3429 1290 3857 1361 συμπαθοῦντας
3879 1288 4026 1354 ἠμύ-

2458 1409 2619 1456 νατο;
2645 1393 2751 1443 Ποῦ
2774 1407 2856 1450 τις
2870 1389 2980 1442 τῶν
3006 1389 3252 1441 παλαιῶν
3296 1404 3427 1439 ποτε
3454 1387 3649 1454 ἔδρασε
3695 1383 3936 1436 τοιοῦτόν
3976 1398 4031 1433 τι

2458 1483 2775 1549 παράνομον
2797 1499 2810 1545 ;
2829 1479 3111 1532 Ἑκὲλευσέ
3140 1495 3269 1530 ποτε
3295 1475 3496 1544 Φαραὼ
3517 1517 3530 1539 ,
3560 1473 3899 1542 ἀναιρεῖσθαι
3923 1471 4034 1524 τῶν

2481 1573 2747 1643 Ἐϐραίων
2779 1573 2847 1624 τά
2877 1573 3080 1642 ἀρῤενα
3099 1586 3116 1602 ο
3146 1570 3280 1623 ἀλλά
3309 1569 3501 1637 φθόνος
3534 1568 3630 1620 καὶ
3655 1566 3773 1628 δέος
3795 1563 4035 1618 ὑπέϐαλε

2455 1664 2614 1718 τοῦτο
2633 1667 2690 1717 τὸ
2710 1662 3219 1734 πρόσταγμα.ῐ]όσῳ
3237 1660 3305 1713 τὰ
3333 1659 3452 1712 τότε
3471 1658 3582 1711 τῶν
3605 1657 3700 1710 νῦν
3722 1654 3917 1718 φιλανθ
3925 1670 4036 1721 pm—

795 1763 974 1829 capite
1008 1765 1345 1831 plectuntur.
1383 1763 1640 1828 Quaenam
1689 1763 2060 1816 Romanorum
2096 1761 2202 1822 lex,
2234 1774 2355 1828 quae

2457 1758 2685 1827 πότερα;
2713 1758 2864 1822 πόσῳ
2881 1755 3108 1806 ποθεινὰ
3134 1753 3268 1823 πρὸς
3287 1752 3496 1821 αἰρεσιν
3514 1751 3854 1818 ἁδικήματας
3882 1745 4036 1814 πόσῳ

798 1855 1155 1906 barbarorum
1207 1854 1503 1916 sententia,
1549 1855 1602 1907 in
1655 1870 1751 1908 eos
1802 1855 1895 1921 qui
1951 1867 2048 1920 per
2093 1851 2350 1918 pietatem
2391 1914 2422 1921 _

2406 1915 2422 1921 _
2464 1848 2711 1918 βελτίονα
2739 1847 2875 1916 πρὸς
2914 1847 3201 1914 σύγκρισιν
3231 1845 3598 1912 ἀνομήματας
3636 1840 3754 1893 Κᾶν
3783 1837 4035 1899 ἀλλήλων

796 1945 1042 2012 patribus
1092 1914 1928 2007 condolerent,animadvertit?
1956 1914 2061 1999 ‘Ubi
2097 1914 2349 1996 veterum
2389 1914 2427 1968 Β

2406 1915 2427 1968 ³
2457 1914 2514 1993 αἱ
2541 1940 2728 1991 κακίαι
2766 1914 2840 2006 μὴ
2869 1936 3231 2006 χωρίζωνται,
3261 1935 3457 1988 ἄπεστι
3479 1933 3546 1984 τά
3568 1932 3836 2001 λεγόμενα
3858 1928 4037 1982 ἀπάν-

795 2035 1082 2102 quisquam
1129 2050 1367 2103 unquam
1403 2045 1508 2088 tam
1542 2036 1880 2105 illegitimum
1919 2043 1974 2086 et
2011 2033 2238 2100 impium
2269 2033 2349 2086 fa-
2409 2044 2417 2059 ‘

2409 2044 2417 2059 ‘
2455 2031 2649 2097 θρωπα
2665 2030 2762 2082 καὶ
2777 2028 2945 2087 δεινὰ,
2964 2027 3090 2096 ὠμὰ
3108 2027 3202 2079 καὶ
3219 2025 3495 2095 βάρϐαρα,
3509 2023 3709 2091 άνηλεῆ
3727 2023 3820 2075 καὶ
3839 2023 4034 2091 πικρά.

794 2130 951 2185 ciuus
997 2131 1164 2186 fecit?
1201 2131 1374 2186 Jussit
1401 2133 1700 2200 quondam
1750 2130 1964 2186 Pharao
2010 2131 2361 2184 Hebraeorum
2402 2127 2582 2182 occidi
2649 2128 2946 2182 masculos.
2976 2124 3140 2195 163
3203 2125 3270 2176 At
3298 2121 3504 2177 invidia
3529 2129 3586 2175 et
3610 2129 3791 2175 metus
3819 2118 3926 2172 hoc
3957 2118 4035 2171 illi

794 2223 1028 2294 subjecit
1061 2226 1326 2279 edit-tum.
1360 2225 1558 2279 Verum
1587 2234 1794 2292 quanto
1828 2225 1917 2278 illa
1949 2233 2153 2286 vetera,
2193 2237 2354 2290 quam
2391 2220 2680 2290 praesentia
2715 2219 2852 2277 haec.
2887 2216 3248 2271 humaniora?
3274 2224 3482 2284 quanto
3512 2213 3578 2268 ad
3613 2213 3896 2282 optionem
3951 2211 4036 2264 in-

795 2321 953 2390 iuria:
987 2321 1480 2374 desiderabiliora?
1511 2332 1712 2388 quanto
1742 2320 1807 2374 ad
1844 2321 2188 2373 collationem
2222 2317 2527 2387 iniquitatis
2562 2315 2822 2370 meliora?
2856 2313 3114 2379 Quamvis
3146 2313 3475 2366 vitiositates
3509 2326 3539 2363 a
3575 2310 3773 2379 seipsis
3804 2309 3949 2362 inter
3975 2321 4036 2361 se

795 2429 902 2470 non
939 2415 1347 2484 disgregentur;
1381 2431 1442 2470 ea
1475 2431 1594 2484 qua:
1625 2416 1768 2469 dicta
1801 2427 1950 2479 sunt,
1982 2415 2170 2480 inﬁda,
2212 2414 2533 2471 inhumana.
2563 2413 2768 2480 gravia,
2813 2411 2948 2474 fera,
2982 2411 3236 2473 barbara,
3283 2409 3527 2463 crude’lia
3562 2419 3620 2461 et
3652 2409 3846 2460 acerba
3877 2415 4036 2459 sunt.

869 2525 889 2558 ι
916 2511 1090 2575 Atque
1120 2508 1270 2562 hisce
1300 2511 1484 2570 rebus,
1515 2510 1606 2576 qui
1635 2508 1889 2561 Arianam
1923 2509 2194 2562 insaniam
2217 2522 2352 2560 con-

795 2601 1146 2654 sectabantur
1179 2600 1575 2668 gloriabantur.
1610 2601 1826 2653 Etcum
1861 2599 2056 2653 civitas
2083 2599 2264 2652 omnis
2297 2599 2351 2652 in

795 2687 947 2741 luctu
996 2696 1142 2742 esset
1199 2690 1327 2757 (non
1375 2687 1522 2743 enim
1559 2697 1678 2742 erat
1735 2689 1843 2742 ulla
1896 2689 2117 2751 domus,
2155 2690 2354 2756 inqua

797 2796 906 2833 non
941 2791 1087 2834 esset
1119 2791 1388 2844 mortuus,
1424 2781 1586 2835 sicuti
1623 2781 1674 2834 in
1709 2781 1898 2835 Exodo
1929 2783 2193 2849 scriptum
2223 2781 2350 2844 est),

797 2887 905 2924 non
943 2873 1271 2940 quieverunt
1307 2884 1512 2935 tamen,
1538 2874 1630 2941 qui
1661 2873 2020 2926 insatiabilem
2055 2873 2158 2926 sibi
2191 2887 2353 2925 exer-

797 2965 930 3016 citio
984 2963 1050 3017 ad
1103 2965 1448 3033 iniquitatem
1508 2966 1750 3019 habitum
1797 2973 2206 3033 compararunt.
2245 2963 2356 3016 Vo-

797 3054 1010 3107 luntate
1063 3059 1210 3108 enim
1267 3066 1322 3108 et
1371 3056 1602 3109 arbitrio
1641 3071 1740 3110 suo
1794 3055 1859 3108 ad
1919 3071 2005 3109 res
2051 3057 2357 3110 deteriores

797 3146 1122 3205 assuefacto,
1151 3147 1623 3214 improbitatisque
1657 3162 1869 3200 veneno
1897 3148 1962 3199 ad
1996 3147 2357 3214 provinciales

796 3240 1086 3307 episcopos
1114 3255 1284 3307 usque
1306 3251 1546 3301 extento,
1578 3241 1934 3309 largitionum
1963 3233 2164 3294 comite
2192 3254 2354 3307 quem

799 3327 1038 3378 diximus
1076 3325 1267 3394 Magno
1309 3329 1539 3381 satellite
1569 3329 1735 3381 etiam
1776 3328 1842 3382 ad
1895 3329 2216 3397 injustitiam
2254 3328 2357 3386 usi.

789 3419 1011 3484 aliquos
1063 3417 1282 3486 quidem
1333 3419 1770 3486 curiaejudicum
1823 3419 2207 3479 tradiderunt,
2254 3418 2356 3470 ali-

797 3509 999 3576 quibus
1033 3520 1216 3562 autem
1250 3509 1452 3577 quibus
1492 3509 1714 3564 voluere
1738 3510 2160 3563 modisinsidias
2191 3519 2361 3564 teten-

799 3599 1019 3660 derunt,
1063 3599 1209 3652 omni
1264 3615 1330 3652 ex
1381 3609 1535 3668 parte
1587 3615 1800 3663 omnes,
1842 3601 1978 3654 nihil
2030 3602 2356 3654 intentatum

799 3689 1182 3756 relinquendo,
1230 3689 1296 3741 ad
1330 3689 1666 3758 impietatem
1716 3691 1872 3760 quasi
1923 3692 2112 3744 venari
2149 3701 2203 3743 et
2235 3706 2358 3758 per—

798 3779 1017 3833 trahere
1065 3780 1332 3833 volentes.
1395 3780 1650 3834 Sedenim
1723 3781 1906 3834 omnia
1959 3781 2357 3835 circumeundo

791 3871 945 3939 juxta
997 3872 1218 3925 haeresis
1258 3887 1369 3925 sua:
1423 3882 1632 3940 patrem
1683 3872 1987 3936 diabolum,
2048 3882 2359 3940 quazrentes

794 3978 959 4031 quem
985 3962 1274 4024 devorent,
1309 3964 1454 4032 quod
1493 3964 1560 4018 de
1593 3972 1810 4018 ‘summa
1863 3980 2045 4018 rerum
2096 3965 2357 4033 despera-

796 4065 941 4114 rent.
977 4055 1228 4108 undecim
1274 4071 1340 4108 ex
1377 4055 1606 4126 Egypto
1653 4058 1960 4125 episcopos,
1992 4058 2141 4111 viros
2188 4059 2280 4126 qui
2329 4072 2357 4110 a

796 4159 982 4209 pueris
1025 4144 1091 4196 ad
1145 4155 1485 4199 senectutem
1539 4162 1712 4214 usque
1765 4147 1985 4199 virtutis
2036 4157 2092 4200 et
2141 4147 2359 4215 pietatis

793 4235 1116 4289 exercendae
1160 4238 1334 4305 gratia
1375 4237 1734 4291 solitudinem
1769 4238 2071 4303 incoluere,
2105 4237 2357 4294 doctrina

795 4338 850 4380 ct
880 4327 1037 4380 factis
1090 4328 1399 4395 voluptates
1441 4329 1826 4398 subjugavere,
1863 4329 2092 4382 verioris
2139 4331 2358 4399 pietatis

798 4419 956 4472 ﬁdem
1009 4419 1379 4488 depraadicare
1412 4436 1521 4474 non
1553 4419 1849 4485 erubuere,
1896 4421 2116 4490 pietatis
2166 4420 2359 4490 dogma

798 4525 904 4562 una
941 4526 1067 4564 cum
1097 4511 1236 4564 lacte
1268 4510 1554 4574 imbibere,
1586 4511 1868 4563 victoriam
1905 4525 2045 4578 saepe
2091 4525 2119 4561 a
2157 4510 2361 4562 daemo-

795 4601 959 4654 nibus
1020 4601 1280 4666 retulere,
1331 4603 1529 4656 virtute
1578 4601 1954 4655 adversarium
2013 4600 2247 4668 fregere,
2301 4609 2357 4654 et
2391 4587 2434 4641 Ι)

795 4693 1048 4746 Arianam
1097 4702 1300 4747 sectam
1338 4694 1586 4746 oratione
1636 4693 2035 4761 sapientissima
2081 4692 2255 4746 veluti
2297 4692 2351 4744 in

793 4786 1102 4840 columnam
1142 4787 1367 4839 incisam
1406 4785 1720 4850 traduxere,
1752 4787 2178 4838 instrumentum
2221 4783 2352 4836 teri-

795 4876 920 4932 tatis
951 4891 1074 4928 eum
1097 4892 1258 4944 quem
1288 4892 1426 4944 saepe
1449 4877 1686 4929 diximus
1714 4876 2006 4937 habentes,
2035 4875 2351 4930 exsulatum

797 4969 848 5018 in
886 4967 1020 5020 orbe
1071 4977 1259 5021 nostro
1298 4967 1439 5036 apud
1477 4968 1688 5020 Domini
1735 4984 2088 5035 percussores
2135 4967 2354 5022 Judmos

794 5060 847 5110 in
885 5060 1163 5125 civitatem
1225 5059 1615 5111 Diocwsaream
1676 5060 1895 5112 misere.
1940 5059 2353 5124 Verumtamen,

795 5152 954 5206 sicuti
990 5153 1160 5203 Orcus
1200 5166 1293 5203 seu
1330 5151 1597 5214 infernus,
1635 5151 1863 5204 fratrum
1897 5165 2071 5205 morte
2105 5153 2345 5206 nondum

793 5241 1018 5308 expleti,
1051 5241 1253 5307 ubique
1280 5249 1549 5294 terrarum
1579 5240 1862 5294 dementes
1884 5252 1938 5294 et
1970 5243 2174 5309 stupidi
2206 5259 2356 5295 mor-

796 5333 929 5384 tales
964 5332 1181 5385 saevitia:
1214 5347 1324 5385 suae
1351 5342 1764 5386 monumentum
1797 5334 2014 5402 aliquod
2044 5337 2353 5404 relinquere

794 5433 919 5476 sunt
949 5426 1091 5486 ausi,
1129 5427 1473 5480 nobilitatem
1524 5442 1591 5480 ex
1633 5425 1938 5481 malefaCtis
1993 5440 2350 5496 aucupantes.

797 5520 931 5570 licee
991 5519 1138 5571 enim
1190 5534 1409 5572 rursum
1465 5520 1728 5574 Ecclesia:
1780 5521 2064 5575 catholicas
2123 5522 2356 5576 clericos

796 5611 1099 5666 Antiochia:
1137 5611 1421 5679 degentes,
1450 5627 1556 5664 una
1590 5627 1712 5664 cum
1757 5601 2010 5680 probatis
2046 5613 2349 5678 monachis,

792 5705 884 5772 qui
916 5719 1104 5757 eorum
1145 5705 1440 5759 insolentes
1465 5706 1712 5760 actiones
1742 5705 2060 5759 testimonio
2087 5721 2187 5759 suo
2216 5720 2354 5759 con-

796 5805 1098 5857 tinuarent.
1159 5799 1248 5852 ubi
1300 5798 1613 5867 imperiales
1673 5814 1838 5852 aures
1872 5799 2111 5867 querelis
2163 5807 2354 5852 contra

795 5897 894 5944 nos
949 5891 1216 5945 institutis
1267 5889 1649 5955 obtudcrunt,
1705 5890 2117 5946 Neocaesaream
2191 5892 2350 5944 Ponti

2539 2506 2680 2557 Ἀλλ’
2714 2507 2771 2556 ἐν
2807 2504 3018 2566 τούτοις
3052 2502 3327 2570 ἐγαυρίων
3359 2505 3407 2554 oi
3442 2502 3542 2570 τῆς
3586 2501 3801 2565 Ἀρείου
3837 2500 4039 2567 μανίας

2460 2599 2692 2665 ὑπήκοοι
2723 2594 3065 2666 χορεύοντες.
3092 2593 3201 2660 Τῆς
3231 2593 3289 2644 δὲ
3311 2593 3532 2654 πόλεως
3561 2589 3744 2654 πάσης
3769 2590 4040 2658 ὀλοφυρο-

2461 2688 2628 2757 μένης
2653 2688 2775 2756 (οὐκ
2803 2682 2873 2756 ἦν
2905 2688 3014 2753 γὰρ
3032 2684 3181 2737 οίκία
3200 2686 3254 2734 ἐν
3343 2684 3444 2735 οὑκ
3459 2679 3526 2752 ἦν
3541 2681 3848 2750 τεθνηκὼς,
3880 2681 3956 2742 ὡς
3978 2682 4040 2732 ἐν

2459 2784 2524 2849 τῇ
2581 2776 3586 2848 Ἐξὸδῳγέγραπται),ούκὴρέμησαν
3616 2773 3799 2835 πάλιν,
3841 2774 3893 2824 οί
3934 2773 4042 2840 τὴν

2460 2871 2575 2934 ἕξιν
2606 2872 2906 2940 ἀκόρεστον
2943 2871 3076 2938 πρὸς
3114 2868 3462 2937 παρανομίαν
3514 2868 3890 2933 ἀσκήσαντες·
3946 2866 4044 2916 ἐπὶ

2464 2965 2574 3032 γὰρ
2603 2964 2669 3014 τά
2700 2965 2868 3030 χείρω
2913 2962 3015 3030 τὴν
3047 2961 3371 3030 προαίρεσιν
3415 2958 3811 3027 γυμνάζοντες,
3872 2958 4043 3025 μέχρι

2462 3050 2571 3102 τῶν
2602 3051 2702 3116 τῆς
2762 3051 3028 3118 ἐπαρχίας
3059 3049 3378 3102 ἐπισκόπων
3408 3049 3500 3100 τὸν
3536 3049 3666 3100 ίδιον
3700 3048 3798 3113 τῆς
3843 3049 4043 3110 κακίας

2466 3145 2542 3196 ίὸν
2571 3145 3001 3204 ἐπεκτείνοντες,
3034 3142 3322 3210 δορυφόρῳ
3368 3144 3506 3211 πρὸς
3556 3140 3772 3192 ἀδικίαν
3804 3139 3884 3207 τῷ
3930 3142 4042 3192 τῶν

2463 3239 2824 3305 λαργιτιόνων
2880 3239 3156 3305 χρώμενοι
3213 3237 3458 3305 κόμητι,
3521 3237 3598 3304 τῷ
3646 3237 4043 3305 προειρημένῳ

2461 3330 2692 3398 Μάγνῳ,
2725 3329 2854 3388 τοὺς
2904 3329 3003 3395 μὲν
3046 3327 3422 3397 βουλευτηρίῳ
3455 3327 3785 3397 παρέδοσαν,
3836 3331 3967 3386 τοὺς
3995 3327 4043 3378 δ’

2462 3419 2657 3482 ἄλλους
2683 3419 2741 3471 ὃν
2773 3419 3062 3472 ἐϐούλοντο
3100 3419 3301 3486 τρόπον
3347 3419 3664 3486 ἐνήδρευον,
3695 3418 4044 3487 πανταχόθεν

2463 3511 2601 3580 πρὸς
2632 3511 2888 3563 ἀσέϐειαν
2930 3511 3058 3572 τοὺς
3110 3510 3320 3572 πάντας
3366 3510 3632 3576 θηρεῦσαι
3691 3511 4039 3580 βουλόμενοι,

2461 3605 2613 3657 ούδὶν
2665 3605 2894 3670 ἀφέντες
2948 3603 3256 3672 ἀτόλμητον
3291 3619 3304 3633 ο
3367 3604 3501 3654 ἀλλὰ
3548 3605 3658 3671 γάρ
3713 3605 3806 3658 καὶ
3858 3605 4042 3658 πάντα

2462 3694 2898 3764 περιερχόμενοι.
2931 3694 3072 3746 κατὰ
3111 3694 3205 3746 τὶν
3227 3693 3360 3745 ἴδιον
3386 3693 3486 3758 τῆς
3520 3694 3791 3762 αἱρέσεως
3819 3696 4043 3764 πατέρα

2460 3786 2728 3846 διάϐολον,
2767 3785 3060 3856 ζητοῦντές
3107 3802 3231 3838 τινα
3279 3787 3596 3838 καταπιεῖν.
3633 3785 3879 3840 Καθόλου
3924 3788 4042 3839 τοί-

2463 3895 2560 3930 νυν
2591 3878 2744 3947 παρά
2775 3879 3014 3932 ’πάντων
3059 3878 3454 3950 ἀπορούμενοι,
3501 3880 3561 3931 ὲν
3605 3879 3737 3931 δέκα
3784 3878 3897 3932 τῶν
3931 3878 4043 3932 ἀπὸ

2461 3971 2562 4038 τῆς
2601 3969 2877 4037 Αἰγύπτου
2930 3969 3023 4022 τὸν
3083 3970 3319 4040 ἀριθμὸν
3358 3972 3700 4032 ἐπισκόπων,
3733 3971 3940 4039 ἀνδρας
3977 3972 4043 4022 ἐκ

2463 4065 2680 4116 παιδίου
2736 4064 2898 4132 μέχρι
2945 4064 3134 4132 γήρως
3163 4063 3262 4133 τὴν
3312 4063 3521 4131 ἔρημον
3553 4065 3844 4132 ἀσκήσεως
3876 4065 4042 4134 χάριν

2462 4158 2815 4224 οἰκήσαντας,
2847 4158 2943 4208 καὶ
2964 4155 3108 4224 λόγῳ
3131 4155 3225 4208 καὶ
3258 4156 3456 4225 πράξει
3482 4159 3580 4218 τάς
3611 4157 3803 4224 ἡδονὰς
3833 4155 4046 4209 ὑποτά-

2467 4247 2685 4312 ξαντας,
2719 4247 2814 4299 καὶ
2845 4247 2944 4314 τὴν
2990 4246 3192 4302 εύσεϐἧ
3227 4247 3415 4299 πίστιν
3447 4248 3903 4316 ἀνεπαισχύντως
3937 4265 4047 4315 κη-

2467 4335 2776 4404 ρύττοντας,
2834 4335 2928 4388 καὶ
2979 4337 3049 4388 τὰ
3113 4336 3214 4404 τῆς
3264 4334 3548 4398 εὐσεϐείας
3595 4335 4042 4406 γαλουχηθέντας

2463 4425 2735 4493 δόγματα,
2768 4424 2864 4477 καὶ
2909 4424 3066 4492 νίκην
3099 4424 3364 4486 πολλάκις
3405 4425 3545 4477 κατά
3599 4425 3877 4493 δαιμόνων
3902 4425 4047 4476 ἐπά-

2468 4533 2690 4586 ραντας,
2715 4516 2886 4585 ἀρετῇ
2914 4514 3306 4578 δυσωποῦντας
3337 4517 3428 4568 τδν
3462 4517 3783 4579 ἀντίπαλον,
3818 4518 3910 4568 καὶ
3940 4517 4044 4584 τὴν

2474 4608 2761 4676 ’Δρειανὴν
2795 4607 3094 4675 σοφωτάτῳ
3128 4605 3271 4676 λόγῳ
3312 4605 3729 4674 στηλιτεύοντας
3781 4607 4002 4676 αἵρεσιν
4024 4623 4043 4639 ⁶

2466 4698 2701 4766 ὄργανον
2731 4696 3014 4766 ὠμότητος
3040 4695 3133 4747 τοῦ
3161 4697 3568 4765 προειρημένου
3595 4695 3828 4762 ἔχοντεέ,
3867 4697 4043 4766 ὑπερο

2467 4790 2652 4858 ορίους
2708 4791 3073 4856 πεποιήκασιν
3105 4789 3161 4840 ἐν
3196 4789 3490 4857 οἰκουμένῃ
3529 4788 3677 4856 παρὰ
3706 4789 3813 4838 τῶν
3851 4806 4044 4857 κυριο-

2465 4882 2670 4934 κτόνων
2706 4880 2978 4932 Ἰουδαίων
3005 4881 3159 4932 πόλει
3197 4878 3441 4941 τοῦνομα
3467 4881 3878 4947 Διοκαισαρεία.
3927 4882 4042 4933 Καὶ

2465 4973 2612 5040 ὅμως
2655 4972 2728 5033 ὡς
2759 4974 2784 5022 ὁ
2815 4970 2945 5041 ᾇῖης
2982 4971 3071 5022 ἐπὶ
3107 4971 3324 5040 θανάτῳ
3368 4973 3475 5023 τῶν
3504 4971 3752 5038 ἀδελφῶν
3801 4973 3903 5024 ούκ
3946 4977 4046 5041 ἐμ-

2467 5063 2819 5130 πιπλάμενοι,
2856 5063 3171 5131 ἁπανταχοῦ
3205 5063 3309 5130 γῆς
3337 5063 3642 5131 ἐτόλμησαν
3671 5066 3716 5115 οί
3744 5067 4041 5134 παράφρο-

2465 5172 2552 5216 νες
2593 5156 2686 5206 καὶ
2721 5153 3004 5221 ἀϐέλτεροι
3037 5157 3133 5222 τῆς
3161 5154 3367 5216 οἰκείας
3394 5154 3678 5222 ὠμότητος
3709 5155 4044 5224 καταλείψαι

2471 5249 2837 5317 μνημόσυνον,
2875 5249 2940 5298 ὲκ
2969 5246 3156 5298 κακῶν
3181 5249 3323 5312 ἒχειν
3368 5249 3427 5298 τὸ
3455 5247 3745 5316 γνώρισμα
3773 5247 4046 5316 βουλόμε-

2464 5357 2563 5392 νοι.
2601 5340 2734 5391 Ἰδοὺ
2768 5339 2876 5406 γὰρ
2927 5338 3091 5390 πάλιν
3127 5338 3424 5406 κληρικοὺς
3455 5339 3555 5406 τῆς
3587 5338 3886 5406 καθολικῆς
3922 5341 4051 5394 Ἐκο

2467 5433 2722 5499 κλησίας,
2746 5434 2803 5482 ὲν
2834 5431 3137 5500 Ἀντιοχείᾳ
3164 5432 3542 5500 διατρίϐοντας
3577 5434 3692 5502 ἅμα
3720 5434 4047 5496 σπουδαίοις

2475 5523 2764 5592 μονάξουσι
2791 5522 2859 5574 τὰ
2899 5521 2994 5588 τῆς
3027 5523 3477 5591 δραματουργίας
3508 5524 3686 5576 αὐτῶν
3733 5525 4048 5594 διαμαρτύ-

2471 5615 2668 5683 ρασθαι
2696 5613 3094 5682 προθεμένους,
3132 5613 3419 5680 βασιλικάς
3451 5617 3755 5685 ἡχήσαντες
3786 5618 3909 5669 κατ’
3945 5620 4048 5669 αύ-

2467 5707 2576 5758 τῶν
2612 5707 2804 5768 ἀκοὰς,
2851 5706 2950 5774 τὴν
2995 5704 3433 5775 Νεοκαισάρειαν
3484 5707 3578 5760 τοῦ
3613 5709 3818 5760 Πόντου
3867 5711 4048 5761 οἰκεῖν

2406 5839 2418 5851 .
2465 5798 2930 5867 παρεσκεύασαν*
2963 5798 3012 5850 οἳ
3062 5799 3200 5866 τάχα
3251 5801 3344 5851 καὶ
3385 5800 3478 5852 τοῦ
3511 5801 3610 5868 ζῇν
3657 5802 4048 5869 ἐστερήθησαν

2460 5891 2546 5942 διὰ
2582 5890 2678 5958 τὴν
2719 5890 2848 5942 τῶν·
2873 5890 3053 5943 τόπων
3092 5890 3417 5961 ἀγριότητα.
3470 5893 3739 5955 Τοιαύτας
3783 5896 3808 5945 ό
3842 5896 4048 5956 καιρὸς
