4288 6438
219 449 331 511 669

1155 432 1751 497 ΕΟΕιΕΞΙΑΒΤΙΕιΈ
1786 430 2171 493 ΗΙΞΤΟΒΙᾹΞ
2210 430 2352 491 LIB.
2401 429 2501 490 Xl.

3352 426 3463 488 G70

219 564 431 621 ἐκεῖνος
459 559 675 623 ἐδέξατο
704 555 1036 625 τραγῳδίας,
1067 553 1227 619 σιγῆς
1255 551 1353 620 μὲν
1386 544 1478 602 οὖν
1508 547 1602 599 καὶ
1621 545 1793 614 λήθης
1826 551 1867 605 Α

1826 551 1867 605 Α
1897 545 2167 615 proscribi
2199 553 2483 599 curarunt.
2517 539 2677 612 164
2698 540 2801 608 Qui
2835 540 2985 595 brevi
3010 539 3201 602 etiam,
3224 550 3463 608 propter

218 654 405 718 ἀξίας,
436 653 496 704 ἑν
556 646 1044 718 συγγράμμασιδὲ
1095 643 1387 712 τιθεμένας
1442 642 1523 700 είς
1573 638 1797 705 ἔλεγχον

219 745 333 796 τῶν
356 743 499 795 κατὰ
521 741 622 799 ,τοῦ
641 738 985 809 Μονογενοῢς
1001 736 1344 806 κινησάντων
1372 732 1473 793 τὰς
1502 728 1757 797 γλώσσας
1777 743 1792 760 ο

219 837 273 891 οἱ
324 838 426 906 τὴν
478 838 582 905 τῆς
636 835 989 905 βλασφημίας
1045 830 1424 896 εἰσδεξάμενοι
1473 826 1697 886 λύτταν,
1732 822 1795 875 ού

224 930 390 996 μόνον
422 930 514 982 τὸν
542 925 653 982 τῶν
703 930 843 983 ὅλων
898 927 1180 991 Δεσπότην
1209 922 1450 988 τοξεύειν
1482 915 1795 987 ἐπιχειροῦ-

221 1039 333 1087 σιν,
367 1023 505 1074 ἀλλά
534 1026 628 1075 καὶ
655 1026 799 1075 κατά
830 1021 941 1074 τῶν
971 1017 1212 1073 εὐσεϐῶν
1241 1015 1407 1067 αὑτοῦ
1440 1008 1792 1079 θεραπόντων

218 1116 316 1168 τὸν
352 1117 616 1169 ἄσπονδον
642 1115 962 1179 ἀνεδέξαντο
990 1113 1251 1181 πόλεμον.
1283 1126 1301 1159 ε
1351 1103 1591 1160 Τοιαῦτα
1638 1100 1735 1169 μέν
1765 1098 1793 1148 ὁ

223 1210 373 1272 θεῖος
427 1210 632 1279 Πέτρος
678 1210 809 1279 περὶ
852 1207 964 1259 τῶν
1015 1205 1136 1257 τότε
1193 1201 1439 1268 διέξεισ.,
1490 1194 1584 1249 καὶ
1621 1193 1649 1245 ό
1695 1190 1796 1261 μὲν

222 1302 459 1363 Λούκιος
491 1300 664 1361 οὕτως
692 1300 861 1353 ἐδόνει
888 1298 991 1365 τὴν
1014 1296 1314 1362 Αἴγυπτον.

1897 638 2138 691 locorum
2170 636 2444 692 feritatem
2476 650 2573 688 seu
2598 634 2880 699 duritiem,
2905 634 3019 687 vita
3042 629 3461 685 suntdefuucti.

1898 727 2220 797 llujusmodi
2263 736 2479 796 tempus
2507 724 2639 779 illud
2689 724 2907 793 excepit
2939 722 3258 793 tragmdias,
3291 722 3463 778 silen—

1900 820 1977 873 tio
2031 820 2251 886 quidem
2284 819 2405 873 illas
2451 828 2507 873 et
2553 816 2832 872 oblivione
2865 816 3080 886 dignas,
3109 814 3203 869 sed
3237 829 3358 883 qua:
3408 814 3463 866 in

1898 912 2103 981 scripto
2134 910 2237 964 hoc
2271 913 2488 963 inserta:
2517 924 2613 963 eos
2657 906 3077 974 redarguerem,
3122 905 3215 974 qui
3248 905 3465 974 linguas

1897 1012 2088 1058 contra
2134 1000 2814 1069 Unigenitum‘moverunt
2842 1014 2857 1050 :
2899 1005 2954 1051 et
2985 998 3078 1065 qui
3112 994 3463 1063 blasphemia:

1899 1094 2136 1163 correpti
2189 1093 2365 1156 rabie,
2421 1108 2530 1145 non
2583 1092 2759 1144 solum
2812 1088 3014 1159 jaculis
3049 1097 3237 1157 petere
3274 1100 3460 1140 rerum

1902 1187 2277 1240 universarum
2306 1185 2592 1238 Dominum
2617 1184 2975 1247 contendunt,
2998 1181 3092 1237 sed
3118 1191 3175 1235 et
3196 1180 3462 1235 adversus

1901 1278 2023 1347 pios
2075 1280 2195 1345 ejus
2249 1276 2532 1329 ministros
2585 1276 2843 1328 infestum
2889 1285 2944 1329 et
2997 1269 3464 1328 irreconciliabile

221 1406 598 1465 susceperunt
626 1396 853 1450 bellum.
889 1412 906 1445 δ
940 1392 1066 1447 Huic
1094 1388 1317 1459 quidem
1386 1384 1607 1439 divinus
1669 1378 1861 1433 Petrus
1897 1373 1964 1428 de
1990 1373 2108 1442 ejus
2155 1371 2418 1440 temporis
2450 1370 2613 1424 rebus
2664 1369 2855 1433 refert,
2889 1377 2943 1423 et
2973 1368 3091 1439 ipso
3132 1367 3337 1422 Lucius
3395 1365 3460 1421 ad

222 1489 375 1543 hunc
405 1489 627 1543 modum
661 1487 949 1559 Egyptum
979 1483 1241 1538 turbavit.

787 1627 1040 1680 ΚΒΦΔΔ.
1089 1624 1220 1679 KG’.

233 1722 335 1788 Ὠς
359 1722 461 1776 διὰ
498 1722 614 1786 τὴν
650 1717 1164 1788 ὑπερϐάλλουσαν
1214 1716 1438 1788 ᾴρετὴν
1460 1710 1592 1788 ζῶσε
1628 1720 1793 1770 τηνι-

293 1779 488 1847 αἶαῦτα
517 1779 867 1845 ἐπισκόάων
895 1792 928 1842 ό
966 1787 1076 1852 τῆς
1105 1779 1389 1849 αΙρέονεως
1429 1783 1538 1852 οὐξι
1571 1779 1793 1852 ισχυςε

293 1841 914 1942 uiolarem
935 1841 1379 1925 ίῐῖρὶεὲαινῆνίωνοι,ἰ
1416 1849 1521 1903 τοῦ
1550 1841 1795 1901 Σκυθῶν
1824 1886 1868 1942 Β

292 1933 660 1987 ἐπισκόπου.

300 2049 537 2115 Διδύμου
565 2045 625 2097 δὲ
654 2042 750 2095 τοῦ
799 2042 1090 2109 φιλοσόφου
1128 2037 1428 2108 τηνικαῦτα
1476 2036 1587 2096 τοῖς
1628 2028 1796 2083 ἐκεϊσ’

222 2141 639 2209 ἐνακμάζοντος
670 2135 883 2204 μέρεσι,
916 2132 1012 2185 καὶ
1036 2132 1212 2186 ἀλλων
1238 2127 1539 2196 ἐλλογίμων
1564 2122 1793 2192 ἀνδρῶν,

220 2234 324 2285 καὶ
356 2230 589 2299 μάλιστα
629 2226 740 2279 τῶν
774 2226 958 2278 ἐκεῖσε
1001 2221 1276 2293 μοναχῶν,
1308 2220 1357 2273 οἳ
1400 2218 1583 2272 πολλοί
1613 2234 1670 2270 τε
1701 2215 1797 2267 καὶ

222 2322 428 2391 ἀγαθοὶ
470 2315 613 2387 ἦσαν
656 2316 793 2385 πρὸς
819 2316 919 2384 τὴν
943 2314 1050 2365 τῶν
1089 2311 1338 2379 ἀγγέλων
1364 2306 1642 2362 πολιτείαν
1678 2305 1796 2357 δια-

226 2414 585 2483 μιλλώμενοι,
616 2409 850 2470 Λούκιος
876 2406 1027 2460 οὐδὲν
1055 2404 1287 2474 ⁴ἠδύνατο
1328 2403 1611 2467 πράττειν.
1657 2397 1796 2450 Καί-

225 2522 339 2573 περ
412 2503 521 2569 γὰρ
564 2499 871 2565 διωκομένη
924 2498 958 2565 ἡ
1011 2496 1132 2548 κατ’
1181 2494 1455 2560 Αἴγυπτον
1497 2489 1796 2553 Ἐκκλησία

223 2595 414 2663 πολλῷ
433 2596 545 2655 τοῖς
574 2592 836 2661 πλήθεσιν
861 2590 1187 2659 ὑπερὲφερε,
1216 2588 1314 2650 τὰς
1341 2586 1399 2650 ἐξ
1417 2584 1630 2652 Ἀρείου
1653 2601 1796 2653 παρ-

221 2687 630 2756 ευδοκιμοῖωα·
676 2686 704 2737 ὃ
738 2684 801 2753 δὴ
847 2688 943 2737 καὶ
988 2683 1137 2751 παρὰ
1194 2683 1307 2742 τοῖς
1354 2678 1453 2747 τὴν
1500 2676 1800 2746 Ὀσροηνὴν
1875 2735 1878 2739 ν

223 2780 401 2831 οἰκεῖν
459 2776 721 2846 λαχοῦσιν
776 2774 1115 2826 συνέὸαινεν.
1168 2769 1333 2823 Ἀλλά
1384 2768 1448 2836 δὴ
1500 2764 1801 2833 καλνκπαρά

224 2868 639 2929 Καππαδόκαις
665 2883 680 2897 ο
735 2868 768 2934 ἡ
820 2865 928 2933 γὰρ
960 2864 1080 2917 θεία
1132 2864 1248 2915 ἐκεῖ
1278 2861 1511 2927 ξυνωρὶς
1556 2859 1654 2921 τὰς
1691 2856 1799 2910 τῶν

224 2961 499 3016 ἐναντίων
547 2957 855 3028 προσϐολὰς
891 2955 1270 3025 ἀπεκρούετο⁶
1306 2950 1601 3013 Βασίλειος,
1635 2950 1795 3017 φημὶ,

226 3057 326 3108 καὶ
361 3052 684 3122 Γρηγόριος.
716 3050 868 3117 Μόνη
895 3048 939 3101 δ’
962 3050 1018 3101 ἐν
1050 3047 1246 3117 ἀταξίᾳ
1276 3046 1507 3115 πλείὰῃ
1534 3040 1600 3113 ἦν
1633 3042 1801 3112 Συρία

222 3160 287 3196 τε
314 3143 431 3210 ἆμα
452 3142 546 3193 καὶ
577 3138 878 3208 Ἀντιόχεια
900 3151 914 3164 ·
944 3137 1003 3188 ἐν
1038 3136 1244 3188 πλείονι
1272 3133 1381 3203 γὰρ
1415 3134 1465 3185 οί
1496 3134 1550 3197 ἐξ
1577 3131 1798 3200 Ἀρείου

224 3232 397 3305 ἦσαν,
428 3232 523 3284 καὶ
565 3232 662 3292 τὰς
706 3227 1000 3296 ἐκκλησίας

229 3327 337 3393 τῆς
368 3322 602 3377 καθόλου
634 3317 965 3388 Ἐκκλησίας
986 3333 1001 3347 ο
1046 3314 1134 3374 οὓς
1161 3316 1210 3367 ol
1248 3315 1345 3382 μὲν
1378 3313 1796 3377 Εὐσταθιανοὺς,

223 3419 278 3470 οἱ
312 3417 372 3469 δέ
400 3411 794 3470 Παυλινιανοὺς
823 3406 1211 3475 κατωνόμαζον
1232 3423 1246 3437 -
1278 3400 1352 3458 ὧν
1395 3406 1500 3473 ίδίᾳ
1536 3404 1801 3466 Παυλίνός

224 3526 289 3562 τε
322 3507 423 3559 καὶ
480 3502 751 3561 δῖελέτιος
780 3502 875 3559 τὰς
910 3513 1229 3564 συναγωγας
1279 3494 1671 3557 ἐποιοῦντο.ὠς
1714 3512 1801 3561 μι-

227 3599 365 3669 κρὸν
393 3595 601 3651 ἀνωθεν
621 3592 967 3659 διελάὅομεν.
1004 3590 1110 3643 Καί
1142 3605 1205 3655 γε
1250 3587 1312 3658 δὴ
1365 3586 1562 3657 μικροῦ
1594 3585 1701 3638 δεῖν
1740 3585 1800 3638 ἆ-

227 3708 386 3744 πασα
418 3691 451 3757 ἡ
488 3686 807 3754 Ἀντιοχέων
837 3683 1016 3747 πόλις,
1049 3684 1107 3735 ἐν
1136 3680 1367 3750 κινδύνῳ
1400 3681 1664 3747 γενομένη
1696 3680 1798 3745 τῆς

239 3781 461 3849 Ἀρείου
490 3777 693 3845 λύσσης
725 3772 1002 3841 γενέσθαι,
1036 3772 1124 3824 διά
1155 3769 1377 3831 τούτους
1405 3769 1670 3837 ὑπερέσχε
1699 3768 1797 3836 τῆς

224 3891 287 3925 τε
318 3871 416 3925 τοῦ
456 3868 721 3937 βασιλέως
760 3865 938 3933 ὁρμῆς
957 3867 1050 3917 καὶ
1096 3863 1203 3914 τῶν
1251 3861 1389 3931 ἀμφ’
1436 3861 1599 3913 αὐτὸν
1639 3860 1799 3911 δυνά-

229 3978 405 4031 μεων.
446 3959 560 4011 Καὶ
611 3957 720 4024 γάρ
771 3972 888 4015 πως
925 3953 1266 4038 συνέϐαινεν,
1310 3952 1573 4021 ἀνδρείων
1627 3952 1796 4003 όντων

225 4052 337 4103 τῶν
371 4049 574 4101 ἰθύνειν
603 4046 701 4107 τάς
736 4045 1037 4112 ἐκκλησίας
1073 4044 1370 4112 λαχόντων,
1422 4042 1497 4113 μὴ
1528 4041 1796 4110 μεταὸἀλο

224 4141 418 4195 λεσθαι
468 4140 537 4193 τά
596 4138 775 4207 πλήθη
818 4140 919 4206 τῆς
975 4137 1199 4202 ἐνούσης
1256 4135 1432 4203 δόξης.
1494 4134 1683 4187 Ἔνθεν
1713 4150 1796 4186 τοι

226 4235 326 4287 καὶ
362 4232 579 4293 Σκύθας
633 4230 793 4295 λόγος
843 4229 992 4298 αίρεῖ
1045 4214 1236 4297 ἀνδρός
1274 4229 1626 4295 ἐπιτυχόντας
1669 4244 1795 4293 γεν-

222 4324 408 4386 ναίου,
448 4322 523 4391 μὴ
555 4319 889 4390 μεταλλάξαι
920 4318 981 4371 τὸ
1014 4318 1204 4380 σέϐας.
1264 4320 1419 4388 Ἔχει
1470 4319 1571 4387 μὲν
1601 4319 1710 4389 γὰρ
1736 4318 1796 4371 τὸ

222 4416 380 4477 ἔθνος
426 4412 590 4467 τοῦτο
638 4412 899 4472 πλείστας
953 4412 1037 4465 ὅτι
1090 4411 1281 4479 κώμας
1334 4413 1426 4463 καὶ
1476 4410 1657 4479 χώρας
1701 4410 1795 4464 καὶ

222 4507 470 4577 φρούρια
493 4522 508 4537 ο
546 4505 806 4574 ὑπερέχει
844 4503 889 4556 δ’
918 4506 977 4557 ἐν
1014 4503 1225 4566 τούτοις
1277 4498 1366 4556 οἷά
1397 4520 1480 4565 τις
1513 4505 1792 4573 μητρόπο-

222 4600 339 4665 λις,
381 4597 553 4667 Τόμις
586 4598 778 4665 ὄνομα,
811 4595 960 4656 πόλις
1002 4595 1274 4664 εὐδαίμων
1308 4594 1560 4663 μάλιστα,
1594 4595 1687 4647 καὶ
1715 4593 1792 4663 τῷ

224 4687 454 4757 μεγέθει
509 4686 619 4739 τῶν
672 4686 848 4739 ἄλλων
891 4683 1069 4753 πολλῷ
1118 4683 1475 4752 διαφέρουσα.
1512 4686 1703 4736 Κεῖται
1739 4684 1793 4737 δέ

219 4778 363 4847 αὕτη
400 4776 541 4829 κατά
569 4775 668 4845 τὴν
724 4774 1001 4844 παραλίαν
1040 4771 1137 4826 τοῦ
1182 4767 1413 4834 Πόντου,
1452 4772 1509 4833 ὃς
1545 4771 1793 4836 Εὔξεινος

220 4864 684 4933 κατωνόμασται,
721 4861 780 4927 ἐξ
810 4863 1136 4929 εύνωνύμων
1159 4862 1482 4915 είσπλέοντι.
1512 4863 1601 4925 Ἐς
1635 4862 1795 4932 δεῦρο

216 4957 265 5009 δ’
300 4958 484 5007 ἐκεῖσε
521 4955 753 5024 ἀρχαῖον
799 4953 921 5017 ἔθος
976 4956 1188 5023 κρατεῖ,
1249 4956 1309 5005 τὸ
1364 4955 1474 5006 πᾶν
1507 4953 1655 5016 ἐθνος
1706 4954 1793 5021 ὑφ’

216 5049 301 5101 ἐν).
329 5046 621 5114 ἐπισκόπῳ
651 5043 970 5097 τάττεσθαι.
1012 5043 1334 5113 Τηνικαῦτα
1368 5044 1424 5097 δὲ
1455 5045 1794 5114 Βρεταννίων

214 5156 300 5201 τις
332 5138 515 5191 αὐτῶν
538 5136 934 5206 ἐπετρόπευεν.
968 5135 1122 5189 Ἐπεὶ
1159 5136 1269 5209 γὰρ
1301 5136 1513 5203 συμϐὰν
1545 5134 1687 5189 οὕτω
1716 5137 1796 5200 είς

216 5233 398 5301 Τόμιν
429 5224 564 5299 ἦκεν
600 5229 842 5296 Οὐάλης,
892 5230 988 5283 καὶ
1027 5230 1179 5299 παρά
1204 5229 1303 5296 τὴν
1350 5228 1646 5298 ἐκκλησίαν
1677 5227 1792 5295 ἰὼν,

212 5325 309 5377 τὸν
344 5322 645 5376 ἐπίσκοπον
674 5321 913 5385 ἔπειθεν,
954 5319 1146 5390 ὥσπερ
1180 5320 1384 5386 είώθει,
1408 5324 1521 5383 τοῖς
1554 5322 1661 5374 ἀπὸ
1695 5322 1793 5389 τῆς

226 5416 454 5485 Ἀρείου
483 5413 750 5484 αἱρέσεως
793 5414 1095 5467 κοινωνεῖν.
1143 5412 1203 5465 Ὀ
1250 5413 1307 5465 δὲ
1357 5413 1619 5480 γενναίως
1650 5413 1796 5477 μάλα

218 5508 318 5560 σὺν
348 5504 637 5576 παρρησίᾳ
681 5506 824 5576 ὑπὲρ
875 5504 971 5558 τοῦ
1025 5505 1291 5573 δόγματος
1335 5506 1445 5557 τῶν
1504 5505 1561 5556 ἐν
1589 5505 1795 5577 Νικαξᾳ

216 5601 592 5656 συνελθόντων
618 5600 1034 5670 συνηγωνίζετο.
1067 5599 1223 5652 Ἐπεὶ
1253 5598 1308 5650 δὲ
1334 5598 1409 5668 μὴ
1444 5598 1652 5651 πείθειν
1678 5593 1790 5668 εἶχε

220 5697 311 5748 τὸν
347 5692 680 5764 κρατοῦντα,
715 5693 898 5744 ἐκεῖσε
937 5691 1126 5745 τοῦτον
1171 5689 1511 5756 καταλιπὼν,
1546 5691 1626 5753 εἰς
1674 5690 1793 5743 ἐτέ-

291 5852 370 5921 (ι)
404 5849 625 5906 Sozom.
666 5848 760 5903 lib.
794 5865 867 5913 νι,
896 5865 1019 5919 cap.
1053 5848 1143 5904 21.

2459 1597 2683 1654 CAPUT
2721 1596 2915 1651 XXIX.

1905 1690 1969 1747 Ut
2002 1701 2214 1761 prapter
2235 1690 2571 1744 excellentem
2588 1691 2846 1761 virtutem
2863 1688 2974 1761 ejus
2998 1684 3244 1751 temporis
3264 1684 3464 1761 ἀνίει-οξ

1971 1756 2157 1831 porum
2200 1763 2488 1831 fluentium
2520 1776 2645 1831 non
2701 1756 3009 1831 invaluerit_
3043 1762 3321 1831 tempestas
3354 1769 3372 1808 :
3413 1760 3463 1805 et

1971 1825 2163 1884 mentio
2193 1830 2554 1883 Britannionis
2576 1827 2895 1897 Scytharum
2929 1825 3176 1893 episcOpt'.

1967 2009 2123 2075 Quod
2176 2018 2358 2061 autem
2416 2016 2531 2060 tum
2585 2006 2849 2076 Didymus
2883 2003 3245 2072 philosophus
3279 2003 3334 2057 in
3377 2003 3475 2060 eis.

1896 2099 2217 2171 regionibus
2251 2099 2495 2160 ﬂoreret,
2523 2110 2578 2150 et
2597 2098 2689 2151 alii
2712 2096 2960 2166 praeclari
2989 2096 3115 2155 viri.
3143 2106 3198 2149 et
3226 2096 3459 2151 maxime

1896 2192 1988 2260 qui
2033 2190 2108 2243 ibi
2142 2199 2301 2243 erant
2333 2190 2611 2250 monachi,
2643 2189 2736 2255 qui
2768 2196 2824 2240 et
2858 2186 3043 2255 plures
3081 2194 3138 2240 et
3167 2185 3297 2241 boni
3332 2201 3459 2241 cum

1897 2285 2217 2351 angelorum
2278 2280 2498 2334 vivendi
2557 2280 2808 2333 instituto
2870 2278 3188 2341 certabant,
3260 2278 3466 2333 Lucius

1896 2376 2110 2431 ellicere
2140 2374 2277 2428 nihil
2305 2375 2501 2443 potuit.
2521 2372 2783 2439 Quamvis
2807 2371 2955 2426 enim
2982 2371 3224 2425 Ecclesia
3244 2370 3460 2442 Αἴθῃ)ιί

1896 2466 2340 2536 persecutionem
2380 2464 2571 2527 ferret,
2604 2465 2764 2533 longe
2804 2473 2985 2518 tamen
3018 2478 3125 2517 una
3151 2479 3275 2517 cum
3301 2463 3463 2519 laude

1897 2568 1954 2613 et
2010 2559 2182 2628 gloria
2231 2558 2465 2612 Arianos
2516 2557 2801 2610 hominum
2868 2572 3102 2610 numero
3142 2556 3461 2623 superabat.

1898 2650 2053 2715 Quod
2110 2650 2297 2703 itidem
2338 2648 2479 2717 apud
2530 2646 2811 2701 Osroenos
2858 2646 3081 2711 accidit,
3114 2657 3279 2715 atque
3332 2648 3462 2701 item

1897 2742 2038 2812 apud
2070 2741 2427 2811 Cappadoces
2457 2740 2560 2809 ll).
2605 2739 2859 2793 Divinum
2896 2754 3132 2809 namque
3162 2739 3293 2793 illud
3327 2741 3466 2792 ami-

1900 2850 2089 2889 corum
2122 2848 2242 2903 par.
2273 2832 2508 2886 Basilius
2536 2831 2795 2885 videlicet
2839 2838 2894 2885 et
2926 2831 3247 2899 Gregorius,
3276 2831 3466 2884 inimi-

1899 2941 2085 2979 corum
2116 2924 2354 2978 insultus
2386 2922 2749 2992 repellebant.
2777 2922 2900 2977 Sola
2935 2930 3116 2976 autem
3143 2923 3196 2976 in
3231 2924 3463 2977 maxima

1898 3020 2259 3077 ecclesiastici
2292 3018 2505 3073 ordinis
2556 3017 2920 3071 dissolutione
2949 3028 3070 3072 erat
3118 3017 3275 3087 Syria
3304 3016 3464 3071 simul

1898 3122 1953 3168 et
2011 3110 2320 3165 Antiochia.
2372 3108 2602 3163 Plurimi
2648 3109 2798 3163 enim
2832 3109 2908 3162 ibi
2963 3109 3150 3163 Ariani
3196 3118 3355 3162 erant
3404 3118 3459 3162 et

1046 3228 1295 3294 κατεῖχον
1314 3241 1328 3256 ο
1352 3200 1628 3285 *ἐλάττους
1657 3222 1701 3275 δ’
1746 3222 1796 3274 οἱ
1825 3214 1866 3269 C

1825 3214 1866 3269 ο
1898 3204 2160 3259 ecclesias
2207 3202 2561 3267 obtinebant;
2625 3200 2896 3255 Catholici
2931 3216 3061 3254 vero
3115 3203 3405 3271 pauciores
3446 3219 3461 3256 :

1900 3295 2038 3363 qttos
2072 3292 2295 3362 quidem
2327 3291 2419 3345 alii
2458 3291 2876 3354 Eustatliianos,
2927 3290 3017 3343 alii
3063 3303 3244 3345 autem
3277 3292 3465 3347 Pauli—

1901 3386 2095 3439 nianos
2118 3384 2431 3449 vocabant;
2474 3398 2666 3437 eorum
2698 3383 2904 3452 quippe
2938 3384 3169 3437 seorsim
3202 3385 3465 3440 Paulinus

1898 3488 1955 3533 et
2016 3477 2268 3531 Meletius
2317 3487 2625 3531 conventus
2678 3485 3013 3545 coegerant,
3082 3478 3246 3531 siciiti
3302 3488 3463 3532 antea

1898 3569 2161 3624 diximus.
2198 3569 2265 3623 Et
2299 3583 2425 3622 cum
2479 3583 2670 3637 parum
2724 3569 2959 3632 abesset,
3000 3569 3133 3638 quin
3168 3570 3465 3624 Antioche-

1899 3675 2096 3714 norum
2151 3660 2348 3713 civitas
2399 3670 2597 3714 cuncta
2654 3660 3087 3729 periclitaretur,
3132 3668 3189 3714 et
3237 3661 3305 3716 ad
3348 3660 3460 3716 A'rii

1899 3754 2104 3806 rabiem
2156 3749 2499 3812 deﬂecteret.
2533 3752 2752 3806 illorum
2784 3767 2949 3822 opera
2982 3733 3152 3807 simul
3185 3763 3242 3808 et
3282 3754 3460 3823 impe-

1897 3846 2094 3900 ratoris
2126 3847 2390 3915 impetum
2446 3858 2501 3901 et
2553 3845 2813 3900 factionis
2843 3846 2964 3915 ejus
3012 3846 3122 3900 vim
3142 3848 3458 3916 superavit.

1896 3937 2031 3992 Nam
2093 3938 2498 4005 quodammodo
2539 3936 2760 4001 accidit,
2804 3946 2863 3991 ut
2901 3936 3048 4007 quod
3094 3939 3458 3994 ecclesiarum

1897 4030 2301 4085 administratio
2356 4046 2523 4100 penes
2552 4029 2699 4084 viros
2738 4029 2911 4083 fortes
2958 4041 3129 4093 esset,
3160 4032 3459 4088 multitudo

1897 4124 1966 4176 ab
2000 4123 2257 4192 opinione
2305 4131 2571 4189 concepta
2604 4137 2715 4175 non
2752 4122 3080 4177 discederet.
3130 4124 3370 4181 Proinde
3403 4137 3460 4181 et

1897 4215 2152 4287 Scythae,
2216 4216 2344 4282 quia
2413 4214 2593 4267 virum
2656 4214 3062 4284 magnanimum
3135 4216 3455 4287 episcopum

1898 4305 2041 4361 nacti
2088 4305 2330 4369 fuerant,
2374 4306 2664 4375 religionis
2707 4306 2915 4359 cultum
2953 4307 3182 4363 minime
3217 4319 3458 4365 mutasse

1898 4407 2010 4453 tum
2051 4397 2328 4452 feruntur.
2361 4396 2507 4451 Gens
2535 4412 2600 4451 ea
2630 4411 2865 4465 namque
2900 4400 3337 4467 quamplurimos
3362 4400 3461 4453 ha-

1899 4490 1989 4543 bet
2018 4488 2189 4554 vicos,
2224 4488 2474 4558 regiones
2516 4498 2571 4541 et
2608 4487 2830 4543 castella
2859 4504 2874 4553 ;
2916 4487 3071 4557 165
3103 4498 3267 4555 atque
3300 4490 3353 4543 in
3390 4490 3460 4544 iis

1825 4566 1868 4623 ι)
1901 4581 2070 4636 veluti
2103 4582 2425 4650 metropolis
2467 4580 2657 4635 Tomis
2682 4582 2930 4646 excellit,
2962 4583 3154 4637 civitas
3182 4582 3457 4637 fortunata

1897 4675 2153 4737 maxime,
2181 4683 2238 4729 et
2286 4674 2662 4744 magnitudine
2697 4675 2824 4730 aliis
2871 4675 3032 4746 longe
3075 4678 3454 4746 praestantior.

1896 4765 2008 4820 Sita
2038 4782 2101 4820 ea
2127 4777 2210 4820 est
2241 4766 2293 4820 in
2314 4767 2599 4828 maritima
2622 4769 2844 4836 regione
2873 4768 3055 4830 Ponti,
3088 4770 3181 4839 qui
3209 4770 3459 4824 Euxinus

1896 4858 2125 4919 dicitur.
2182 4857 2248 4910 ad
2308 4856 2593 4911 sinistram
2643 4857 2825 4911 sinum
2879 4874 3005 4913 eum
3066 4859 3190 4913 navi
3248 4862 3455 4928 petenti

1896 4960 2131 5018 partem.
2188 4948 2267 5003 Ad
2321 4964 2449 5003 eum
2496 4956 2677 5002 autem
2727 4964 2901 5018 usque
2947 4949 3115 5014 diem,
3150 4960 3331 5005 vetus
3382 4953 3455 5006 ibi

1896 5040 2240 5097 consuetudo
2285 5041 2542 5103 durabat,
2594 5050 2654 5095 ut
2705 5042 2797 5095 uni
2829 5056 2965 5111 gens
2994 5042 3175 5095 omnis
3195 5043 3456 5113 episcopo

1896 5142 2139 5205 pareret.
2177 5133 2257 5187 Eo
2304 5142 2548 5203 tempore
2586 5148 2716 5188 vero
2766 5134 3050 5187 Britannio
3098 5134 3179 5188 eis
3229 5135 3453 5204 quidam

1900 5224 2139 5293 praefuit.
2194 5223 2392 5277 Evenit
2428 5238 2593 5293 porro
2630 5233 2688 5277 ut
2718 5223 2914 5278 Valens
2945 5234 3059 5278 tum
3094 5239 3162 5279 eo
3214 5206 3487 5290 veniret,"

1897 5326 2061 5386 atque
2115 5316 2383 5386 templum
2435 5316 2737 5383 ingressus,
2794 5317 3074 5385 episcopo,
3131 5325 3188 5369 ut
3239 5307 3455 5373 sc'Arii

1897 5408 2090 5463 haeresi
2123 5409 2513 5463 communione
2547 5408 2895 5478 adjungeret,
2941 5424 3040 5477 pro
3070 5422 3136 5463 eo
3175 5416 3337 5477 atque
3365 5422 3454 5462 εο-

1895 5500 2026 5554 litus
2082 5512 2222 5565 erat,
2280 5500 2555 5554 suaderet.
2616 5499 2935 5554 Generosus
2976 5510 3158 5554 autem
3207 5500 3292 5555 vir
3336 5500 3448 5563 ille,

1896 5607 2021 5647 cum
2069 5591 2322 5646 libertate
2370 5593 2537 5645 multa
2574 5591 2642 5645 de
2707 5591 2958 5661 dogmate
2985 5591 3329 5646 Nicaeuorum
3355 5590 3459 5645 Pa-

1898 5693 2043 5738 trum
2096 5698 2219 5738 cum
2256 5699 2324 5739 eo
2373 5698 2701 5755 congressus
2760 5683 3083 5739 deccrtavit.
3137 5683 3315 5753 Atque
3363 5682 3457 5737 ubi
