4288 6438
213 417 328 482 €33

1132 410 1724 478 EtZCLESIASTlCE
1764 411 2153 475 HlSTORlAS
2189 410 2334 473 LIB.
2377 411 2485 474 XI.

3328 403 3441 469 5M

208 536 323 604 Υὶῴ
340 536 700 604 κηρύττοντες
718 533 1024 601 ὀμοούσιον.
1049 533 1294 602 Στεῤῥῶς
1323 532 1380 584 δὲ
1397 532 1495 598 τῆς
1520 532 1771 595 τοιαύτης
1800 544 1815 586 Α

1840 569 1842 579 .
1873 526 2087 579 stantia:
2117 534 2172 579 et
2193 524 2435 593 ejusdem
2474 523 2701 577 honoris
2728 535 2784 577 et
2806 525 3055 593 ejusdem
3098 525 3285 593 gloriae
3307 541 3433 580 cum

204 626 541 694 ὑπερίστατο
568 624 725 695 δόξης
754 625 905 694 παρὰ
941 624 1038 693 μὶν
1071 624 1267 692 Σύροις
1308 624 1367 675 Ἀ
1380 623 1718 688 πολλινάριος
1748 621 1776 672 ὸ

204 717 535 781 Λαώικεὺςν
559 717 663 769 ἀνὰ
688 716 745 769 δὲ
771 716 868 784 τὴν
894 718 1166 782 Αἴγυπτον
1185 718 1212 767 ό
1245 714 1410 776 πολὺς
1435 713 1776 775 Ἀθανὰσιος,

201 807 283 860 ἑτι
317 811 524 877 περιὼν
577 808 726 870 τότε,
782 807 935 874 παρὰ
990 805 1046 859 δὲ
1083 803 1479 865 Καππαδόκαις
1534 805 1626 854 καὶ
1658 804 1815 864 ταῖς·

202 888 336 967 περὶ
368 897 459 949 τὸν
494 894 747 961 Εὔξεινον
789 894 1109 964 ἐκκλησίαις
1142 893 1444 965 Γρηγόριος
1479 894 1573 944 καὶ
1619 892 1779 943 Βασί-

202 989 258 1038 λε
272 1005 368 1050 ιος.

276 1260 389 1344 Ἑῆς
415 1260 470 1311 δὲ
504 1260 783 1330 τοιαύτης,
811 1264 885 1324 ὠς
927 1261 1161 1331 εἴρηται,
1203 1260 1483 1328 ζητήσεως
1528 1258 1779 1327 κινουμέ-

205 1370 329 1419 νης,
353 1353 447 1404 καὶ
475 1354 571 1421 τῆς
609 1354 945 1422 φιλονεικίας
972 1353 1169 1421 πολλῆς
1197 1353 1286 1406 διὰ
1317 1351 1487 1403 ταῦτα
1515 1349 1779 1401 ἐπιδιδοιῦ⁸

208 1462 334 1512 σης,
364 1445 811 1507 Οὐαλεντινιανὸς
848 1446 925 1514 τῷ
956 1445 1139 1514 πολλῷ
1168 1445 1265 1509 τῆς
1290 1444 1414 1512 ’περὶ⁵
1448 1444 1517 1493 τὰ
1541 1442 1658 1493 θεῖα
1689 1442 1772 1492 εὑ·

208 1535 431 1597 ιαὸείας
479 1537 631 1588 οὐδὲν
665 1536 846 1601 λέγειν
880 1531 993 1603 εἶχε
1018 1548 1032 1562 ⁸
1067 1534 1381 1603 παρεχώρει
1430 1532 1485 1583 δὲ
1533 1533 1639 1587 τοῖς
1676 1547 1785 1584 τοι-

208 1627 352 1679 αῦτα
404 1626 863 1694 πεπιστευμένοις
912 1627 972 1678 τὸ
1016 1625 1267 1692 ποιητέον
1321 1623 1645 1687 ἐξενεγκεῖν.
1715 1622 1780 1673 Ὀ

216 1717 409 1785 μαθὼν
455 1720 482 1769 ὁ
527 1716 824 1787 τηνικαῦτα
852 1717 950 1783 τῆς
988 1715 1277 1781 Ῥωμαίων
1310 1713 1635 1781 Ἐκκλησίκς
1686 1710 1783 1773 τὰς

208 1806 370 1875 ἡνίας
402 1808 540 1875 ἔχων
575 1806 999 1875 Λιὸέριος,τοῦς
1032 1807 1158 1873 περὶ
1190 1804 1350 1857 αὐτὴν
1384 1803 1561 1868 ἱερέας
1598 1799 1777 1868 ἀθροί-

1877 610 2041 667 Patre
2068 614 2350 677 colebant,
2383 615 2464 669 sic
2501 614 2667 669 etiam
2694 614 2761 667 de
2795 616 3002 683 Spiritu
3040 624 3249 675 sancto,
3286 615 3435 670 Patri

1874 714 1931 759 et
1955 706 2096 760 Filio
2137 707 2451 774 ὁμοούσιον,
2478 707 3003 761 consubstantialem
3038 708 3215 774 ipsum
3242 706 3441 776 pradi-

1875 804 2086 862 canles,
2105 798 2515 866 proﬁterentur.
2534 798 2640 852 Pro
2654 797 2755 851 hac
2779 796 3033 866 opinione
3054 796 3268 851 fortiter
3292 798 3436 867 apud

1877 888 2044 957 Syros
2070 889 2403 956 Apollinaris
2438 889 2813 952 Laodicensis,
2851 890 2902 939 in
2934 886 3165 957 Egypto
3213 904 3440 958 magnus

1890 980 2217 1033 Athanasius
2238 980 2419 1033 adhuc
2450 990 2748 1049 superstes,
2772 978 2916 1048 apud
2934 978 3287 1047 Cappadoces
3311 995 3443 1034 vero

1890 1079 1946 1125 et
1993 1072 2255 1126 ecclesias
2302 1070 2461 1125 Ponti
2496 1070 2791 1140 Gregorius
2856 1079 2913 1125 et
2971 1069 3202 1125 Basilius
3255 1070 3447 1126 decer-

1889 1171 2098 1216 tarunt.

1962 1260 2073 1313 Hac
2094 1258 2219 1327 ipsa
2268 1260 2590 1326 quaestione,
2638 1261 2800 1315 sicuti
2843 1260 2977 1327 dixi,
3015 1270 3183 1327 mota,
3218 1276 3345 1316 cum
3378 1258 3446 1316 de

1883 1364 1947 1403 ea
1983 1350 2177 1419 ingens
2216 1352 2582 1407 contendendi
2624 1353 2868 1407 studium
2925 1354 3309 1417 incrcbuisset,
3345 1351 3448 1406 Va-

1885 1442 2224 1498 lentinianus
2256 1461 2353 1512 pro
2386 1446 2580 1514 insigni
2608 1460 2706 1499 sua
2736 1446 2791 1498 in
2837 1445 3009 1500 Deum
3044 1446 3269 1515 pietate,
3300 1446 3444 1514 quod

1886 1533 2117 1597 diceret,
2154 1552 2261 1588 non
2299 1537 2554 1591 habebat.
2605 1536 2817 1603 Quibus
2858 1550 3041 1593 autem
3083 1539 3207 1591 talia
3239 1538 3447 1593 credita

1882 1636 2093 1684 essent,
2124 1627 2208 1679 eis
2242 1637 2301 1679 ut
2329 1627 2460 1694 quid
2498 1628 2643 1681 facto
2672 1643 2813 1696 upus
2842 1638 3011 1693 esset,
3051 1628 3365 1697 proferrent
3390 1637 3449 1682 et

1882 1721 2215 1774 Statuerent,
2253 1717 2546 1767 concessit.
2575 1715 2695 1780 Quo
2726 1728 2970 1785 cognito,
2996 1717 3090 1784 qui
3124 1728 3237 1771 tum
3265 1715 3451 1771 Eccle-

1886 1802 2022 1854 siam
2060 1801 2359 1857 Romanam
2395 1803 2575 1857 adhuc
2603 1804 2948 1872 gubernabat.
2976 1806 3255 1873 Liberius,
3291 1806 3447 1876 167

210 1914 311 1958 σας
359 1896 610 1949 κελεύσει
657 1896 754 1949 τοῦ
812 1896 1163 1965 κρατοῦντος,
1223 1899 1341 1956 ταῖς
1395 1899 1495 1946 ἀνὰ
1553 1896 1648 1959 τὴν
1709 1893 1815 1960 ῑωη

1840 1905 1857 1961 ς
1890 1894 2135 1946 linitimis
2157 1896 2434 1964 episcopis
2452 1898 2716 1966 principis
2732 1899 2888 1968 jussu
2910 1900 3246 1963 convocatis,
3265 1902 3453 1953 orien-

210 1988 455 2058 ἔγραψεν
485 1974 827 2057 ἐκκλησίαις,
856 1989 1063 2058 Τριάδα
1089 1988 1375 2054 ὀμοούσιον
1410 1988 1505 2039 καὶ
1527 1985 1779 2054 ὁμόδοξον

210 2080 565 2147 πρεσϐεύειν.
605 2081 669 2133 Ὀ
718 2081 1007 2149 γενόμενον
1041 2076 1129 2132 οἷα
1165 2080 1228 2148 δὴ
1273 2079 1523 2147 καθάπερ
1551 2080 1615 2148 τῇ
1651 2079 1783 2129 Ῥωο

213 2170 392 2239 μαίων
416 2171 715 2241 Ἐκκλησία
746 2172 927 2234 καλῶς
956 2172 1235 2241 ὲγκριθὶν,
1284 2171 1463 2241 ἡσυχῆ
1513 2171 1689 2239 μενεῖν
1728 2168 1785 2221 ἒ-

213 2279 421 2316 καστον
469 2264 889 2329 παρεσκεύασεο
939 2266 1034 2316 καὶ
1060 2264 1213 2325 τέλος
1258 2263 1431 2315 αἴσιον
1465 2265 1498 2332 ὴ
1531 2262 1659 2331 περὶ
1692 2260 1783 2327 τοῦ

214 2355 535 2425 Πνεύματος
568 2354 796 2424 ζήτησις
817 2355 1091 2427 εἰληφυῖα,
1114 2354 1212 2422 τῆς
1243 2357 1456 2421 μακρᾶς
1473 2352 1787 2423 ἐρεσχελίας

214 2448 532 2499 ἑπαύσατο’
565 2447 810 2516 ἐκύρωσε
838 2449 945 2515 γὰρ
967 2448 1061 2498 καὶ
1090 2445 1227 2516 αὕτη
1270 2448 1303 2515 ἠ
1340 2445 1573 2508 σύνοδος,
1600 2445 1699 2512 τὴν
1729 2445 1788 2495 ἐν

213 2541 427 2608 Νικαίᾳ.
472 2540 656 2591 πίστιν
696 2543 940 2607 κρατεῖν.
971 2537 1371 2609 Παραθήσομαι
1399 2537 1455 2589 δὲ
1494 2536 1588 2589 καὶ
1619 2536 1787 2602 ἄμφω

212 2634 286 2685 τὰ
316 2632 647 2701 γράμματα,
676 2629 774 2682 τοῦ
808 2646 865 2681 τε
912 2629 1176 2697 βασιλέως
1208 2628 1300 2680 καὶ
1332 2628 1430 2695 τῆς
1477 2626 1723 2687 συνόδου,
1752 2625 1790 2679 ἃ.

220 2722 331 2782 τοῖς
361 2720 465 2773 ἀνὰ
488 2722 585 2788 τὴν
612 2720 687 2772 ἕω
716 2719 1121 2786 ἀμφισϐητοῦσι
1152 2720 1279 2787 περὶ
1308 2719 1406 2787 τῆς
1438 2717 1601 2787 ὀρθῆς
1624 2716 1786 2785 δόξης

215 2813 573 2869 ἀπέστειλαν.
618 2811 698 2863 Tit
735 2810 832 2879 μδν
857 2805 950 2864 οὖν
994 2808 1089 2863 τοῦ
1126 2809 1409 2879 βασιλέως,
1454 2808 1583 2861 τάδε
1626 2808 1787 2876 διήγ-

218 2900 413 2964 γελλον
433 2914 449 2929 '

300 3095 322 3130 ε
360 3076 771 3148 Αὐτοκράτορες
805 3074 1087 3143 μέγιστοι,
1119 3070 1460 3125 ωισέδαστοι
1483 3108 1498 3131 ,
1528 3069 1751 3138 νικηταὶ
1775 3109 1790 3134 ,

220 3169 680 3232 υὺαλεντινιανὸς
724 3168 817 3221 καὶ
863 3166 1165 3236 Γρατιανὸς
1210 3164 1533 3225 ἐπισκόποις
1582 3162 1793 3229 διοική-

1891 1986 2094 2038 talibus
2141 1988 2362 2055 ειϊίρειι
2403 1990 2671 2053 ecclesiis,
2729 2001 2789 2045 ut
2828 1992 3153 2050 Trinitatem
3204 1995 3450 2062 ejusdem

1890 2077 2213 2130 substantia:
2241 2088 2297 2131 et
2316 2081 2568 2149 ejusdem
2602 2083 2789 2150 gloriae
2811 2082 3266 2151 deprasdicarent.
3296 2083 3453 2149 Quod

1891 2165 2117 2227 factum,
2146 2179 2335 2237 utpote
2372 2188 2430 2223 re
2458 2172 2626 2226 semel
2655 2188 2683 2225 a
2720 2175 2962 2228 Romana
2990 2174 3236 2230 Ecclesia
3269 2176 3373 2230 rite
3399 2184 3455 2231 et

1897 2260 2091 2314 ordine
2129 2261 2448 2329 dijudicata,
2486 2273 2545 2316 ut
2582 2266 2807 2331 quietus
2837 2268 3072 2336 quisque
3117 2280 3286 2331 esset,
3317 2268 3455 2323 eﬂ‘e-

1894 2350 2005 2414 cit;
2057 2361 2111 2405 et
2161 2354 2389 2419 quaestio
2417 2355 2483 2406 de
2515 2353 2723 2422 Spiritu
2759 2367 2949 2410 sancto
2991 2357 3238 2412 debitum
3289 2358 3453 2413 ﬁnem

1894 2453 2211 2505 consecuta,
2258 2443 2535 2498 diuturnae
2581 2449 2877 2501 verborum
2906 2447 3305 2502 concertationi
3340 2463 3457 2503 mo-

1894 2534 2023 2588 dum
2057 2536 2338 2603 imposuit.
2368 2536 2574 2591 Eadem
2606 2539 2851 2609 synodus
2896 2541 3062 2596 etiam
3094 2540 3255 2595 ﬁdem
3286 2541 3457 2596 Nicae-

1895 2641 2021 2680 nam
2075 2628 2407 2683 auctoritate
2462 2645 2562 2683 sua
2602 2631 2908 2686 roboravit.
2966 2631 3304 2703 Subjungam
3359 2648 3459 2688 au-

1899 2728 2007 2773 tem
2055 2729 2316 2788 utrasque
2368 2731 2424 2775 et
2466 2721 2820 2790 imperatoris
2860 2734 2915 2779 et
2960 2724 3156 2795 synodi
3207 2726 3458 2792 litteras,

1898 2822 2034 2877 quas
2074 2811 2126 2862 in
2177 2809 2457 2863 Orientem
2499 2810 2566 2865 ad
2604 2828 2701 2867 eos
2732 2814 2826 2882 qui
2868 2812 2941 2868 de
2996 2823 3143 2869 recta
3201 2814 3459 2883 opinione

1898 2900 2295 2969 ambigebant,
2365 2903 2656 2958 dederunt.
2730 2905 3080 2973 Imperatoris
3152 2906 3232 2962 sic
3296 2906 3457 2962 habe'

1899 2992 2031 3045 bant
2064 3007 2079 3044 :

1978 3100 1997 3133 ι
2043 3082 2411 3150 Imperatores
2432 3084 2651 3139 Maximi
2675 3100 2895 3154 semper
2922 3087 3175 3158 Augusti,
3199 3090 3461 3156 victores,

1903 3169 2323 3229 Valentinianus
2357 3177 2434 3245 (l)
2468 3184 2525 3230 et
2569 3176 2866 3232 Gratianus
2897 3179 2974 3247 (2)
3015 3182 3293 3249 episc0pis
3321 3182 3460 3237 diu:-

224 3281 369 3326 σεως
408 3262 699 3330 Ἀσιανῆς,
734 3258 1011 3330 Φρυγίας,
1049 3256 1477 3327 Καροφρυγίας,
1514 3257 1792 3308 Πακατιαο

1840 3258 1864 3313 3
1897 3262 2039 3315 cesis
2072 3262 2305 3328 Asiana‘,
2332 3265 2598 3332 Phrygia,
2620 3264 3032 3337 Carophrygite,
3060 3259 3384 3334 Paeatiaum,
3408 3271 3463 3325 in

221 3356 347 3421 νῆς,
377 3353 437 3405 ιν
468 3351 658 3422 Κυρίῳ
686 3352 922 3421 χαίρειν.
941 3349 1169 3402 Συνόδου
1198 3350 1525 3417 τηλικαύτης
1557 3364 1793 3413 συγκρο-

223 3446 493 3515 τηθείσης
541 3445 599 3495 δν
648 3443 727 3511 τῷ
757 3441 1079 3510 Ἰλλυρικῷ,
1128 3441 1224 3491 καὶ
1273 3440 1551 3507 ζητήσεως
1599 3439 1797 3507 πολλῆς

224 3538 534 3607 γενομένης
578 3536 710 3601 περὶ
745 3534 835 3586 τοῦ
883 3533 1151 3601 σωτηρίου
1194 3532 1375 3599 λόγου,
1425 3530 1712 3593 ἀπέδειξαν
1747 3532 1794 3583 oi

224 3626 775 3700 τρισμακαριὼτατοι
805 3625 1115 3683 ιπίσκοποι,
1148 3624 1248 3692 τὴν
1280 3623 1482 3689 Τριάδα
1515 3623 1796 3690 ὁμοούσιον

226 3721 409 3792 ιιατρὶ
450 3721 547 3773 καὶ
591 3718 708 3787 Υίῴ
750 3718 843 3769 καὶ
886 3717 1025 3785 ἁγίῳ
1068 3715 1344 3782 Πνεύματι
1372 3728 1383 3741 ·
1428 3714 1495 3776 ἣν
1534 3713 1640 3766 οὐδ’
1664 3714 1797 3774 ὅλως

226 3815 598 3874 ἐκκλίνοντες,
625 3810 969 3879 λειτουργίας
994 3808 1092 3867 τὰς
1119 3807 1261 3859 κατὰ
1284 3807 1489 3858 δίκαιον
1516 3804 1800 3855 ἐπιϐαλοῦ-

232 3924 333 3970 σας
361 3908 578 3968 αὐτοῖς,
606 3902 971 3974 θρησκεύςυσι
998 3899 1093 3968 τὴν
1119 3897 1413 3968 θρησκείαν
1440 3896 1530 3947 τοῦ
1561 3896 1795 3963 μεγάλου

232 3999 533 4070 βασιλέως.
569 3994 878 4065 Κηρύττειν
908 3992 965 4045 δὲ
997 3991 1203 4058 ταύτην
1238 3988 1536 4059 προσέταξε
1573 3987 1631 4038 τὸ
1665 3986 1800 4053 ἡμέ-

230 4108 397 4158 τερον
434 4088 671 4158 κράτος⁶
712 4083 882 4146 οὕτως
928 4084 1110 4152 μέντοι
1151 4082 1238 4133 ἵνα
1280 4080 1353 4149 μὴ
1391 4078 1594 4146 λέγωσί
1628 4094 1797 4139 τινες,

230 4186 322 4238 ὅτι
355 4184 525 4249 ἀνῆκε
554 4178 822 4249 θρησκεία
855 4176 1119 4246 βασιλέως
1146 4173 1240 4227 τοῦ
1270 4174 1545 4232 διέποντος
1575 4170 1673 4239 τὴν
1701 4170 1800 4236 γῆν

231 4275 463 4342 ταύτην,
531 4273 605 4342 μὴ
650 4262 964 4339 ἁνεχόμενόι
1001 4266 1095 4319 τοῦ
1140 4266 1519 4329 ἐντειλαμένου
1563 4265 1695 4332 ἡμῖν
1736 4263 1802 4314 τὰ

232 4370 367 4436 περὶ
391 4365 491 4432 τῆς
525 4362 821 4431 σωτηρίας.
863 4360 949 4420 Ὠς
976 4360 1084 4427 γάρ
1112 4372 1243 4425 φησι
1268 4355 1328 4406 τὺ
1357 4353 1684 4419 Εὑαγγὲλιον
1707 4351 1802 4404 τοῦ

231 4458 375 4511 Θεοῦ
404 4441 583 4524 ἡμῶν,
610 4453 746 4521 ὅπερ
774 4451 1051 4519 ἐπίκρισιν
1073 4447 1274 4512 ταύτην
1301 4446 1434 4513 ἔχει,
1462 4444 1801 4497 ἀποδίδοσθαι

229 4554 303 4605 τὰ
330 4548 428 4600 τοῦ
461 4546 737 4613 Καίσαρος
769 4542 1031 4610 Καίσαρι,
1058 4541 1152 4593 καὶ
1175 4538 1242 4591 τὰ
1266 4539 1359 4589 τοῦ
1391 4536 1524 4589 Θεοῦ
1548 4535 1625 4604 τῷ
1656 4535 1772 4605 Θεῷ
1790 4552 1803 4566 ο

229 4645 285 4697 τί
348 4642 535 4707 λέγετε
585 4638 739 4705 ὑμεῖς
780 4637 828 4687 οἱ
870 4636 1159 4687 ἐπίσκοποι
1196 4631 1290 4683 καὶ
1330 4629 1671 4699 προεστῶτες
1712 4628 1805 4681 τοῦ

233 4728 509 4799 σωτηρίου
554 4728 748 4793 ).όγου;
787 4727 835 4775 εί
879 4723 1048 4784 οὔτως
1093 4722 1204 4790 ἔχει
1242 4723 1308 4771 τὰ
1343 4720 1442 4787 τῆς
1484 4717 1807 4780 ἀποδείξεως

233 4821 425 4890 ὑμῶν;
452 4817 637 4879 Οὕτως
665 4815 845 4882 μέντοι
872 4811 1192 4879 ἀγαπῶντες
1216 4808 1501 4877 ἀλλήλους,
1528 4807 1805 4858 παύσασθε

230 4910 585 4980 ἀποχρῆσθαι
610 4905 881 4974 ἀξιώματι
905 4902 1167 4972 βασιλέως
1189 4919 1199 4929 ·
1228 4902 1320 4952 καὶ
1345 4899 1419 4969 μὴ
1442 4898 1661 4951 διώκετε
1682 4898 1807 4958 τοὺς

232 5002 485 5068 ἀκριῦῶς
510 4998 587 5066 τῷ
611 4996 729 5063 Θεῷ
752 4992 1202 5062 λειτουργοῦντας
1220 5006 1235 5019 ⁸
1260 4986 1334 5043 ὦν
1358 4994 1474 5050 ταῖς
1504 4990 1688 5057 εὐχαῖς
1716 4990 1806 5038 καί

311 5186 392 5249 (l)
425 5177 913 5252 Valentinianusp
934 5176 1090 5244 juxta
1134 5173 1565 5252 Theodoretum,
1602 5172 1806 5252 scripto

240 5243 385 5308 huic
424 5250 669 5304 Valentis
716 5243 947 5314 quoque
991 5258 1188 5297 nomen
1244 5243 1497 5303 inseruit,
1529 5243 1617 5314 vel
1663 5244 1807 5309 quod

236 5326 423 5377 adhuc
450 5319 499 5372 is
530 5319 587 5371 in
639 5312 905 5370 catholica
951 5315 1217 5367 sententia
1261 5322 1425 5373 esset,
1457 5312 1540 5365 vel
1589 5322 1648 5363 ut
1681 5326 1805 5363 eum

239 5394 407 5447 tacita
463 5388 844 5442 cohortatione
896 5386 951 5436 in
1005 5384 1147 5436 viam
1205 5383 1512 5437 reduceret.
1561 5380 1804 5445 Quorum

238 5465 479 5516 alterum
531 5456 663 5509 mihi
699 5453 1055 5508 verisimilius
1090 5467 1212 5505 esse
1259 5452 1498 5506 videtur.
1526 5450 1808 5503 Valentem

241 5532 473 5591 itidem,
525 5522 1075 5598 ut_Valeutiniannm
1126 5521 1372 5598 fratrem,
1440 5520 1807 5598 orthodosum

241 5589 501 5669 primum
534 5595 727 5656 luisse,
757 5594 851 5647 sed
880 5602 1086 5669 postea
1132 5607 1159 5643 a
1212 5593 1463 5660 conjuge,
1492 5589 1715 5669 perinde
1751 5600 1810 5642 ut

239 5660 309 5723 ab
339 5670 448 5722 Eva
480 5668 767 5720 Attamum.
799 5662 1081 5715 seductum
1109 5674 1233 5714 eum
1262 5673 1383 5713 esse
1413 5677 1430 5723 ;
1461 5660 1615 5729 cujus
1644 5674 1808 5714 suasu

243 5742 335 5793 ille
361 5739 629 5791 adversus
653 5733 888 5788 Gozthos
912 5732 963 5783 in
998 5730 1283 5783 Thraciam
1315 5738 1668 5783 excurrentes
1700 5744 1807 5782 non

244 5816 406 5863 tunae
456 5809 525 5860 ab
572 5806 801 5861 inieci-iu
847 5811 1097 5863 suscepto
1132 5801 1333 5852 bellum
1362 5808 1642 5866 gesturus,
1665 5800 1807 5853 sacri

1906 3349 2136 3404 Domino
2186 3354 2436 3405 salutem.
2481 3353 2617 3408 Cum
2664 3365 2811 3409 tanta
2859 3358 2914 3410 in
2959 3357 3172 3428 lllyrico
3216 3371 3338 3414 acta
3391 3362 3463 3415 sit

1903 3442 2165 3510 synodus,
2196 3456 2252 3498 et
2284 3445 2517 3512 quaestio
2556 3447 2747 3516 ingens
2784 3448 2850 3502 de
2879 3449 3103 3503 salutari
3154 3453 3320 3506 verbo
3346 3462 3461 3507 tra-

1906 3543 2073 3594 ctata.
2132 3546 2213 3588 ter
2257 3535 2561 3589 beatissimi
2597 3538 2844 3607 episcopi
2881 3539 3249 3596 decreverunt
3279 3543 3463 3615 Trini-

1907 3632 2068 3676 tatem
2106 3627 2416 3692 ὁμοούσιον,
2449 3628 2995 3694 consubstantialem,
3028 3631 3203 3685 Patris
3251 3642 3307 3687 et
3341 3634 3465 3690 Filii

1904 3725 1961 3767 et
2009 3715 2247 3782 Spiritus
2280 3719 2478 3770 sancti.
2513 3718 2687 3783 Quam
2724 3719 2817 3788 qui
2872 3722 3079 3784 colunt,
3116 3740 3463 3794 nequaquam

1908 3808 2278 3859 ministerium
2331 3818 2379 3860 et
2438 3809 2778 3862 iunctionem
2818 3810 2920 3863 sibi
2957 3814 3246 3877 creditam,
3284 3817 3356 3871 ita
3405 3828 3467 3872 ut

1908 3912 2005 3962 par
2040 3906 2143 3956 est,
2190 3897 2558 3965 defugientes,
2611 3899 2934 3968 religionem
2970 3905 3114 3970 regis
3144 3908 3323 3974 magni
3360 3922 3461 3961 co-

1906 3986 2026 4039 lunt
2055 4004 2068 4042 ι
2099 3998 2331 4054 eamque
2381 3987 2736 4054 depraedicari
2770 4000 2960 4042 nostra
2993 3996 3249 4062 praicepit
3287 3997 3462 4050 subli-

1908 4080 2089 4129 mitas.
2116 4077 2293 4144 Atque
2331 4079 2409 4129 ita
2439 4078 2661 4144 quidem
2691 4094 2760 4131 ne
2808 4081 2975 4147 aliqui
3006 4082 3212 4145 dicant,
3246 4086 3466 4155 religio-

1908 4183 2033 4220 nem
2101 4168 2471 4235 imperatoris,
2523 4170 2616 4237 qui
2682 4169 2823 4221 hanc
2889 4178 3089 4223 terrain
3152 4175 3463 4242 gubernat,

1908 4267 2256 4313 consectatus
2297 4274 2355 4313 se
2382 4274 2524 4320 esse,
2577 4273 2683 4314 non
2733 4263 2864 4315 satis
2913 4277 3038 4316 eum
3070 4266 3162 4332 qui
3196 4266 3265 4320 de
3289 4270 3467 4327 salute

1909 4355 2224 4408 mandatum
2272 4355 2431 4409 nobis
2478 4355 2672 4421 dedit,
2721 4358 3029 4413 audientes.
3098 4361 3271 4416 Sicuti
3313 4366 3468 4420 enim

1911 4447 2265 4516 Evangelium
2322 4447 2415 4500 Dei
2464 4449 2665 4509 nostri.
2702 4450 2849 4515 quod
2886 4452 3111 4518 quidem
3164 4453 3307 4509 hanc
3350 4472 3467 4512 rem

1840 4551 1883 4603 ι)
1911 4537 2497 4607 ᾶεοίᾱεηε-άῇυάίοοι.
2532 4538 2668 4594 dicit
2699 4556 2715 4593 :
2749 4541 2934 4595 Danda
2960 4554 3113 4607 sunt,
3147 4562 3267 4613 qua:
3288 4546 3465 4603 Ωκεα-

1911 4634 1986 4683 ris
2021 4641 2168 4687 sunt.
2199 4630 2397 4685 Caesari
2420 4669 2435 4691 ,
2481 4640 2537 4683 et
2573 4646 2693 4699 quas
2745 4632 2837 4685 Dei
2876 4633 2989 4687 Deo
3025 4635 3148 4705 (3):
3198 4638 3331 4705 quid
3367 4654 3471 4694 vos

1909 4737 2036 4774 vero
2075 4722 2283 4783 dicitis,
2320 4723 2564 4790 episcOpi
2594 4731 2649 4776 et
2679 4723 2950 4777 salutiferi
2997 4726 3150 4779 verbi
3184 4728 3421 4795 praefecti
3444 4731 3473 4782 Τ

1907 4813 1986 4865 An
2037 4810 2115 4865 sic
2167 4828 2386 4881 quoque
2430 4824 2612 4866 vestra
2662 4825 2975 4883 comparata
3025 4826 3157 4871 sunt
3205 4819 3473 4875 decreta?

1910 4903 2092 4969 Itaque
2124 4915 2310 4955 mutua
2342 4904 2615 4957 charitate
2648 4920 2743 4957 vos
2796 4906 3032 4960 invicem
3084 4910 3467 4975 complecten-

1910 5004 2012 5054 tes,
2046 4994 2326 5062 majestate
2347 5002 2401 5047 et
2431 4995 2761 5048 auctoritate
2781 4996 3130 5065 imperatoris
3147 5000 3299 5054 abuti
3323 5000 3471 5055 desi-

1908 5170 2163 5237 baptismi
2208 5172 2523 5244 lavacrum,
2566 5174 2775 5244 ‘priore
2842 5174 3125 5244 religionis
3191 5178 3469 5233 sententia

1909 5249 2138 5316 mutata,
2173 5241 2242 5295 ab
2275 5241 3161 5316 EudoxitLConstantinopuli:ano
3207 5248 3474 5316 episcopo

1907 5311 2962 5384 Ariano_st_i_seeperit_,nTheod._seribit,
2994 5316 3090 5368 lib.
3122 5330 3198 5379 ιν,
3232 5311 3353 5384 cap.
3382 5311 3467 5372 Η.

1981 5381 2058 5449 (2)
2092 5378 2154 5432 Ει
2178 5380 2396 5434 Valens.
2433 5382 2640 5435 'l‘heod.
2678 5379 2773 5435 lib.
2809 5400 2879 5445 Iv,
2917 5400 2964 5437 c.
3000 5386 3051 5439 8.

1956 5451 2058 5519 ιδ)
2099 5449 2257 5503 Tales
2310 5452 2511 5518 quippe
2560 5466 2726 5518 supra
2786 5454 2966 5507 verbis
3018 5454 3303 5509 Themistli
3338 5454 3472 5510 dicti

1909 5530 2037 5577 sunt
2083 5534 2381 5589 purpuram
2433 5522 2601 5589 magis
2631 5536 2793 5588 quam
2843 5523 3010 5578 Deum
3052 5530 3257 5584 colere,
3289 5524 3387 5577 lib.
3414 5540 3469 5589 ι,

1910 5605 2031 5662 cap.
2068 5590 2397 5662 42.1:heod.
2430 5590 2563 5662 Ὀτι
2587 5592 2871 5660 ἁνήκαμεν
3018 5594 3285 5662 θρησκείᾳ
3325 5592 3477 5661 βασι.

1909 5657 2059 5731 uin;
2079 5659 2171 5731 του
2203 5657 2480 5731 διέποντος
2512 5658 2614 5731 τὴν
2646 5657 2750 5726 γῆν
2773 5657 2978 5731 αὐτὴν,
3000 5657 3237 5727 [πόεέδι.
3260 5657 3336 5716 ’δέ
3372 5665 3477 5717 hoc

1912 5728 2159 5796 religioni
2205 5728 2574 5801 imperatoris,
2609 5731 2704 5799 qui
2748 5728 3021 5801 regionem
3077 5734 3219 5788 hanc
3278 5734 3480 5801 guber-

1912 5808 2023 5860 nat.
2054 5799 2431 5855 consectandi:
2461 5801 2738 5869 tribuisse,
2773 5799 2865 5856 lib.
2904 5818 2977 5872 ιν,
3012 5818 3131 5873 cap.
3172 5803 3224 5856 8.
