4288 6438
789 405 899 467 675

2013 400 2430 462 NICEPHORI
2476 400 2817 460 CALLIS’I‘I

3909 430 4022 490 676

786 519 922 580 nite,
958 526 1014 570 et
1062 517 1316 585 persequi
1353 531 1448 570 eos
1497 516 1590 585 qui
1645 525 1905 568 accurate
1957 523 2014 569 et
2059 515 2354 585 diligenter
2384 520 2427 576 Α
2459 531 2479 564 τ

2346 520 2427 576 Ἀ
2459 514 2684 581 πόλεμοι
2731 512 3141 567 καταπαύονται
3190 513 3278 565 ἐπὶ
3323 517 3420 580 τῆς
3461 527 3596 582 ~33,"
3648 531 3736 567 και
3784 515 4039 580 ἀγγέλων

787 610 898 663 Deo
966 610 1137 663 sacris
1179 618 1479 677 operantur
1533 619 1589 662 et
1643 608 1912 671 serviunt,
1973 608 2350 675 supersedete.

787 699 991 752 Eorum
1022 715 1151 752 sane
1183 699 1439 768 precibus
1474 708 1529 753 et
1565 699 1701 752 bella
1740 701 1790 752 in
1827 698 1991 753 terris
2038 699 2351 766 sopiuntur,

785 802 841 841 et
873 799 1246 857 apostatarum
1302 790 1705 858 rebelliumque
1746 791 2063 857 angelorum
2099 791 2354 844 incursus

786 883 1152 950 repelluntur.
1217 882 1383 935 Iidem
1438 883 1790 936 orationibus
1842 883 1958 936 suis
2017 884 2352 950 perniciosos

784 988 978 1023 oiimes
1024 972 1299 1025 dremones
1352 972 1662 1039 propellere
1712 974 1958 1026 student.
1997 974 2064 1027 Et
2116 989 2239 1027 cum
2297 974 2348 1026 in

785 1063 1186 1131 rempublicam
1223 1064 1525 1116 secundum
1555 1065 1704 1132 leges
1743 1066 1888 1132 quod
1928 1066 2132 1118 debent
2164 1067 2350 1119 confe-

787 1163 938 1216 runt,
980 1164 1091 1205 tum
1147 1153 1411 1221 principis
1459 1155 1715 1221 potestati
1758 1169 1865 1204 non
1915 1154 2177 1205 resistuot
2205 1193 2219 1215 ,
2257 1155 2348 1207 sed

787 1246 1001 1298 sincere
1033 1255 1086 1298 et
1121 1245 1362 1300 cmlestis
1391 1245 1550 1313 Regis
1583 1244 1835 1296 mandata
1871 1253 2113 1308 servant,
2147 1253 2195 1297 et
2221 1244 2352 1313 legi-

790 1337 893 1388 bus
918 1337 1120 1390 nostris
1155 1347 1348 1404 parcnt
1376 1355 1387 1388 :
1431 1351 1527 1388 vos
1555 1346 1737 1389 autem
1771 1335 2158 1387 inobedientes
2192 1350 2354 1402 appa-

2458 604 2782 657 ἀποστατῶν
2830 604 3116 668 ὲπιϐἀσεις
3162 605 3630 674 ἀποστρέφονται,
3684 607 3777 659 καὶ
3827 608 4042 668 πάντας

2457 697 2722 765 δαίμονας
2746 698 3106 766 φθοριμαὶους
3125 700 3486 768 ἀποστρέψειν
3502 699 3587 752 διά
3611 700 3848 768 δεήσεως
3872 717 4043 751 σπου-

2459 786 2712 849 δάζοντες
2737 803 2750 816 ·
2786 789 2880 838 καὶ
2910 790 2975 839 τὰ
3010 788 3252 857 δημόσια
3288 789 3430 840 κατά
3462 790 3656 856 νόμους
3695 789 4043 858 εἰσκομίζειν

2460 879 2630 932 ῐσασι.
2661 881 2770 932 Καὶ
2801 881 2899 932 οὐκ
2931 880 3275 947 ἀντιλέγουσι
3304 885 3367 952 τῇ
3398 881 3492 934 τοῦ
3526 883 3856 951 κρατοῦντος
3885 883 4042 946 ἐξου-

2461 972 2586 1040 σία,
2623 969 2736 1021 ἀλλ’
2762 971 3070 1038 εἰλικρινῶς
3113 974 3206 1025 καὶ
3238 973 3337 1041 τὴν
3374 973 3461 1025 τοῦ
3513 974 3727 1026 ἄνωθεν
3767 975 4042 1044 βασιλέως

2459 1062 2676 1130 ἐντολὴν
2710 1062 3063 1130 φυλάττουσι,
3097 1065 3189 1118 καὶ
3223 1068 3333 1126 τοῖς
3368 1067 3658 1134 ἡμετέροις
3690 1067 3874 1131 νόμοις
3905 1067 4041 1116 ὑπο-

2459 1155 2779 1217 τάσσονται,
2814 1155 2971 1223 ὑμεῖς
3001 1155 3057 1207 δὲ
3090 1156 3332 1218 ἀπειθεῖς
3362 1158 3635 1227 ἐδείχθη-τε
3667 1153 4041 1222 εἷναι.Ἡμεῖς

2463 1245 2560 1312 μὲν
2597 1246 2949 1314 ἐχρησάμεθα
2981 1247 3055 1315 τῷ
3091 1263 3126 1300 α
3160 1247 3263 1311 ἓως
3298 1247 3394 1300 τοῦ
3429 1265 3504 1313 ω,
3554 1249 3714 1317 ὑμεῖς
3745 1248 3801 1300 δὲ
3854 1248 4040 1309 αὐτοῖς

2461 1337 2804 1390 ἀπεδώκατε.

783 1430 994 1482 ruistis.
1045 1430 1155 1483 Nos
1197 1429 1417 1498 quidem
1465 1430 1546 1482 usi
1589 1444 1781 1483 sumus
1827 1427 2116 1481 tolerantia
2161 1427 2229 1480 ab
2270 1430 2388 1496 ipso
2449 1429 2596 1495 ἄλφα
2661 1447 2831 1500 usque
2877 1433 2940 1486 ad
2987 1434 3172 1505 ω(1),
3213 1448 3313 1487 vos
3345 1441 3528 1488 autem
3568 1433 3727 1489 vobis
3789 1433 3925 1504 ipsis
3956 1448 4044 1487 re-

783 1529 1076 1582 tribuistis.

860 1621 1021 1690 168
1059 1639 1075 1670 ι
1116 1620 1307 1688 Itaque
1339 1629 1398 1673 ut
1440 1620 1630 1673 mundi
1664 1628 1720 1672 et
1752 1619 2025 1671 immunes
2061 1633 2088 1671 a
2127 1626 2352 1686 peccato

783 1721 968 1765 vestro
1005 1713 1198 1773 simus,
1251 1709 1717 1779 quemadmodum
1749 1707 1958 1761 Pilatus
1995 1710 2045 1760 in
2083 1707 2350 1777 disquisi-

2538 1634 2556 1666 ι
2592 1616 2782 1686 Ἡμεῖς
2816 1616 3001 1679 μέντοι
3032 1617 3304 1688 καθαροὺς
3333 1616 3561 1681 ἑαυτοὺς
3594 1619 3684 1686 ἀφ’
3713 1618 3865 1687 ὑμῶν
3893 1615 4038 1672 εἶναι

2463 1707 2734 1772 θέλοντες,
2763 1708 2838 1770 ὼς
2875 1708 2968 1760 καὶ
3003 1710 3234 1771 Πιλᾶτος
3269 1711 3362 1762 ἐπὶ
3392 1710 3490 1779 τῆς
3525 1707 3824 1772 ἐξετάσεως
3853 1710 3944 1762 τοῦ
3983 1714 4044 1762 ἐν

788 1802 938 1856 tione
973 1811 1027 1854 et
1055 1800 1265 1869 judicio
1307 1800 1579 1853 versatilis
1623 1800 1766 1850 inter
1806 1814 1905 1851 nos
1953 1797 2184 1861 Christi,
2223 1812 2348 1850 cum
2386 1832 2428 1890 Β
2461 1802 2481 1845 1t

2386 1832 2428 1890 Β
2461 1802 2594 1868 ἡμῖν
2648 1801 3072 1869 πολιτευομένου
3126 1800 3402 1871 Χριστοῦ,
3458 1801 3532 1870 μὴ
3584 1801 3828 1863 θέλοντος
3877 1801 4045 1852 αὐτὸν

783 1910 987 1949 necare
1017 1909 1143 1947 eum
1197 1894 1389 1951 nollet,
1423 1893 1515 1945 sed
1550 1892 1602 1942 in
1630 1890 1927 1944 aﬂlictione
1958 1890 2252 1952 solaretur,
2284 1891 2350 1943 ad

783 1987 1028 2040 Orientis
1093 1998 1275 2054 partes
1348 1998 1649 2037 conversus
1724 1998 1865 2052 aqua
1933 1983 2174 2051 “agitata
2239 1998 2352 2035 ma-

786 2097 889 2134 nus
947 2096 1074 2133 suas
1129 2079 1324 2142 abluit,
1370 2078 1597 2131 dicens:
1630 2077 1858 2129 Mundus
1893 2093 2008 2129 sum
2056 2087 2104 2127 et
2161 2075 2354 2142 impol-

786 2175 930 2226 lutus
969 2191 998 2224 a
1028 2172 1289 2240 sanguine
1317 2172 1451 2239 justi
1483 2171 1640 2238 hujus
1669 2185 1688 2223 :
1727 2169 1806 2222 sic
1852 2168 2122 2221 celsitudo
2168 2175 2354 2219 nostra

785 2279 1009 2331 semper
1062 2261 1331 2330 praecipit,
1385 2273 1491 2311 non
1547 2257 1983 2326 persequendos,
2019 2270 2197 2323 neque
2243 2265 2358 2308 tan-

789 2369 954 2422 quam
1003 2353 1264 2406 [luctibus
1309 2350 1652 2413 obruendos,
1689 2365 1864 2417 neque
1901 2349 2249 2402 aemulatione
2300 2357 2358 2400 et

789 2446 997 2499 invidia
1027 2444 1445 2513 opprimendos,
1482 2442 1578 2511 qui
1616 2443 1668 2494 in
1710 2441 1912 2494 Christi
1948 2455 2076 2506 agro
2108 2456 2248 2508 opus
2281 2439 2358 2492 la-

790 2541 968 2598 ciunt,
998 2553 1176 2604 neque
1213 2537 1350 2589 adeo
1384 2534 1713 2604 rejiciendos
1749 2534 2159 2601 dispensatores
2195 2532 2360 2600 Regis

790 2632 972 2700 magni
1011 2644 1154 2692 esse,
1183 2637 1241 2681 ut
1267 2645 1335 2682 ne
1363 2629 1524 2681 hodie
1551 2628 1775 2696 quidem
1810 2626 1913 2679 sub
1942 2625 2150 2679 ditione
2170 2632 2359 2676 nostra

787 2737 1040 2777 crescere
1069 2720 1366 2774 videamini
1395 2763 1409 2784 ,
1447 2728 1504 2773 at
1529 2719 1682 2772 brevi
1720 2726 1862 2786 post,
1897 2731 2021 2771 cum
2052 2715 2360 2784 “agitatore

788 2818 901 2866 sive
942 2814 1298 2866 exhortatore
1339 2812 1515 2871 necis,
1567 2826 1629 2863 ea
1679 2824 1802 2877 quae
1840 2807 2155 2862 testamenti
2210 2806 2361 2859 illius

793 2916 946 2968 sunt,
968 2905 1139 2959 veluti
1172 2905 1226 2957 in
1259 2901 1537 2955 Zacharim
1571 2895 1860 2969 sanguine,
1896 2898 2198 2968 patiamini.
2223 2897 2360 2952 Cum

794 3014 925 3066 quo,
964 2997 1056 3065 qui
1100 2996 1151 3048 ei
1188 3008 1545 3054 consensere,
1584 3008 1612 3045 a
1644 2992 1856 3046 cmlesti
1894 2991 2229 3058 imperatore
2262 3004 2361 3043 no—

792 3099 909 3143 stro
946 3089 1073 3144 Jesu
1107 3085 1346 3147 Christo,
1382 3093 1508 3138 ante
1541 3085 1838 3136 adventum
1873 3082 2179 3135 etiamnum
2218 3083 2359 3151 ejus,

2457 1888 2686 1951 ἀνελεῖν,
2723 1891 2816 1942 καὶ
2854 1892 2993 1959 ὑπὲρ
3024 1890 3118 1942 τοῦ
3156 1890 3351 1944 παθεῖν
3386 1891 3551 1942 αὐτὸν
3588 1891 4042 1960 παρακληθέντα,

2457 1985 2816 2054 ἐπιστραφεὶς
2847 1985 2941 2036 ἐπὶ
2965 1986 3032 2037 τὰ
3060 1986 3156 2053 τῆς
3184 1985 3452 2055 ἀνατολῆς
3485 1990 3651 2055 μέρη,
3681 1987 3776 2037 καὶ
3808 1987 4043 2052 αίτήσας

2459 2076 2600 2144 ὕδωρ
2629 2077 2722 2128 ἐπὶ
2748 2077 2983 2146 χειρῶν,
3011 2077 3233 2144 ἐνίψατο
3260 2077 3425 2130 αὐτοῦ
3453 2079 3550 2140 τὰς
3579 2081 3791 2146 χεῖρας,
3821 2076 3997 2136 λέγων
4029 2095 4041 2105 ·

2469 2165 2674 2232 Ἀθῶός
2713 2171 2832 2236 ειμι
2876 2169 2995 2221 ἀπὸ
3036 2171 3145 2223 τοῦ
3183 2171 3438 2236 α7ματος
3481 2169 3588 2222 τοῦ
3630 2168 3866 2222 duca/0v
3906 2170 4045 2222 tori-

2457 2276 2563 2311 του
2589 2276 2603 2290 ·
2638 2259 2808 2322 οὕτως
2843 2261 2937 2313 καί
2967 2263 3029 2314 τὸ
3067 2263 3335 2333 ἡμέτερον
3367 2263 3572 2332 κράτος
3601 2263 3890 2322 διαπαντὸς
3925 2264 4048 2313 ἓνε-

2458 2350 2696 2414 τείλατο,
2734 2351 2809 2420 μὴ
2844 2351 3087 2414 διώκειν,
3122 2355 3260 2423 μήτε
3295 2353 3636 2416 ἐπικλύζειν,
3672 2355 3810 2419 μήτε
3842 2352 4046 2422 ζηλοῦν

2459 2444 2584 2503 τοὺς
2624 2443 3026 2512 ἐργαζομένους
3073 2446 3132 2497 τὸ
3175 2449 3374 2515 χωρίον
3417 2429 3514 2498 τοῦ
3559 2446 3824 2516 Χριστοῦ,

2460 2536 2585 2596 τοὺς
2623 2537 2898 2605 διοικητὰς
2941 2537 3270 2591 ἀπελαύνειν
3312 2539 3406 2591 τοῦ
3453 2540 3693 2608 μεγάλου
3726 2539 4006 2600 Βασιλέως
4031 2555 4046 2569 ο

2462 2620 2549 2674 ⁶ιῖνα
2588 2623 2664 2692 μὴ
2701 2626 2939 2693 σήμερον
2977 2627 3078 2695 μὲν
3107 2626 3200 2678 ἐπὶ
3231 2625 3326 2679 τοῦ
3365 2629 3640 2697 ἡμετέρου
3675 2628 3916 2696 κράτους
3951 2626 4051 2680 αὖ·

2464 2711 2576 2774 ξειν
2600 2711 2811 2781 δόξητε,
2840 2717 2932 2766 καὶ
2962 2715 3171 2784 μεταξὺ
3200 2714 3294 2768 τοῦ
3326 2716 3821 2786 παρακεκλημένου
3848 2715 4050 2768 παθεῖν

2463 2806 2531 2856 τὰ
2562 2808 2657 2874 τῆς
2690 2806 2956 2876 διαθήκης
2986 2807 3182 2872 αὑτοῦ,
3211 2808 3284 2868 ὡς
3319 2809 3412 2859 ἐπὶ
3443 2810 3714 2879 Ζαχαρίου
3747 2808 3844 2862 τοῦ
3875 2811 4049 2875 αἵμα-

2462 2913 2552 2957 τος
2578 2912 2592 2926 ·
2625 2897 2742 2948 ἀλλ’
2764 2899 2811 2949 οἱ
2845 2899 2962 2966 μετ’
2985 2899 3154 2951 αὑτοῦ
3188 2899 3391 2968 μεταξὺ
3418 2901 3520 2968 τῆς
3551 2900 3785 2969 ἀφίξεως
3815 2902 3923 2954 ὑπὸ
3950 2901 4049 2953 τοῦ

2466 2989 2673 3041 ἄνωθεν
2715 2990 2981 3059 βασιλέως
3028 2991 3184 3060 ἡμῶν
3223 2992 3400 3060 Ἰησοῦ
3444 2994 3682 3062 Χριστοῦ
3729 2994 4052 3063 ἑρῤάγησαν

2467 3081 2868 3148 παραδοθέντες
2903 3083 2981 3143 είς
3021 3082 3203 3152 κρίσιν
3240 3083 3476 3136 Θανάτου
3514 3084 3653 3155 μετά
3685 3084 3778 3136 τοῦ
3816 3085 4052 3154 συνδρα-

3899 2447 4046 2514 μήτε

794 3181 1033 3249 disrupti
1060 3187 1210 3238 sunt,
1240 3177 1304 3230 ad
1330 3175 1600 3246 judicium
1636 3173 1828 3226 mortis
1855 3188 1963 3226 una
2009 3186 2132 3249 cum
2169 3185 2362 3225 conse-
2391 3195 2429 3249 (ς
2470 3189 2487 3240 ι

2360 3203 2362 3211 ι
2391 3195 2429 3249 C
2470 3173 2661 3240 μόντος
2693 3175 2876 3235 αὐτοῖς
2905 3176 3238 3244 φθοριμαίου
3269 3176 3544 3245 δαίμονος.
3575 3176 3744 3229 Τοῦτο
3771 3179 4053 3245 προσετά-

795 3279 1002 3340 quente
1033 3283 1130 3323 eos
1164 3267 1350 3320 lethali
1388 3266 1638 3319 daemone
1671 3263 1877 3316 traditi.
1911 3262 2224 3316 Mandatum
2256 3263 2362 3315 hoc

795 3361 1096 3420 edidimus,
1133 3359 1436 3426 Amegetio,
1482 3366 1539 3410 et
1573 3355 1889 3416 Cicrronio,
1921 3363 1977 3407 et
2010 3354 2257 3415 Damaso,
2305 3365 2361 3407 et

798 3455 1175 3521 Dial-.mtpone,
1208 3460 1263 3505 et
1296 3450 1541 3504 Bretesio
1579 3447 1958 3502 audientibus.
1986 3447 2129 3510 Quin
2158 3455 2212 3499 et
2242 3457 2360 3498 acta

799 3548 863 3600 ad
902 3561 999 3597 vos
1045 3544 1318 3606 misimus,
1357 3550 1415 3594 ut
1444 3541 1721 3609 prmelarae
1761 3539 1879 3607 ejus
1912 3537 2107 3607 synodi
2141 3534 2361 3591 decreta

805 3639 1002 3693 noritis
1031 3657 1041 3688 :
1070 3650 1305 3703 quorum
1331 3634 1507 3701 capita
1542 3629 1742 3683 litteris
1769 3630 1916 3683 hisce
1946 3629 2220 3697 adjuncta,
2246 3628 2362 3681 haec

799 3731 1267 3798 complectuntur.
1299 3725 1652 3786 Proﬁtemur,
1680 3724 1832 3792 juxta
1873 3721 2203 3774 sententiam
2251 3735 2364 3772 ma-

798 3833 916 3883 gna:
978 3826 1032 3869 et
1080 3815 1401 3869 orthodoxae
1451 3823 1709 3879 recteque
1772 3810 2065 3864 sentientis
2125 3809 2361 3878 synodi,

796 3908 1103 3977 όμοούσιον,
1125 3903 1668 3964 consubstantialem,
1698 3917 1819 3955 esse
1857 3899 2003 3953 Patri
2039 3899 2256 3953 Filium.
2300 3897 2364 3950 Et

797 4002 856 4053 τὸ
901 3999 1206 4068 ὀμοούσιον,
1239 3991 1733 4055 consubstantiale,
1775 4006 1884 4044 non
1923 3990 1996 4043 ita
2037 3989 2362 4057 accipimus,

798 4093 961 4146 sicuti
1010 4099 1064 4143 et
1112 4089 1240 4141 olim
1276 4085 1498 4154 quidam
1547 4099 1654 4137 non
1701 4096 1828 4136 vere
1861 4082 1910 4134 ei
1947 4081 2364 4135 subscribentes

797 4191 1196 4254 exposuerunt,
1239 4191 1295 4234 et
1337 4193 1488 4233 nunc
1528 4177 1642 4241 alii,
1697 4177 1886 4230 Patres
1921 4175 2045 4228 illos
2079 4185 2364 4238 vocantes,

799 4294 863 4333 ac
894 4279 1003 4329 vim
1037 4273 1479 4340 sententiamque
1509 4270 1660 4323 verbi
1686 4269 1990 4329 abolentes,
2015 4268 2366 4336 litteramque

800 4378 1121 4439 sequentes,
1167 4366 1502 4434 intelligunt,
1541 4377 1639 4430 per
1676 4361 2149 4416 consubstantiale
2185 4360 2365 4414 simile

803 4461 1143 4536 signiﬁcari,
1203 4469 1476 4527 quatenus
1527 4455 1662 4508 nulli
1711 4455 2049 4522 reliquarum
2099 4467 2198 4521 per
2237 4456 2364 4508 eum

2467 3262 2636 3332 ξαμεν
2669 3266 2760 3315 ἐπὶ
2794 3265 3122 3334 Ἀμεγητίου
3147 3307 3160 3329 ,
3194 3267 3290 3319 καὶ
3322 3268 3660 3337 Κικερωνίου
3682 3309 3695 3330 ,
3729 3270 3823 3320 καὶ
3853 3271 4054 3336 Δαμα-

2469 3373 2586 3416 σου,
2636 3358 2727 3406 καὶ
2774 3357 3187 3426 Διαλάμπωνος,
3239 3359 3332 3409 καὶ
3376 3359 3710 3429 Βρεντησίου
3755 3361 4054 3430 ἀκροατῶν

2464 3443 2797 3510 γενομένων.
2825 3443 3005 3514 "Amp
3049 3446 3148 3496 καὶ
3190 3446 3332 3498 αύτά
3376 3446 3443 3498 τά
3491 3446 3802 3517 πραχθέντα
3848 3448 4055 3512 ἐξαπε-

2467 3536 2781 3602 στάλκαμεν
2818 3536 2951 3604 πρὸς
2997 3536 3177 3605 ὑμᾶς,
3217 3537 3303 3589 ἵνα
3347 3538 3551 3605 γνῶναι
3593 3541 3755 3609 ἔχητε
3789 3541 3859 3593 τὰ
3903 3558 4054 3610 πρα-

2466 3625 2663 3694 χθέντα
2699 3626 2752 3675 ὲν
2781 3628 2846 3694 τῇ
2885 3626 3124 3696 εναρέτῳ
3163 3628 3367 3697 συνόδῳ
3393 3644 3406 3658 ⁸
3442 3629 3477 3682 ἃ
3512 3630 3575 3699 δὴ
3612 3632 3705 3683 καὶ
3739 3633 4052 3698 παρέζευξε

2465 3714 2577 3774 τοῖς
2623 3713 2948 3782 γράμμασιν
2999 3716 3060 3766 ἐν
3111 3716 3397 3785 κεφαλαίῳ
3443 3718 3620 3770 ταῦτα
3671 3719 3733 3787 δὴ
3780 3721 4053 3788 δογματί-

2468 3809 3068 3879 ζοντα.⁹ομολογοῦμεν
3096 3811 3404 3875 ἀκολούθως
3431 3816 3496 3882 τῇ
3529 3813 3742 3884 μεγάλῃ
3769 3817 3866 3868 καὶ
3892 3815 4056 3885 ὀρθο-

2467 3902 2600 3970 δόξῳ
2647 3903 2867 3972 συνόδῳ,
2912 3903 3200 3970 ὀμοούσιον
3243 3900 3382 3957 εἶναι
3423 3908 3501 3975 τῷ
3549 3908 3717 3974 "arpi
3757 3909 3850 3959 τὸν
3894 3909 4052 3966 Υἰὸν,

2468 3997 2561 4046 καὶ
2593 3997 2691 4064 οὐχ
2725 3995 2868 4048 οὕτω
2904 3996 3133 4065 νοοῦμεν
3193 3998 3258 4050 τὸ
3292 3999 3601 4066 ὁμοούσιον,
3635 3999 3712 4063 ὡς
3747 4003 3840 4053 καὶ
3875 4003 4054 4054 πάλαι

2468 4086 2611 4147 τινὲς
2644 4087 3013 4157 ἐξηγήσαντο,
3050 4089 3124 4159 μὴ
3155 4089 3424 4158 ἀληθινῶς
3459 4092 3880 4161 ὑπογράψαντες
3908 4112 3922 4125 ·
3957 4097 4058 4147 καὶ

2468 4175 2560 4227 νῦν
2590 4176 2800 4245 ἕτεροι,
2833 4179 3079 4247 πατέρας
3112 4180 3357 4242 ἐκείνους
3386 4181 3712 4246 καλοῦντες,
3745 4183 3848 4253 τὴν
3876 4186 4057 4238 δύναο

2472 4281 2563 4333 μιν
2611 4267 2707 4335 τῆς
2759 4266 2964 4336 λήξεως
3018 4267 3426 4336 άθετήσαντες,
3479 4274 3576 4325 καὶ
3627 4274 3886 4339 ἑπόμενοι
3937 4281 4056 4339 τοῖς

2469 4355 2795 4425 γράμμασι,
2828 4358 2889 4410 τὸ
2919 4359 3108 4426 ὅμοιον
3138 4360 3436 4430 δηλοῦσθαι
3466 4362 3555 4416 διά
3586 4364 3679 4416 τοῦ
3711 4367 4006 4434 ὀμοουσίου
4037 4385 4052 4398 ·

2470 4446 2596 4498 καθ’
2614 4447 2641 4500 ὃ
2670 4448 2848 4500 οὐδενὶ
2876 4449 2986 4502 τῶν
3013 4450 3224 4504 λοιπῶν
3254 4451 3570 4521 κτισμάτων
3601 4454 3668 4506 δι’
3692 4450 3859 4508 αὑτοῦ
3889 4475 4056 4524 γενο-

802 4556 1067 4607 laetarum
1103 4559 1482 4604 creaturarum
1538 4547 1712 4601 Filius
1759 4545 2207 4614 aequiparandus,
2259 4544 2359 4598 soli
2398 4542 2439 4595 D
2473 4557 2495 4607 ια

2398 4542 2439 4595 D
2473 4539 2651 4607 μένων
2677 4541 2927 4611 ἐμφερὴς
2953 4543 2981 4592 ό
3009 4541 3137 4604 Υίός
3161 4560 3174 4572 ’
3203 4544 3322 4595 ἀλλ’
3345 4546 3376 4615 ἢ
3408 4548 3558 4616 μόνῳ
3586 4547 3663 4617 τῷ
3691 4550 3868 4618 "arpi.
3895 4550 4056 4616 ἀφω-

798 4642 944 4696 Patri
989 4640 1191 4694 similis
1233 4649 1397 4707 atque
1426 4637 1652 4706 aqualis
1679 4636 1770 4691 sit.
1828 4635 1932 4701 Qui
1959 4636 2108 4689 enim
2152 4635 2257 4688 hoc
2289 4635 2361 4688 ita

798 4741 1101 4799 exponunt,
1128 4729 1459 4797 praecipuam
1489 4735 1797 4780 creaturam
1817 4739 1938 4779 esse
1973 4725 2139 4793 impie
2164 4725 2360 4779 Filium

800 4823 892 4875 hei
945 4821 1161 4874 docent.
1215 4819 1317 4872 Sed
1369 4833 1490 4878 nos,
1524 4817 1684 4871 sicuti
1725 4827 1780 4869 et
1825 4831 1972 4869 nunc
2011 4814 2269 4868 Romanae
2307 4824 2365 4868 et

797 4915 1017 4967 Gallicae
1051 4912 1270 4980 synodi,
1309 4911 1602 4971 sentimus,
1652 4923 1813 4962 unam
1845 4916 1900 4962 et
1945 4908 2193 4962 eamdem
2240 4922 2363 4961 esse

799 5004 1160 5057 substantiam
1196 5003 1371 5055 Patris
1413 5011 1468 5054 et
1518 5001 1641 5053 Filii
1681 5011 1734 5053 et
1767 4999 2020 5067 Spiritus’
2059 4999 2257 5062 sancti,
2308 4998 2363 5050 in

799 5095 971 5147 tribus
1005 5096 1275 5161 personis,
1321 5094 1424 5146 hoc
1463 5105 1568 5152 est.
1620 5092 1674 5144 in
1723 5092 1902 5144 tribus
1935 5092 2198 5159 perfectis
2228 5090 2362 5142 sub-

799 5185 1084 5239 sistentiis.
1117 5186 1446 5239 Protitemur
1483 5199 1632 5248 vero,
1673 5183 1826 5252 juxta
1858 5182 2150 5235 formulam
2183 5181 2360 5235 Nicat-

801 5293 946 5339 nam,
1013 5276 1207 5330 Filium
1263 5275 1356 5328 Dei
1402 5275 1951 5337 consubstantialem,
2015 5273 2358 5326 incarnatum

800 5385 917 5423 esse
950 5385 1014 5423 ex
1054 5377 1240 5423 sancta
1276 5369 1484 5438 virgine
1516 5369 1708 5429 Maria,
1739 5378 1794 5421 et
1826 5368 1878 5419 in
1909 5368 2227 5420 hominibus
2269 5367 2363 5419 ha-

801 5463 1026 5523 bitasse,
1059 5476 1114 5515 et
1169 5461 1481 5529 implevisse
1526 5475 1744 5513 omnem
1787 5475 1882 5528 pro
1920 5458 2080 5511 nobis
2125 5457 2363 5510 functio-

801 5570 949 5617 nem,
984 5556 1037 5608 in
1084 5555 1392 5618 nativitate,
1438 5565 1490 5607 et
1522 5554 1800 5622 passione,
1847 5561 1902 5604 et
1935 5549 2359 5612 resurrectione,

799 5648 858 5703 et
920 5647 974 5700 in
1037 5648 1207 5702 caelos
1261 5647 1604 5700 ascensione.
1650 5643 1816 5714 169
1868 5643 2116 5710 Eumque
2152 5641 2362 5695 reditu-

873 5757 948 5826 (ι)
1007 5757 1348 5825 Epiphanius
1399 5757 1793 5815 Scholasticus.
1855 5757 1945 5822 qui
2005 5754 2360 5823 Tripartitam

800 5828 1087 5882 historiam
1119 5833 1300 5893 vertit,
1343 5828 1500 5881 aliain
1536 5830 1824 5881 lectionem
1864 5836 2104 5890 secutus,
2149 5831 2308 5880 vertit
2343 5845 2358 5881 :

2470 4631 2723 4699 μοίωται.
2753 4633 2817 4685 Oi
2850 4633 2958 4702 γὰρ
2985 4633 3214 4686 τοιαῦτα
3246 4635 3626 4706 ἐξηγούμενοι,
3664 4638 3870 4708 κτίσμα
3904 4643 4050 4706 ἐξαί-

2469 4738 2625 4790 ρετον
2674 4724 2890 4786 ἀσεϐῶς
2940 4726 3031 4776 τὸν
3082 4726 3211 4780 Υίὸν
3263 4728 3360 4780 τοῦ
3411 4728 3547 4783 Θεοῦ
3598 4730 4056 4798 δογματίζουσιν.

2478 4815 2670 4883 Ἡμεῖς
2700 4816 2756 4867 δὲ
2788 4816 3101 4887 φρονοῦμεν
3124 4860 3138 4884 ,
3172 4819 3248 4882 ὡς
3281 4822 3375 4873 καὶ
3409 4823 3465 4872 αῖ
3500 4822 3709 4875 σύνοδοι
3739 4824 3870 4886 νῦν,
3904 4827 3969 4878 αῖ
3995 4844 4057 4878 τε

2466 4909 2609 4961 κατὰ
2648 4907 2866 4977 Ῥώμην
2903 4915 2997 4962 καὶ
3034 4913 3087 4962 αἱ
3128 4914 3264 4964 κατά
3299 4914 3566 4974 Γαλλίαν,
3608 4915 3735 4977 μίαν
3769 4912 3914 4968 εῖναι
3957 4921 4061 4970 καὶ

2465 5001 2564 5070 τὴν
2597 5003 2767 5073 αὐτὴν
2805 5003 2993 5056 οὐσίαν
3025 5004 3118 5056 τοῦ
3157 5007 3372 5075 Πατρος
3407 5009 3503 5060 καὶ
3533 5006 3626 5059 τοῦ
3662 5007 3791 5059 Υίοῦ
3828 5010 3921 5059 καὶ
3957 5012 4056 5062 τοῦ

2467 5096 2623 5161 ἁγίου
2659 5095 2996 5162 Πνεύματος,
3028 5098 3084 5147 ὲν
3114 5100 3260 5166 τρισὶ
3297 5098 3629 5168 προσώποις,
3663 5102 3966 5164 τουτέστιν,
3997 5105 4060 5153 ἐν

2465 5191 2613 5256 τρισὶ
2652 5188 2885 5252 τελείαις
2935 5190 3341 5243 ὑποστάσεσινο
3386 5191 3760 5262 ὁμολογοῦμεν
3801 5193 3859 5245 δὲ
3906 5199 4056 5248 κατά

2465 5281 2562 5350 τὴν
2597 5282 2809 5333 ἔκθεσιν
2842 5281 2939 5352 τὴν
2975 5284 3032 5334 ἐν
3068 5284 3275 5355 Nix-1i;
3302 5326 3315 5349 ,
3365 5287 3750 5354 σεσαρκῶσθαι
3787 5286 3879 5337 τὸν
3919 5287 4053 5339 Tim

2466 5374 2559 5424 τοῦ
2591 5372 2726 5425 Θεοῦ
2756 5375 2847 5425 τὸν
2875 5376 3160 5444 ὀμοούσιον
3188 5379 3252 5430 ὲκ
3279 5379 3376 5445 τῆς
3413 5378 3575 5444 ἁγίας
3610 5377 3891 5446 Παρθένου
3927 5381 4049 5430 Μα-

2470 5463 2612 5531 ρίας,
2641 5463 2735 5515 καὶ
2766 5466 2822 5514 ὲν
2852 5463 3161 5531 ἀνθρώποις
3192 5468 3591 5534 ἐσκηνωκέναι,
3621 5466 3714 5517 καὶ
3749 5464 4050 5533 πεπληρω-

2467 5555 2625 5605 κέναι
2668 5557 2849 5607 πᾶσαν
2885 5557 2983 5626 τὴν
3021 5559 3158 5626 ὑπὲρ
3201 5557 3357 5626 ἡμῶν
3391 5557 3706 5625 οἰκονομίαν
3743 5557 3800 5607 ὲν
3835 5562 4054 5624 γενέσει

2469 5649 2563 5698 καὶ
2600 5648 2758 5700 πάθει
2795 5651 2887 5701 καὶ
2921 5651 3241 5714 ἀναστάσει,
3273 5651 3368 5702 καὶ
3398 5653 3462 5721 τῇ
3497 5653 3578 5712 εἰς
3608 5650 3875 5718 οὐρανοὺς
3913 5651 4055 5702 ἀνα-

2468 5760 2575 5884 t‘lﬁs
2634 5761 2959 5885 subjicirngr
3012 5763 3062 5817 ei
3125 5764 3218 5833 qui
3275 5764 3485 5834 primus
3556 5773 3613 5817 et
3682 5763 4051 5824 novissimus.

2493 5848 2502 5882 l
2555 5871 2564 5882 .
2599 5849 2689 5885 \‘ll.
2732 5848 2846 5885 Citii.
2927 5874 2939 5884 .

2493 5848 2564 5882 ιυ.
2599 5849 2689 5893 vn,
2732 5848 2846 5899 Cap.
2887 5848 2939 5885 υ.
