4288 6438
797 415 902 478 679

2025 408 2072 467 N
2085 405 2443 467 lCEPHORl
2476 359 2814 469 CALLISTT

3933 416 4038 480 εει)

797 525 1160 595 episcopalem
1186 522 1473 593 gesserint,
1496 519 1790 590 praefectis,
1810 517 2082 589 siquidem
2108 529 2358 574 exstent:
2391 519 2432 578 Α
2467 535 2490 568 κ

2344 519 2432 578 εΑ
2467 520 2558 569 καὶ
2609 521 3004 589 στρατιωτικῆς
3048 522 3244 592 ἀρχῆς.
3293 523 3385 584 Εἰς
3430 523 3585 575 τοῦτο
3629 523 3722 577 οὖν
3763 525 3893 577 αὐτὸ
3937 529 4035 580 οὐκ

801 620 884 666 sin
922 616 1122 676 minus,
1169 630 1229 666 ex
1266 612 1399 680 ipsis
1433 611 1788 682 presbyteris.
1834 609 2210 665 Consimiliter
2239 623 2361 677 pre-

800 708 1005 777 shytcri
1049 717 1104 760 et
1156 705 1394 760 diaconi.
1428 719 1494 758 ex
1536 703 1653 771 ipso
1693 716 1853 757 sacro
1903 701 2226 756 clericorum
2262 716 2357 755 or-

802 802 956 862 dine,
994 809 1052 853 ut
1084 799 1232 852 omni
1265 813 1329 851 ex
1362 809 1512 867 parte
1549 795 2065 862 irrcprehcnsibilcs
2103 795 2232 854 sint.
2266 795 2360 862 qui

804 907 910 943 non
938 907 1004 943 ex
1038 891 1190 944 curia
1230 891 1311 944 vel
1355 907 1416 942 ex
1453 889 1673 940 militari
1708 888 2026 955 magistratu
2068 888 2179 940 sint
2214 886 2358 941 lecti.

804 985 1093 1049 Propterea
1137 997 1267 1036 vero
1317 981 1469 1048 plura
1525 979 1590 1032 ad
1635 995 1730 1032 vos
1776 979 2019 1032 scribere
2067 979 2358 1041 noluimus,

800 1074 944 1141 quod
978 1090 1043 1128 ex
1097 1074 1349 1127 omnibus
1393 1090 1560 1126 unum
1595 1072 1660 1125 ad
1697 1087 1791 1124 vos
1824 1072 2156 1134 miserimus,
2190 1072 2364 1125 domi-

803 1179 932 1214 num
987 1173 1041 1217 et
1089 1163 1350 1232 collegam
1405 1177 1654 1216 nostrum
1705 1163 2007 1231 Elpidium.
2067 1162 2361 1226 diligenter

807 1261 1223 1322 perspecturum
1280 1253 1725 1321 przcdii-ationem
1785 1263 2038 1312 vestram,
2083 1267 2148 1304 an
2184 1265 2244 1305 ea
2281 1252 2361 1307 sic

802 1362 858 1399 se
893 1347 1087 1398 habeat
1128 1347 1203 1398 uti
1253 1362 1318 1399 cx
1370 1346 1596 1398 domino
1625 1356 1679 1400 et
1714 1347 1916 1415 collega
1953 1356 2137 1396 nostro
2168 1345 2359 1398 Eusta-

809 1437 920 1488 thio
973 1436 1305 1489 audivimus.
1346 1436 1500 1501 Quod
1552 1437 1820 1505 reliquum
1871 1446 1977 1498 est,
2009 1437 2221 1488 etiamsi
2259 1436 2361 1488 ali-

801 1527 1020 1595 quando
1067 1529 1240 1582 errori
1286 1529 1546 1596 implicati
1594 1530 1830 1590 fueritis,
1887 1539 2064 1581 tamen
2115 1537 2356 1581 veterem

802 1621 1078 1671 hominem
1125 1629 1412 1680 exuentes,
1450 1618 1661 1672 induite
1692 1633 1914 1671 novum.
1966 1618 2100 1671 Nam
2145 1628 2201 1670 et
2242 1618 2358 1683 ipse

801 1716 968 1765 frater
1014 1721 1069 1765 et
1118 1712 1323 1779 collega
1368 1723 1558 1764 noster
1591 1709 1863 1776 Elpidius,
1897 1724 2078 1760 veram
2126 1707 2244 1759 ﬁdei
2280 1706 2356 1775 (ι)

801 1804 1196 1871 professionem
1250 1817 1346 1856 vos
1399 1801 1640 1860 docebit.
1690 1801 1835 1869 quod
1882 1809 2073 1853 sancta
2114 1799 2358 1852 Trinitas

798 1895 1287 1948 consubstantialis
1342 1903 1423 1948 est
1479 1895 1582 1946 Deo
1628 1905 1684 1948 et
1729 1894 1874 1947 Patri
1927 1909 2051 1947 cum
2107 1893 2246 1947 Filio
2300 1903 2356 1946 et

799 1987 1007 2054 Spiritu
1055 1995 1246 2040 sancto
1277 2004 1289 2038 :
1323 1987 1684 2046 sanctificata,
1731 1985 2058 2054 gloriﬁcata,
2095 1994 2151 2038 et
2180 1983 2358 2036 mani-

801 2077 994 2128 festata
1029 2086 1111 2129 est
1140 2093 1164 2127 :.
1200 2076 1358 2128 Pater
1417 2075 1470 2126 in
1525 2075 1685 2134 Filio.
1718 2075 1888 2128 Filius
1925 2074 1977 2127 in
2011 2074 2193 2136 Patre,
2232 2088 2355 2125 cum

799 2179 990 2222 sancto
1021 2167 1251 2235 Spiritu,
1275 2168 1328 2219 in
1357 2166 1571 2220 saecula.
1598 2167 1706 2218 lloc
1731 2180 1965 2234 namque
1986 2165 2357 2226 manifeStato,

801 2258 1089 2311 manifeste
1144 2267 1386 2309 sanctam
1446 2257 1773 2310 Trinitatem
1832 2253 2358 2308 consubstantialem

802 2348 1044 2418 proﬁteri
1096 2348 1418 2413 poterimus,
1472 2347 1624 2411 juxta
1689 2347 1847 2398 ﬁdem
1902 2346 2094 2398 Nica‘a:
2151 2344 2359 2397 dudum

801 2441 1199 2508 promulgatam
1234 2457 1245 2492 :
1282 2455 1444 2506 quam
1475 2448 1530 2491 et
1569 2439 1759 2490 Patres
1803 2437 2215 2490 conﬁrmarunt.
2258 2435 2363 2487 Ita-

800 2549 907 2599 que
952 2533 1085 2585 ﬁdes
1135 2532 1248 2585 litec
1301 2531 1345 2584 si
1399 2530 1691 2597 praedicata
1743 2529 1928 2592 fuerit,
1966 2542 2090 2581 cum
2142 2525 2360 2580 exitiosi

802 2623 1069 2677 diemouis
1101 2622 1285 2691 plagas
1339 2621 1602 2689 cﬁugcre,
1636 2628 1749 2672 tum
1780 2635 1847 2673 eo
1887 2619 2180 2677 exstincto,
2214 2616 2362 2684 paci-

803 2718 920 2768 Iicis
958 2715 1159 2768 litteris
1189 2725 1377 2783 pacate
1433 2713 1681 2766 viventes
1730 2719 1923 2764 mutuo
1977 2724 2076 2762 nos
2111 2706 2360 2761 venerari

803 2806 1128 2868 poterimus.
1164 2805 1501 2872 Scripsimus
1527 2817 1655 2856 sane
1687 2801 1865 2865 vobis,
1886 2809 1946 2854 ut
1976 2807 2363 2854 exauctoratos

799 2911 922 2950 esse
960 2895 1178 2948 sciretis
1230 2895 1567 2948 insanientes
1593 2892 1844 2956 Arianos,
1877 2891 1972 2960 qui
2025 2906 2135 2945 non
2194 2889 2364 2959 proﬁ-

802 2995 1009 3048 tentur,
1060 3000 1127 3038 ex
1182 2983 1493 3037 substantia
1527 2983 1704 3035 Patris
1733 2995 1858 3035 esse
1913 2981 2134 3044 Filium,
2185 2994 2362 3048 neque

805 3075 1072 3143 Spiritum
1117 3085 1392 3138 sanctum,
1430 3087 1664 3142 quorum
1709 3073 1929 3124 nomina
1974 3073 2356 3140 subjecimus:

2465 611 2847 680 ὴϐουλήθημεν
2883 613 2972 664 διὰ
3016 614 3226 666 πολλῶν
3262 615 3628 684 ἀποχαράξαι,
3671 617 3759 670 διὰ
3800 616 3864 670 τὸ
3902 618 4037 671 ἀπο-

2466 704 2728 773 σταλῆναι
2763 705 2860 757 ἕνα
2893 708 2955 758 ἐκ
2991 707 3212 760 πάντων
3243 707 3336 759 τὸν
3368 708 3558 775 κύριον
3589 709 3748 778 ἡμῶν
3781 710 3872 761 καὶ
3908 710 4036 762 συλ-

2464 796 2774 862 λειτουργὸν
2812 797 3114 861 Ἐλπῐδιον,
3156 800 3501 860 ὲπισπουδῶς
3548 802 3936 866 καταμαθόντα
3977 803 4039 855 τὸ

2465 891 2724 958 κήρυγμα
2757 889 2934 955 ὑμῶν,
2966 890 3020 941 εῐ
3046 906 3108 964 γε
3142 889 3314 952 οὕτως
3346 891 3462 960 ἔχει
3496 891 3686 961 ὥσπερ
3715 893 4039 962 ἀκηκόαμεν

2464 980 2614 1050 παρὰ
2653 979 2749 1032 τοῦ
2796 981 2985 1050 κυρίου
3032 983 3190 1052 ἡμῶν
3235 983 3656 1054 συλλειτουργοῦ
3707 985 4034 1039 Εὑσταθίου.

2461 1073 2664 1125 Λοιπὸν
2707 1073 2754 1125 εἰ
2806 1073 2898 1126 καί
2948 1090 3079 1127 ποτε
3131 1077 3186 1127 ὲν
3231 1062 3452 1138 πλάνοις
3493 1068 3861 1145 ,γεγενημένοι
3906 1073 4031 1145 ἦτε,

2461 1165 2790 1233 ἀποθέμενοι
2830 1167 2922 1218 τὸν
2969 1167 3198 1219 παλαιὸν
3243 1169 3555 1236 ἄνθρωπον,
3603 1167 3894 1222 ἐνδύσασθε
3939 1169 4031 1220 τὸν

2462 1259 2668 1310 καινόν.
2705 1258 2812 1310 Καὶ
2839 1259 2950 1328 γὰρ
2978 1260 3006 1312 ό
3037 1243 3197 1321 αὐτὸς
3223 1259 3452 1326 ἁδελφὸς
3481 1262 3579 1313 καὶ
3612 1260 4032 1330 συλλειτουργὸς

2473 1348 2742 1410 Ἐλπίδιος
2773 1347 2972 1411 διδάξει
3009 1351 3151 1419 ὑμᾶς
3187 1351 3425 1420 κηρύξαι
3455 1352 3555 1417 τὴν
3587 1351 3763 1419 ἀληθῆ
3802 1353 3990 1403 πίστιν
4014 1365 4030 1381 ο

2461 1441 2541 1493 ὅτι
2570 1443 2602 1504 ὴ
2631 1441 2760 1508 ἁγία
2785 1441 2953 1510 Τριὰς
2977 1443 3010 1511 ή
3039 1441 3319 1511 ὁμοούσιος
3343 1442 3424 1510 τῷ
3451 1442 3570 1510 θεῷ
3597 1443 3699 1494 καὶ
3731 1442 3906 1510 Πατρὶ
3935 1442 4036 1494 σὺν

2461 1530 2601 1596 ἁγίῳ
2635 1528 2932 1596 Πνεύματι,
2963 1531 3248 1598 ἡγίασται,
3273 1527 3613 1595 δεδόξασται,
3643 1530 4034 1602 πεφανέρωται

2461 1618 2648 1685 Πατὴρ
2687 1619 2744 1670 ὲν
2778 1618 2925 1688 Υἱῷ,
2960 1619 3184 1682 Υἰδςτόν
3219 1621 3393 1690 Πατρὶ
3435 1621 3530 1673 σὺν
3564 1621 3707 1690 ἁγίῳ
3752 1620 4035 1688 Πνεύματι

2460 1713 2539 1772 εἰς
2562 1713 2687 1772 τοὺς
2713 1712 2934 1774 αἰῶνας.
2959 1713 3369 1782 Φανερωθέντος
3398 1713 3507 1782 γὰρ
3533 1713 3748 1773 τούτου,
3778 1712 4037 1780 φανερῶς

2461 1797 2804 1868 δυνησόμεθα
2833 1800 2932 1868 τὴν
2963 1800 3127 1866 ἁγίαν
3159 1799 3366 1868 Τριάδα
3399 1799 3688 1868 όμολογεῖν
3717 1796 4033 1865 ὁμοούσιον,

2461 1892 2601 1944 κατὰ
2635 1891 2733 1959 τὴν
2773 1891 2943 1943 πάλαι
2986 1893 3298 1944 ὲκτεθεῖσαν
3340 1894 3523 1943 πίστιν
3560 1893 3662 1959 τὴν
3703 1892 3762 1942 ἐν
3801 1889 4033 1958 Νικαία,

2461 1982 2527 2052 ἢν
2565 1987 2657 2034 καὶ
2693 1983 2743 2034 οἰ
2781 1981 3022 2051 Πατέρες
3064 1982 3423 2034 ἐϐεϐαίωσαν.
3462 1981 3896 2050 Κηρυττομὲνης
3937 1979 4034 2032 οὖν

2460 2073 2559 2142 τῆς
2592 2073 2824 2133 πίστεως
2855 2074 3078 2142 ταύτης,
3108 2055 3451 2142 δυνησόμεθα
3479 2072 3575 2125 τοῦ
3608 2072 3892 2140 ἀλιτηρίου
3921 2072 4041 2123 δαί-

2465 2180 2623 2231 μονος
2695 2165 2955 2230 ἐκφυγεῖν
2999 2163 3120 2234 [τὰς
3171 2164 3468 2234 μεθοδίας].
3549 2163 3877 2226 Σϐεσθέντος
3929 2165 4040 2232 γὰρ

2460 2256 2654 2309 τούτου
2675 2297 2689 2318 ,
2723 2255 3066 2324 δυνησόμεθα
3100 2258 3404 2326 εἰρηνικοῖς
3439 2257 3770 2326 γράμμασιν
3805 2259 4040 2320 ἑαυτοὺς

2463 2346 2790 2414 προσκυνεῖν
2840 2346 2897 2398 ὲν
2947 2347 3154 2421 εἰρήνη,
3190 2347 3500 2414 διάγοντες.
3541 2347 3897 2417 Ἐγράψαμεν
3945 2351 4043 2402 οὖν

2464 2434 2591 2502 ύμῖν
2635 2433 2721 2486 ῖνα
2758 2433 2959 2486 εἰδέναι
2993 2433 3152 2503 ἔχητε
3192 2439 3319 2498 τοῖς
3361 2435 3791 2505 καθαιρεθέντας
3829 2437 4042 2505 Ἀρειοο

2465 2526 2726 2590 μανίτας,
2764 2526 2891 2586 τοὺς
2927 2525 3002 2593 μὴ
3036 2524 3441 2593 ὁμολογοῦντας
3479 2528 3544 2579 ἐκ
3578 2527 3676 2595 τῆς
3707 2527 3897 2588 οὐσίας
3938 2526 4040 2580 τοῦ

2463 2614 2674 2683 Πατρδς
2715 2617 2807 2666 τὸν
2854 2615 3005 2676 Υίὺν,
3054 2619 3190 2684 μήτε
3233 2617 3295 2666 τὸ
3340 2615 3497 2684 ἆγιον
3545 2617 3803 2687 Πνεῦμα·
3851 2615 3927 2672 ὢν
3970 2621 4042 2672 τὰ

2461 2705 2703 2774 ὀνόματα
2758 2705 3155 2775 ὑπετάξαμεν·
3217 2708 3617 2776 Πολυχρόνιος,
3671 2709 4038 2779 Τηλέμαχος,

2462 2795 2726 2861 Φαῦστος,
2745 2796 3166 2867 Ἀσκληπιάδης,
3185 2799 3498 2866 Ἀμάντιος,
3528 2800 3900 2870 Κλεόπατρος.
3929 2801 4042 2853 Καὶ.

2463 2887 2640 2940 ταῦτα
2687 2887 2786 2955 μὲν
2829 2886 3002 2950 οὕτως
3046 2891 3125 2950 εἰς
3172 2889 3331 2954 δόξαν
3375 2891 3588 2958 Πατρὺς
3631 2894 3724 2942 καὶ
3771 2890 3902 2942 Υἱοῦ
3946 2893 4044 2941 καὶ
4100 2931 4108 2937 .

2465 2980 2621 3047 ἁγίου
2646 2978 2963 3048 Πνεύματος
2987 2981 3068 3041 εἰς
3085 2980 3211 3042 τοὺς
3235 2981 3436 3041 αἰῶνας
3454 2981 3563 3034 τῶν
3588 2981 3822 3036 αἰώνων.
3841 2982 4042 3050 Ἀμήν.

2478 3069 2785 3141 Ἐρῤὦσθαι
2828 3071 2972 3138 ὑμᾶς
3014 3069 3288 3138 εὐχόμεθα
3319 3071 3397 3138 τῷ
3443 3073 3639 3136 Πατρὶ,
3674 3073 3770 3123 καὶ
3805 3071 3883 3140 τῷ
3928 3069 4074 3139 Υίῷ’

803 3166 1224 3236 Polychronius,
1263 3165 1643 3226 Telemachus,
1692 3160 1952 3228 Faustus,
1986 3163 2355 3230 Asclepiadis,
2390 3183 2432 3240 ο
2468 3178 2496 3213 τ

2354 3207 2355 3212 η
2390 3183 2432 3240 C
2468 3161 2546 3228 τῷ
2576 3162 2786 3230 Σωτῆρι
2822 3161 2977 3230 ἡμῶν
3007 3161 3229 3230 Χριστῷ
3265 3163 3355 3213 σὺν
3395 3163 3534 3229 ἁγίῳ
3571 3163 3876 3230 Πνεύματι,
3914 3165 4047 3216 πολ-

803 3261 1113 3320 Amantius,
1172 3259 1480 3326 Cleopater.
1518 3257 1692 3323 Atque
1743 3257 1856 3308 haec
1901 3253 2122 3322 quidem
2174 3253 2266 3314 ita,
2304 3253 2356 3304 in

804 3355 1030 3419 gloriam
1067 3353 1242 3405 Patris
1274 3363 1328 3403 ct
1359 3350 1478 3402 Filii
1503 3362 1558 3401 et
1583 3348 1819 3416 Spiritus
1849 3346 2044 3405 sancti,
2071 3346 2123 3396 in
2157 3345 2355 3398 saecula

808 3449 1151 3506 smculorom,
1195 3459 1376 3496 amen.
1429 3441 1618 3494 Valere
1664 3455 1761 3493 vos
1818 3445 2072 3507 optamus
2121 3437 2261 3490 Patri
2310 3444 2367 3488 et

2459 3256 2577 3314 λαῖς
2602 3253 2736 3303 ἐτῶν
2760 3252 3082 3319 περιόδοις.»
3119 3249 3178 3306 Ὀ
3210 3253 3309 3321 μὲν
3327 3254 3390 3321 δὴ
3409 3254 3764 3321 πανεύφημος
3789 3254 4048 3321 βασιλεὺς

2467 3342 2740 3409 τοσαύτην
2767 3341 2873 3392 τῶν
2900 3340 3274 3393 ἁποστολικῶν
3299 3342 3591 3411 δογμάτων
3619 3345 3854 3394 ἐποιεῖτο
3881 3360 4048 3413 ιρρον⁸

2469 3431 2612 3484 τίδα.

810 3535 946 3587 Μὶυ
976 3533 1250 3587 Scrvattiri
1299 3542 1485 3584 nostro
1517 3532 1738 3585 Christo
1763 3545 1884 3584 cum
1937 3545 2121 3583 sancto
2150 3529 2378 3597 Spiritu,
2426 3525 2611 3579 multis
2643 3539 2909 3578 annorum
2956 3525 3269 3581 curriculis.
3297 3544 3316 3578 ι
3354 3527 3422 3582 Et
3456 3526 3871 3582 laudatissimus
3915 3527 4046 3595 qui-

808 3635 840 3684 d
885 3651 932 3684 m
966 3635 1285 3700 imperator,
1329 3637 1530 3682 tantam
1578 3629 2009 3696 apostolicorum
2048 3627 2368 3694 dogmatum
2400 3624 2798 3694 gessitcuram.

881 3765 1034 3832 171
1095 3763 1363 3815 Caeterum
1433 3759 1651 3813 Liberio
1702 3759 1768 3812 ad
1841 3761 2004 3813 vitam
2082 3759 2362 3811 meliorem

814 3856 1106 3914 translato,
1143 3853 1195 3903 in
1236 3852 1494 3902 thronum
1555 3851 1674 3918 ejus
1729 3851 1988 3901 Damasus
2041 3848 2366 3901 substitutus

807 3958 912 4010 est,
943 3959 1118 4011 neque
1151 3945 1259 3993 vita
1297 3957 1471 4010 neque
1504 3942 1818 3995 eruditione
1845 3952 1898 3995 el.
1936 3941 2197 3993 doctrina:
2224 3941 2368 3993 8.ιιιὶ-

812 4050 918 4091 tntc
947 4038 1037 4094 illo
1063 4035 1287 4086 inferior
1315 4035 1388 4101 (ξ)
1430 4049 1443 4083 :
1488 4033 1589 4085 sub
1638 4047 1746 4099 quo
1780 4031 1980 4089 evenit.
2015 4041 2074 4083 ut
2133 4031 2368 4085 Ecclesia

815 4132 1052 4182 lionlana
1079 4129 1414 4185 turbaretur,
1446 4141 1511 4178 ex
1544 4140 1706 4177 causa
1740 4124 2045 4193 huiusmodi
2082 4145 2090 4175 :
2128 4123 2371 4178 Ursicius

814 4220 888 4285 ὦ)
916 4216 1134 4285 quidam
1160 4215 1425 4268 diaconus
1449 4253 1463 4276 ,
1518 4213 1728 4266 Damasi
1763 4216 2106 4282 competitor,
2139 4228 2204 4266 eo
2229 4214 2373 4281 quod

815 4327 865 4360 Ill
891 4309 1239 4376 episcopatus
1273 4307 1537 4374 petitione
1580 4319 1674 4373 spe
1715 4321 1812 4357 sua
1855 4306 2166 4366 frustratus,
2197 4304 2377 4373 repul-

812 4415 924 4452 sam
957 4412 1150 4467 passus
1175 4405 1336 4458 esset,
1370 4412 1478 4448 non
1510 4397 1649 4448 bene
1704 4397 1953 4465 injuriam
1985 4411 2103 4449 eam
2145 4397 2286 4460 tulit,
2322 4405 2376 4448 et

813 4501 943 4539 suos
999 4485 1102 4538 sibi
1164 4494 1465 4537 conventus
1524 4485 1753 4538 seorsim
1808 4500 1968 4550 agere
2014 4484 2270 4538 instituit.
2309 4485 2373 4537 Et

815 4593 937 4630 cum
986 4576 1322 4629 clandestine
1351 4589 1380 4627 a
1417 4575 1739 4642 quibusdam
1780 4574 2046 4642 episcopis
2083 4590 2372 4629 consecra-

817 4679 904 4722 tus
957 4667 1031 4734 (4)
1065 4666 1230 4730 esset,
1287 4671 1512 4719 seorsim
1567 4665 1907 4729 concionari,
1965 4675 2020 4716 et
2066 4665 2372 4716 multitudi-

818 4777 939 4814 nem
970 4760 1033 4813 ad
1062 4775 1120 4812 se
1155 4760 1368 4812 trahere
1397 4760 1581 4826 C(Bpil.
1614 4759 1688 4810 Ila
1720 4757 1942 4822 factum,
1990 4769 2045 4810 ut
2079 4759 2168 4810 alii
2203 4759 2367 4822 hunc,

816 4854 908 4904 atii
944 4852 1236 4905 Damasum
1262 4851 1553 4918 episcopali
1599 4867 1827 4903 munere
1851 4851 1998 4916 fungi
2042 4851 2260 4902 vellent.
2299 4850 2372 4903 Ea

815 4958 883 4996 ex
914 4959 970 4997 re
1011 4943 1200 5011 ingens
1229 4941 1601 4994 contentionis
1629 4941 1871 4993 studium
1909 4943 2184 5007 obortum,
2218 4951 2272 4994 et
2309 4959 2371 4994 ex

818 5169 874 5213 et
934 5159 1338 5231 magistratibus
1397 5160 1649 5214 civilibus
1708 5161 1868 5213 etiam
1933 5161 2161 5231 intelligi
2226 5173 2376 5217 recte

823 5241 999 5296 potest
1031 5248 1044 5281 :
1086 5229 1362 5296 quomodo
1389 5234 1548 5297 paulo
1581 5240 1701 5298 post
1729 5231 1989 5283 scribitur
2025 5247 2091 5283 ex
2119 5229 2376 5298 praefecto

827 5300 1085 5352 Insubriie
1125 5301 1447 5352 Ambrosius
1478 5301 1656 5352 adhuc
1689 5302 2120 5353 catechuinenus
2166 5304 2378 5368 episco-

824 5385 924 5435 pus
951 5384 1072 5422 esse
1124 5369 1318 5421 factus.
1365 5369 1523 5435 Apud
1574 5369 1869 5439 Homerum
1926 5369 2128 5423 Hector
2188 5373 2378 5439 Troja—

827 5455 1019 5491 uorum
1050 5453 1342 5505 episc0pus
1375 5439 1594 5503 dicitur.
1635 5438 1701 5489 Et
1740 5438 1934 5491 (ΣιροΓο
1962 5441 2106 5491 civili
2140 5438 2378 5494 bclloise

826 5524 853 5558 a
904 5508 1162 5575 Pompeio
1209 5508 1525 5576 episc0pum
1578 5523 1688 5561 orae
1732 5508 2016 5576 Campana:
2069 5511 2379 5576 praefectqu

822 5592 938 5630 esse
971 5580 1182 5630 scribit.

895 5647 971 5714 (l)
1007 5647 1053 5698 ls
1082 5659 1262 5700 autem
1298 5646 1530 5700 Nicaeum
1573 5660 1811 5703 assertor
1850 5649 1975 5702 ﬁdei
2015 5658 2070 5702 et
2100 5651 2380 5705 catholica:

825 5718 1103 5785 religionis
1138 5733 1300 5770 verus
1332 5717 1514 5770 cultor
1559 5721 1912 5787 accipiendus
1945 5730 2047 5778 cSt,
2077 5721 2167 5786 qui
2204 5727 2384 5772 omni-

827 5797 1101 5856 potentem
1145 5789 1314 5841 Deum
1363 5797 1417 5841 et
1465 5787 1742 5843 Christum
1780 5788 1976 5842 Filium
2011 5788 2104 5841 Dei
2142 5807 2246 5841 uno
2291 5807 2386 5843 no-

2543 3761 2704 3813 Ἀλλὰ
2745 3759 2852 3829 γὰρ
2884 3759 3138 3828 Λιϐερίου
3167 3759 3302 3828 πρδδς
3331 3761 3430 3829 τὴν
3459 3762 3668 3831 ἀμείνω
3696 3765 3847 3832 λῆξιν
3881 3785 4057 3834 μετα-

2473 3852 2859 3920 χωρήσαντος,
2909 3850 3158 3916 Δάμασος
3196 3850 3273 3916 τῷ
3299 3853 3512 3903 ἐκείνου
3549 3852 3724 3922 θρόνῳ
3763 3857 4050 3909 ἀντικαθί-

2476 3960 2686 4009 σταται,
2725 3942 2937 4003 οὐδενὸς
2985 3943 3165 4010 ἥττων
3219 3943 3431 3993 ἐκείνου
3476 3946 3618 3996 κατά
3665 3963 3720 3997 τε
3782 3947 3896 4014 βίον
3952 3953 4051 4002 καὶ

2471 4034 2649 4100 λόγον,
2688 4036 2780 4085 καὶ
2807 4034 2904 4102 τὴν
2948 4033 3136 4097 ὑγείαν
3172 4033 3266 4084 τοῦ
3315 4033 3619 4102 δόγματος⁶
3652 4038 3738 4104 ἐφ’
3773 4037 3832 4090 οὗ
3876 4057 4051 4105 ταρα-

2480 4127 2669 4194 χθῆναι
2710 4125 2808 4192 τὴν
2849 4123 3136 4193 Ῥωμαίων
3177 4125 3509 4194 Ἐκκλησίαν
3542 4129 3738 4197 συνέϐη
3773 4129 3829 4193 ἐξ
3868 4133 4052 4195 αἰτίας

2480 4217 2732 4284 τοιαύτης
2759 4233 2773 4246 ο
2810 4217 3098 4286 Ούρσίκιός
3135 4233 3223 4278 τις
3256 4217 3502 4280 διάκονος
3536 4219 3825 4288 σύμψηφος
3857 4224 4054 4277 ὦνΔαο

2485 4307 2659 4374 μάσῳ,
2694 4307 2812 4357 ἐπεὶ
2858 4308 2985 4375 περὶ
3029 4309 3126 4374 τὴν
3168 4309 3427 4376 ὲπιλογὴν
3467 4310 3569 4377 τῆς
3617 4313 3919 4380 ἐπισκοπῆς
3950 4317 4052 4382 τῆς

2482 4397 2691 4457 ἐλπίδος
2719 4397 2980 4466 ἐψεύσθη,
3003 4397 3074 4466 μὴ
3100 4397 3279 4466 φέρων
3300 4401 3397 4464 τὴν
3428 4399 3603 4465 ὕϐριν,
3635 4407 4052 4470 παρασυνάγειν

2479 4490 2796 4550 ἐσπούδαζε.
2831 4488 3016 4558 Λάθρα
3048 4491 3100 4540 δὲ
3135 4491 3238 4542 ὑπό
3267 4506 3428 4542 τινων
3459 4493 3775 4544 ἐπισκόπων
3801 4496 3904 4563 τὴν
3937 4513 4056 4563 χει-

2481 4583 2723 4650 ροτονίαν
2763 4582 2962 4647 λαϐὼν,
3014 4583 3118 4651 ἰδίᾳ
3160 4583 3542 4648 ἐκκλησιάζειν
3589 4587 3798 4653 ᾑρεῖτο,
3835 4589 3929 4638 καὶ
3991 4591 4054 4638 τὸ

2479 4674 2682 4742 πλῆθος
2727 4674 2905 4727 ἕλκειν
2940 4677 3020 4736 εἰς
3052 4676 3260 4726 ἑαυτόν.
3293 4678 3355 4728 Οἱ
3406 4677 3504 4743 μὲν
3535 4677 3629 4727 οὖν
3664 4677 3870 4738 τοῦτον,
3907 4680 3957 4730 οἱ
3995 4680 4054 4730 δὲ

2478 4767 2730 4833 Δάμασον
2773 4765 2959 4832 ἠξίουν
3018 4761 3313 4834 ἰεραρχεῖν.
3359 4766 3452 4818 Ἐκ
3503 4768 3557 4818 δὲ
3609 4767 3796 4819 τούτου
3848 4769 4055 4837 πολλῆς

2481 4860 2862 4926 ἀναπτομένης
2903 4859 3259 4927 φιλονεικίαις,
3313 4861 3369 4923 ὲΞ
3404 4859 3578 4926 ἔριδος
3613 4859 3732 4912 κατ’
3757 4861 3941 4926 ὀλίγον
3977 4867 4060 4922 εἰς

2485 4953 2672 5001 στασιν
2702 4952 2900 5019 ἐχώρει
2945 4953 3006 5002 τὸ
3057 4952 3313 5018 πρᾶγμα,
3350 4951 3409 5000 οὐ
3455 4952 3543 5002 διά
3570 4969 3690 5003 τινα
3738 4954 3943 5019 πίστιν,
3982 4955 4061 5012 ὡς

2486 5170 2632 5223 mine
2663 5170 2978 5236 conﬁtetur,
3019 5172 3191 5225 Deum
3223 5172 3289 5226 de
3313 5227 3320 5233 ,
3345 5173 3473 5234 Deo,
3504 5173 3686 5230 lumen
3721 5187 3784 5224 ex
3820 5172 4055 5223 lumine.

2485 5240 2584 5304 Qui
2642 5241 2900 5306 Spiritum
2959 5253 3228 5302 sanctum,
3263 5257 3425 5309 quem
3482 5258 3545 5295 ex
3601 5258 3814 5294 summo
3869 5257 4054 5294 rerum

2491 5310 2724 5362 Parente
2787 5325 3070 5376 speramus
3126 5322 3181 5365 et
3240 5313 3576 5379 accipimus,
3627 5311 3880 5378 negando
3949 5327 4058 5362 nou

2491 5380 2660 5430 violat
2691 5396 2704 5430 :
2734 5383 2875 5446 apud
2910 5395 3072 5446 quem
3107 5382 3443 5434 intemeratae
3492 5382 3615 5434 ﬁdei
3663 5395 3862 5434 sensus
3893 5379 4065 5446 viget.

2494 5449 2824 5514 incorrupta;
2890 5448 3179 5502 Trinitatis
3252 5451 3489 5502 indivisa
3553 5450 3886 5508 substantia,
3940 5465 4066 5513 qua:

2491 5517 2678 5568 Graeco
2713 5520 2878 5570 verbo
2903 5521 3190 5585 ὁμοούςιος
3242 5529 3389 5571 recte
3421 5520 3781 5573 credentibus
3829 5518 4064 5570 dicitur.

2493 5588 2555 5638 L.
2596 5587 2779 5637 nullus
2809 5587 3096 5640 hmreticis.
3135 5591 3192 5641 (ἐ.
3233 5589 3300 5640 de
3334 5589 3488 5641 Sum.
3517 5588 3713 5640 'l'rinit.

2566 5657 2640 5725 (2)
2669 5656 2972 5726 Socr.ieod.
3010 5673 3130 5725 cap.
3159 5659 3246 5712 29.
3281 5659 3406 5713 Soz.
3437 5662 3558 5712 rod.
3593 5673 3710 5726 cap.
3739 5659 3831 5712 ‘25.

2565 5727 2640 5794 (ὅ)
2678 5725 2780 5777 Alii
2815 5725 3063 5780 Ursinum
3094 5730 3399 5781 nominant.

2568 5799 2640 5860 (ς)
2677 5796 2729 5846 In
2767 5797 2987 5851 basilica
3028 5798 3279 5852 Sicinini.
3320 5800 3486 5852 Socra
