4288 6438
252 410 349 473 881
1175 406 1784 471 ΕΟΟΕΕΞῙΑΞΤΙΟᾹΞ
1824 409 2210 476 ΗΙεΤΟΒΙᾸΞ
2245 409 2390 470 LIB.
2428 408 2531 468 ΧΙ.

3389 410 3499 473 68?.

263 526 499 592 εἴρηται,
521 521 660 572 ἀλλὰ
690 518 768 582 τίς
801 519 906 589 ἄρα
934 519 1039 571 τῶν
1069 517 1158 570 δύο
1179 518 1274 571 τοῦ
1322 520 1681 574 ἐπισκοπικοῦ
1699 521 1822 591 θρό-

1867 530 1900 585 Α
1928 521 2278 578 contentione
2307 520 2512 575 sensim
2549 533 2634 573 res
2693 519 2758 572 ad
2791 519 3114 574 seditionem
3149 521 3504 589 procedebat.

255 630 342 665 νου
371 610 687 681 κατάρξειε.
715 611 822 663 Καὶ
855 611 944 662 ἐπὶ
980 609 1136 662 τόσον
1171 609 1205 680 ἡ
1258 610 1448 672 στάσις
1478 609 1713 678 ἀνήφθη,
1753 609 1828 674 ὡς

251 709 422 776 μέχρι
485 705 665 774 φόνων
724 705 782 757 τὸ
831 705 1002 758 κακον
1059 702 1363 774 προελθεῖν,
1423 702 1830 773 συμπληγάδων

249 800 521 852 πλείστων
541 799 604 852 ἐκ
635 795 735 864 τῆς
767 796 876 848 τῶν
907 795 1083 864 ὄχλων
1119 795 1464 866 παρατρισῆς
1495 795 1828 863 γενομένων.

251 893 362 947 Καὶ
401 893 482 954 είς
525 891 710 960 μεῖζον
731 889 797 942 ἀν
829 886 1129 957 προῦϐαινε
1163 887 1224 941 τὸ
1250 887 1446 952 δεινὸν,
1477 889 1525 939 εί
1564 888 1640 956 μὴ
1675 889 1700 938 ὁ
1733 887 1830 956 τῆς

248 985 460 1043 πόλεως
512 981 762 1051 ὕπαρχος
793 980 1102 1048 Μαξιμῖνος
1143 978 1370 1041 πολλοὺς
1414 976 1523 1030 τῶν
1551 979 1609 1031 ἐν
1640 977 1832 1047 κλήρῳ

249 1079 345 1130 καὶ
375 1074 469 1128 τοῦ
501 1074 630 1128 λαοῦ
660 1071 955 1143 τιμωρίαις
987 1067 1307 1132 ὐποδαλὼν,
1335 1068 1503 1146 αὐτόν
1531 1085 1591 1120 τε
1631 1068 1832 1138 Οὐρσί-

247 1182 369 1218 κιον
395 1167 497 1236 τῆς
537 1165 937 1234 ἐπιχειρήσεως
970 1160 1174 1213 ἔπαυσε
1200 1199 1215 1224 ,
1251 1160 1348 1212 καὶ
1373 1160 1496 1220 τοὺς
1526 1157 1834 1229 ᾑρημένους

247 1257 447 1324 ἐκείνῳ
495 1253 809 1311 ἀκολουθεῖν
865 1255 1082 1322 ἀνέσχε.
1126 1253 1261 1321 Περὶ
1318 1249 1500 1319 μέντοι
1548 1251 1833 1318 δογμάτων

245 1347 371 1400 οὔτε
405 1349 454 1399 οί
508 1347 610 1415 τὴν
651 1345 868 1414 Ῥώμην
920 1341 1218 1407 οἰκοῦντες,
1271 1340 1388 1394 οὐθ’
1436 1341 1486 1392 οἱ
1518 1341 1617 1408 τὴν
1668 1338 1834 1406 ἄλλην

249 1437 493 1506 ἑσπέραν
525 1436 738 1505 ἔχοντες
791 1434 1103 1501 διεφέροντο
1131 1432 1206 1495 ὡς
1237 1432 1299 1484 τὸ
1345 1432 1610 1500 πρότερον
1637 1446 1648 1459 ·
1681 1431 1833 1498 κοινῇ

247 1527 306 1579 δέ
325 1527 525 1588 πάντες
545 1527 644 1595 τὴν
667 1526 724 1576 ἐν
748 1525 952 1594 Νικαίᾳ.
975 1523 1154 1575 πίστιν
1171 1521 1495 1591 ἠσπάζοντο.
1520 1522 1614 1573 καὶ
1634 1519 1837 1589 Τριὰδα

247 1615 538 1682 όμοούσιον
561 1617 652 1668 καὶ
680 1615 940 1684 ὁμότιμον
967 1615 1060 1666 καὶ
1088 1613 1409 1682 ίσοδύναμον
1439 1611 1623 1664 ἐσ;6όν
1650 1628 1710 1663 τε
1743 1614 1836 1664 καὶ

248 1706 632 1774 ἐδογμάτιζον.

1935 629 2046 670 non
2075 614 2147 669 ob
2178 614 2302 668 lidei
2337 610 2738 683 professionem
2778 612 3036 682 aliquam,
3067 619 3128 666 ut
3153 611 3364 667 dictum
3395 624 3502 675 est,

1936 699 2030 754 sed
2077 707 2300 768 prepter
2356 697 2784 763 dissensionem,
2823 710 2942 752 uter
2974 697 3211 752 duorum
3273 697 3500 754 istorum

1939 790 2235 860 episcopali
2281 791 2398 843 sedi
2466 798 2741 859 praeesset.
2796 788 2945 842 Adeo
2980 804 3108 844 vero
3167 788 3360 846 seditio
3421 801 3507 846 est

1936 890 2200 950 grassata,
2237 890 2295 934 ut
2327 881 2528 934 malum
2591 880 2643 934 id
2672 882 2736 934 ad
2774 880 2948 935 credes
2978 895 3193 950 quoque
3238 897 3508 956 pervene-

1937 974 2028 1040 rit,
2087 984 2142 1026 et
2171 972 2458 1028 conﬂictus
2483 973 2665 1042 plures
2714 989 2776 1026 ex
2814 973 3180 1028 multitudinis
3226 974 3505 1030 conﬂicta-

1937 1065 2260 1132 tionelfacti
2313 1066 2442 1120 sint.
2506 1065 2570 1120 Et
2601 1066 2780 1119 clades
2818 1082 2880 1120 ea
2928 1067 2980 1120 in
3028 1067 3250 1136 gravius
3305 1071 3506 1123 malum

1935 1155 2221 1218 evasisset,
2251 1155 2355 1208 nisi
2393 1153 2678 1222 prmfeetus
2710 1153 2828 1207 urbi
2889 1153 3235 1220 Maximinus,
3275 1156 3326 1207 in
3369 1155 3506 1208 mul-

1938 1255 2023 1300 tos
2059 1260 2124 1300 ex
2182 1247 2328 1300 clero
2388 1247 2549 1300 simul
2605 1257 2659 1301 et
2709 1262 2771 1300 ex
2811 1247 3007 1314 populo
3047 1248 3508 1308 animadvertens,

1943 1354 2065 1392 cum
2100 1336 2368 1394 Ursieium
2402 1351 2582 1409 coapto
2611 1343 2896 1403 desistere,
2923 1350 3034 1394 tum
3067 1351 3366 1396 sectatores
3393 1342 3512 1412 ejus

1942 1432 2256 1500 relinquere
2303 1432 2454 1485 illttm
2511 1434 2802 1502 coegisset.
2876 1434 2951 1486 De
2989 1432 3334 1503 dogmatibus
3378 1450 3511 1487 sane

1941 1522 2164 1590 quidem
2197 1523 2478 1592 nequequi
2511 1523 2809 1576 Romanam
2845 1524 3032 1577 urbem
3072 1524 3293 1582 habent.
3329 1540 3506 1593 neque

1943 1614 2032 1682 qui
2077 1613 2432 1670 Occidentem
2492 1615 2764 1684 reliquum
2813 1614 3081 1679 incolunt,
3139 1615 3300 1669 sicuti
3355 1627 3509 1669 antea

1871 1728 1875 1733 ·
1943 1721 2161 1775 quoque
2196 1706 2401 1761 dictum
2461 1716 2564 1768 est,
2611 1707 2985 1776 disceptarunt
3023 1723 3036 1759 :
3096 1707 3192 1761 sed
3235 1709 3513 1762 communi

250 1816 527 1854 consensu
564 1814 758 1854 omnes
787 1799 1059 1854 Nicmnam
1100 1802 1259 1855 ﬁdem
1308 1815 1438 1856 sunt
1504 1800 1799 1870 complexi,
1860 1807 1915 1854 et
1955 1800 2278 1856 Trinitatem
2311 1802 2553 1873 ejusdem
2589 1803 2925 1868 substantiae,
2957 1803 3315 1874 ejusdemque
3345 1804 3514 1858 hono-

251 1896 330 1950 ris
355 1904 414 1951 et
456 1897 766 1966 potestatis,
797 1907 852 1952 et
882 1897 1196 1964 coluerunt,
1234 1905 1290 1950 et
1329 1897 1658 1951 docuerunt.

820 2033 1080 2089 ΚΕΦΑΛ.
1108 2037 1236 2088 AA’.

251 2125 391 2192 Περὶ
449 2124 559 2190 τῆς
609 2125 896 2190 αἷρέσεως
927 2125 1253 2189 Αὺξεντίου
1301 2127 1408 2181 τοῦ
1447 2125 1835 2180 Μεδιολάνων

322 2197 697 2264 ἐπισκόπου,
756 2195 854 2246 καὶ
889 2196 968 2259 ὡς
997 2196 1289 2262 καθῃρέθη
1331 2201 1489 2261 παρὰ
1523 2196 1831 2264 Δαμάσου⁶

326 2267 428 2316 καὶ
469 2259 566 2316 οἵα
611 2266 649 2330 ἡ
684 2265 949 2329 σύνοδος
978 2259 1200 2330 τοῖς-’ἑν
1251 2259 1332 2329 τῷ
1384 2259 1839 2334 ’Ῐλλιφίκῷέπιο

323 2335 583 2398 σκόποις
608 2335 740 2401 περὶ
773 2335 958 2388 αὐτοῦ
985 2334 1274 2403 ἔγραψεν.

2390 2033 2546 2102 172
2583 2031 2808 2087 CAPUT
2831 2031 3022 2086 XXXI.

1942 2127 2019 2182 De
2077 2126 2260 2179 Μενεεί
2304 2127 2550 2178 Auxentii
2619 2124 3025 2178 Mediolanensis
3077 2125 3339 2194 episcopi.
3377 2135 3431 2178 ut
3481 2143 3514 2179 α

2013 2196 2245 2249 Damaso
2273 2205 2655 2266 exauctoratus
2689 2195 2757 2246 sit
2792 2211 2811 2266 ;
2840 2205 2888 2247 et
2920 2211 3035 2264 qua:
3062 2202 3290 2266 synodus
3336 2199 3401 2248 de
3456 2213 3510 2249 es

2013 2267 2260 2336 episcopis
2296 2266 2527 2334 Illyricis
2554 2264 2841 2333 scripserit.

2012 2449 2167 2506 Unus
2215 2445 2379 2500 modo
2416 2443 2739 2508 Auxentius,
2796 2442 3055 2497 Ecclesiae
3097 2443 3516 2498 Mediolanensis

1941 2556 2128 2598 curam
2149 2554 2363 2610 gerens,
2388 2553 2513 2592 cum
2545 2537 2734 2606 paucis
2781 2536 3010 2604 aliquot,
3038 2536 3199 2589 rebus
3229 2537 3383 2590 novis
3404 2547 3516 2590 stu-

1943 2634 2110 2696 dens,
2167 2639 2361 2685 contra
2415 2643 2766 2683 communem
2815 2625 3246 2681 Occidentalium
3298 2629 3512 2697 episco-

1944 2740 2140 2798 porum
2174 2723 2500 2778 sententiam
2557 2730 2613 2775 et
2673 2718 2944 2773 sentiebat
2972 2727 3027 2772 et
3089 2718 3339 2772 docebat.
3400 2722 3512 2773 Arii

1943 2817 2092 2871 enim
2159 2814 2472 2884 opinionem
2534 2811 2870 2874 sectabatur,
2934 2819 2989 2866 et
3068 2811 3514 2864 constitutionem

1947 2906 2251 2976 proximam
2281 2903 2350 2958 de
2401 2903 2612 2972 Spiritu
2679 2912 2892 2966 sancto,
2939 2902 3183 2972 ejusdem
3241 2919 3364 2956 eum
3397 2918 3515 2958 esse

1946 2997 2267 3052 substantia:
2286 3005 2342 3050 et
2380 2995 2605 3049 honoris
2639 3009 2762 3048 cum
2791 2995 2948 3047 Patre
2983 3004 3038 3048 et
3072 2994 3232 3056 Filio,
3292 3011 3516 3063 prorsus

1945 3089 2289 3160 repudiabat.
2317 3093 2452 3143 Cum
2484 3102 2612 3141 vero
2635 3086 2884 3139 nonnulli
2915 3101 2980 3140 ex
3013 3083 3184 3140 Gallia
3239 3097 3293 3140 et
3341 3085 3511 3140 Vene-

1948 3181 2043 3247 tia,
2096 3192 2264 3250 atque
2314 3180 2443 3235 item
2481 3179 2596 3240 alii,
2632 3179 2932 3233 consilium
2988 3188 3336 3246 ereptumque
3395 3180 3514 3247 ejus

323 2448 474 2513 Πλὴν
502 2448 660 2517 μόνον
686 2448 796 2501 τῶν
815 2449 956 2516 ἀμφὶ
983 2449 1074 2500 τὸν
1091 2449 1399 2515 Δύξέντιον,
1429 2450 1487 2512 ὃς
1524 2451 1622 2519 τῆς
1657 2453 1713 2502 ἐν
1731 2450 1842 2503 Με·

249 2542 515 2603 δυολὰνοις
537 2540 830 2608 ἐκκλησίας
865 2541 959 2608 τὴν
982 2542 1283 2612 ἐπιτροπὴν
1306 2542 1468 2612 ἔχων,
1505 2541 1840 2612 νεωτερίζων

249 2633 321 2707 ἦν
353 2635 571 2703 σύναμὰ
599 2649 710 2684 τισι
737 2634 891 2702 παρὰ
927 2634 985 2686 τὸ
1014 2638 1164 2704 κοινῇ
1191 2635 1346 2698 δόξαν
1381 2636 1490 2694 τοῖς
1519 2635 1656 2704 πρὸς
1689 2634 1840 2687 δύσιν

251 2725 484 2795 ἱερεῦσι.
537 2726 630 2778 καὶ
679 2725 921 2789 δοξάζων
961 2728 1055 2779 καὶ
1103 2725 1450 2778 ἐκδιδάσκων.
1479 2725 1592 2794 Τήν
1627 2742 1686 2777 τε
1733 2725 1840 2796 γὰρ

250 2819 469 2888 Ἀρείου
498 2819 655 2882 δόξαν
685 2817 772 2870 διά
812 2817 1048 2882 σπουδῆς
1072 2819 1309 2870 ἐποιεῖτο
1336 2833 1348 2846 ·
1376 2819 1470 2870 καὶ
1499 2818 1595 2888 τὴν
1615 2815 1842 2887 ὕστερον

251 2907 557 2976 γενομένην
587 2904 919 2958 κατάστασιν
943 2906 1071 2975 περὶ
1099 2906 1191 2958 τοῦ
1219 2907 1376 2972 ἁγίου
1408 2906 1743 2974 Πνεύματος,
1765 2906 1842 2969 ὡς

250 2997 544 3066 όμοούσιόν
568 2998 682 3050 ἐστι
707 2998 798 3048 καὶ
827 2997 1088 3066 ὁμότιμον
1123 2997 1297 3066 Ιῐατρί
1333 3014 1390 3048 τε
1421 2999 1513 3048 καὶ
1542 2996 1677 3066 Υῖῷ,
1696 2998 1841 3067 ἀπη-

252 3089 373 3153 ξίου
415 3089 673 3156 πάμπαν.
718 3087 893 3141 Τινῶν
920 3087 965 3140 δ’
1020 3088 1128 3140 ἀπὸ
1170 3089 1435 3150 Γαλατίας
1466 3091 1558 3142 καὶ
1591 3090 1842 3154 Βενετίας

256 3181 357 3234 καὶ
397 3181 531 3251 παρ’
564 3180 741 3234 ἄλλων
787 3181 854 3234 τὰ
885 3181 1079 3248 ἐκείνῳ
1118 3181 1529 3250 σπουδαζόμενα
1592 3199 1844 3252 καταμη-

247 3274 553 3339 νυσάντων,
591 3274 673 3342 οὐ,
691 3274 832 3327 πάνυ
871 3275 1063 3345 πόρρω
1092 3273 1297 3326 πολλῶν
1320 3275 1630 3326 ἐπισκόπων
1660 3277 1720 3327 ἐκ
1747 3273 1842 3327 τοῦ

252 3363 460 3424 παντὸς
507 3363 691 3424 ἐθνους
725 3362 836 3413 τῶν
885 3363 988 3414 ἀνὰ
1022 3361 1122 3431 τὴν
1171 3362 1408 3432 ἑσπέραν
1439 3362 1732 3414 οίκούντων
1763 3365 1842 3426 είς

259 3456 485 3524 Ῥώμην
519 3453 921 3522 γεγενημένων,
945 3453 1268 3520 ψηφίζονται
1303 3455 1360 3504 ἐν
1393 3453 1471 3520 τῷ
1499 3453 1734 3522 ἀσφαλεῖ
1762 3451 1838 3507 εῖ-

248 3565 343 3600 ναι
391 3547 487 3598 καὶ
519 3545 769 3598 σέϐεσθαι
800 3547 906 3615 προ
930 3544 1132 3605 παντὸς
1164 3543 1261 3613 τὴν
1293 3545 1350 3596 ἐν
1383 3544 1591 3614 Νικαία
1622 3545 1836 3598 πίστινο

246 3638 364 3691 τῶν
394 3637 440 3689 δ’
467 3638 526 3690 ἐν
558 3637 825 3705 ’Λριμίνῳ
873 3635 1142 3700 δοξάντων
1177 3629 1251 3695 ὡς
1298 3635 1634 3687 ὑπεναντίων
1665 3635 1838 3706 ταύτῃ

247 3729 352 3796 τὴν
380 3725 585 3795 πρᾶξιν
607 3726 667 3776 τὸ
687 3725 890 3792 ἄκυρον
918 3723 1061 3790 ἐχειν
1078 3740 1091 3752 ·
1116 3723 1197 3774 ὅτι
1221 3739 1277 3774 τε
1306 3724 1380 3790 μὴ
1407 3725 1464 3773 ἐν
1493 3723 1680 3794 ἐκείνῃ
1703 3741 1841 3793 παρ⁴

246 3817 322 3884 ἧν
355 3819 383 3870 ό
413 3818 511 3886 τῆς
569 3815 794 3884 Ῥώμης
827 3813 1118 3884 ίεραρχῶν,
1147 3813 1241 3865 καὶ
1276 3814 1358 3865 ὅτι
1407 3813 1483 3882 μὴ
1516 3815 1563 3865 οί
1596 3815 1838 3867 πλεῖστοι

245 3909 427 3977 ταύτῃ
461 3906 744 3959 συνέθεντο
766 3920 781 3935 ο
824 3909 916 3957 καὶ
941 3905 1002 3958 τὸ
1031 3905 1235 3972 τρίτον,
1268 3904 1349 3956 ὅτι
1380 3907 1474 3957 καὶ
1518 3904 1697 3974 ἐτεροι
1732 3905 1839 3957 τῶν

248 4001 436 4052 ἐκεῖσε
471 3993 998 4063 συνδεδραμηκότων
1043 3994 1155 4054 τοῖς
1202 3991 1542 4061 δεδογμένοις
1578 3994 1707 4064 παρ’
1741 3998 1837 4047 αὐ.

244 4091 362 4142 τῶν
398 4088 798 4156 ἀπηρέσκοντο.
839 4083 1129 4149 Αὐξέντιον
1179 4085 1366 4154 μέντοι
1401 4084 1496 4135 καὶ
1531 4086 1655 4146 τοὺς
1689 4087 1837 4154 αὐτῷ

246 4182 556 4252 ἑπομένους
577 4179 676 4248 τῆς
698 4176 1264 4243 καθόλουἙκκλησίας
1280 4175 1590 4240 ἀπώσαντο,
1611 4179 1839 4230 τοιαῦτα

246 4271 560 4341 ἐρεσχελεῖν
591 4269 919 4340 ᾑρημένους.
960 4267 1144 4321 Ταῦτα
1184 4267 1238 4321 δέ
1275 4267 1531 4335 γενέσθαι
1570 4274 1838 4340 μαρτυρεῖ

246 4365 342 4415 καὶ
369 4364 401 4431 ἡ
437 4365 550 4424 τοῖς
583 4361 862 4428 Ἰλλυριοῖς
897 4359 1220 4420 ἐπισκόποις
1251 4361 1522 4427 γραφεῖσα
1551 4364 1835 4425 ἐπιστολὴ,

245 4455 491 4522 Δαμάσῳ
521 4452 746 4514 καὶτοῖς
772 4450 1076 4520 τηνικαῦτα
1107 4450 1453 4504 συνελθοῦσιν
1476 4453 1553 4515 είς
1583 4451 1833 4524 Ῥώμῃ-ι’

242 4543 456 4615 γράφει
483 4541 590 4611 γὰρ
628 4539 802 4602 οὕτως
831 4556 846 4571 ⁸

323 4655 343 4686 ε
373 4636 439 4687 Ol
489 4634 778 4686 ἐπίσκοποι
805 4632 854 4684 οί
888 4631 982 4685 ἐπὶ
1007 4631 1102 4700 τῆς
1143 4630 1426 4701 Ῥωμαίων
1475 4633 1556 4696 εις
1587 4634 1648 4686 τὺ
1693 4634 1835 4704 ἱερὸν

1948 3275 2306 3338 iudicassent,
2342 3273 2603 3344 permulti
2646 3289 2707 3324 ex
2738 3267 2901 3342 gente
2960 3275 3106 3326 omni
3161 3272 3510 3329 Occidentem

1864 3402 1912 3465 ο
1949 3369 2224 3424 incolente
2245 3367 2486 3436 episcopi
2549 3366 2774 3419 Romam
2811 3378 3118 3420 convenere
3151 3383 3163 3418 ς
3196 3375 3360 3433 atque
3415 3366 3511 3426 ibi,

1945 3472 2150 3517 certam
2190 3475 2338 3523 esse,
2377 3460 2428 3512 in
2457 3458 2757 3527 primisque
2816 3457 2922 3511 coli
2984 3456 3185 3510 debere
3233 3457 3505 3510 Nicmnam

1945 3549 2130 3606 Iidem.
2161 3549 2511 3616 actionesque
2547 3545 2914 3599 Ariminensis
2941 3560 3240 3599 conventus
3271 3547 3344 3599 illi
3379 3563 3512 3600 eon-

1943 3637 2140 3689 trarias
2167 3636 2366 3690 nullius
2394 3637 2654 3691 momenti
2689 3651 2809 3690 esse
2865 3651 3128 3691 censuere
3166 3654 3179 3691 :
3215 3649 3504 3706 propterea

1941 3726 2086 3795 quod
2112 3726 2186 3781 ibi
2214 3727 2490 3780 Romanus
2523 3726 2936 3780 hierarehanon
2984 3727 3247 3786 alluisset.
3273 3741 3328 3780 et
3363 3731 3508 3798 quod

1944 3831 2051 3870 non
2107 3818 2180 3870 ita
2235 3816 2390 3885 multi
2443 3816 2748 3870 actionibus
2786 3817 2867 3870 eis
2903 3819 3311 3873 consensissent
3347 3836 3359 3872 :
3397 3831 3508 3873 tmn

1943 3917 2146 3970 autem,
2185 3907 2329 3977 quod
2366 3908 2756 3976 nonuullisqui
2786 3920 2841 3961 et
2875 3908 2976 3977 ipsi
3012 3923 3078 3962 eo
3106 3923 3505 3972 convenerant,

1943 3999 2164 4052 decreta
2230 3999 2646 4067 displicuissent
2693 4015 2706 4050 :
2760 3998 3088 4052 Auxentium
3156 4012 3417 4068 praeterea
3452 4011 3509 4055 et

1943 4098 2240 4146 sectatores
2267 4089 2405 4158 ejus,
2447 4089 2536 4158 qui
2567 4089 2753 4156 nugari
2783 4089 2910 4141 talia
2948 4089 3243 4151 auderent,
3275 4093 3365 4172 abi.
3403 4093 3505 4146 Ee-

1941 4182 2104 4235 clesia
2148 4179 2446 4233 universali
2504 4179 2804 4232 exclusere.
2871 4180 2991 4232 Ilaec
3052 4181 3130 4233 sic
3188 4177 3320 4235 acta
3363 4173 3505 4244 esse.

1942 4275 2103 4328 etiam
2133 4272 2372 4327 ostendit
2404 4285 2466 4326 ea
2493 4286 2610 4340 qua:
2665 4285 2693 4323 τι
2720 4271 2946 4325 Damaso
2998 4282 3053 4326 et
3087 4274 3356 4344 episcopis
3411 4258 3503 4346 qui

1941 4367 2126 4420 Ruina:
2146 4374 2538 4424 convenerant,
2567 4363 2631 4415 ad
2664 4365 2951 4432 episcopos
2997 4365 3242 4436 Illyricos
3293 4368 3500 4437 scripta

1939 4469 2022 4513 est
2059 4457 2311 4528 epistola.
2336 4455 2408 4509 Ea
2447 4457 2528 4511 sie
2569 4457 2733 4510 habet
2768 4474 2780 4510 :
2900 4440 2903 4446 ’

2016 4657 2033 4690 ι
2067 4638 2317 4708 Episcopi
2360 4637 2454 4705 qui
2503 4637 2690 4691 Romae
2724 4637 2774 4690 in
2828 4651 2983 4691 sacro
3008 4639 3242 4694 concilio
3302 4657 3512 4698 conve-~

243 4726 533 4793 συνέδριον
565 4722 906 4783 συνελθόντες
937 4724 1048 4784 τοῖς
1079 4723 1135 4774 ἐν
1162 4721 1237 4789 τῷ
1277 4724 1522 4794 Ἰλλυριῷ
1553 4725 1828 4777 καθεστῶ-

1867 4751 1910 4805 υ
1942 4746 2093 4790 nere,
2147 4731 2408 4786 Damasus
2446 4737 2501 4782 et
2552 4727 2824 4793 Valerius,
2860 4738 2914 4782 ct
2943 4730 3166 4799 reliqui,
3226 4733 3502 4803 episcopis

244 4840 334 4874 σιν
363 4818 710 4880 ἐπισκόποις,
747 4814 1027 4884 Δάμασος,
1060 4814 1154 4868 καὶ
1193 4815 1487 4884 Οὐαλέριος
1521 4816 1613 4868 καὶ
1645 4816 1695 4868 οἱ
1723 4817 1833 4868 λοι-

238 4917 362 4980 ποι,
395 4915 507 4973 τοῖς
537 4911 842 4976 ἀγαπητοῖς
865 4909 1135 4977 ἀδελφοῖς,
1164 4910 1221 4960 ἐν
1251 4909 1439 4978 Κυρίῳ
1470 4909 1706 4977 χαίρειν.
1735 4909 1835 4962 Πιο-

238 5006 513 5074 στεὺομεν
562 5005 658 5072 τὴν
694 4999 857 5067 ἁγίαν
890 5005 1073 5052 πίστιν
1112 4999 1267 5070 ἡμῶν
1305 5002 1362 5052 ἐν
1414 5002 1480 5069 τῇ
1517 5000 1833 5069 διδασκαλίᾳ

238 5102 352 5150 τῶν
396 5091 717 5146 ἀποστόλων
745 5087 1167 5158 θεμελιωθεῖσαν
1207 5086 1413 5155 ταύτην
1452 5088 1702 5154 κατέχειν
1738 5090 1833 5141 καὶ

237 5188 452 5254 ταύτην
478 5185 553 5253 τῷ
583 5184 696 5252 λαῴ
723 5181 1073 5250 ὑφηγεῖσθαι,
1099 5180 1218 5249 ἥτις
1245 5180 1352 5232 ἀπὸ
1383 5179 1490 5232 τῶν
1510 5180 1834 5250 όρισθέντων

237 5281 399 5349 παρὰ
423 5280 531 5331 τῶν
564 5279 820 5346 Πιτέρων
859 5276 1032 5328 οὐδενὶ
1060 5275 1199 5342 λόγῳ
1231 5273 1506 5342 διαφωνεῖ.
1545 5274 1680 5326 Οὐδὲ
1716 5275 1825 5344 γὰρ

239 5376 420 5433 ἄλλως
449 5369 677 5440 ἁρμόζει
717 5367 1049 5420 δ.ανοεῖσθαι
1082 5367 1208 5428 τοὺς
1237 5365 1331 5417 τοῦ
1362 5365 1494 5418 Θεοῦ
1526 5368 1713 5435 ίερεῖς,
1741 5367 1832 5432 ὑφ’

241 5460 320 5518 (Ir
359 5460 571 5515 δίκαιόν
611 5463 727 5510 ἐστι
761 5457 888 5518 τοὺς
937 5457 1132 5524 σοφοὺς
1157 5455 1535 5510 παιδεύεσθαι.
1568 5456 1732 5510 Ἀλλὰ
1763 5456 1833 5508 δι’

240 5557 527 5622 ἀναφορᾶς
552 5553 658 5605 τῶν
690 5553 747 5604 ἐν
770 5549 971 5619 Γαλλίᾳ
1003 5549 1095 5600 καὶ
1129 5547 1350 5618 Βενετίᾳ
1379 5548 1645 5614 ἀδελφῶν,
1667 5548 1835 5614 ἐγνωο

243 5650 346 5720 μέν
379 5664 534 5706 τινας
569 5644 780 5711 αἵρεσιν
807 5640 1128 5702 σπουδάζειν
1151 5655 1163 5667 '
1200 5640 1334 5708 ὅπερ
1365 5639 1534 5691 κακὸν
1565 5640 1625 5690 οὐ
1671 5640 1828 5707 μόνον

154 5777 171 5788 ς
243 5736 772 5812 παραφυλάττεσθαι
806 5734 1114 5812 ὀφείλουσιν
1149 5733 1195 5782 οἱ
1224 5732 1536 5794 ἐπίσκοποι,
1563 5730 1698 5784 ἀλλὰ
1734 5732 1828 5785 καὶ

232 5847 343 5890 αισα
373 5832 599 5901 ἀπειρίᾳ
615 5828 777 5882 τινῶν
801 5829 833 5893 ἢ
858 5826 1116 5889 ἁπλότητι
1147 5823 1372 5886 οἰκείαις
1393 5823 1708 5895 ἑρμηνείαις
1731 5825 1826 5877 ἁν-

624 5927 870 6004 l‘A't'not.
931 5925 1018 5980 (is
1096 5916 1319 5979 CXLVI

1937 4819 2186 4890 Illyricis,
2241 4820 2500 4874 fratribus
2553 4819 2788 4883 dilectis,
2839 4819 2894 4872 in
2957 4820 3189 4874 Domino
3243 4825 3497 4878 salutem.

1941 4912 2266 4966 Persuasum
2333 4910 2614 4973 habemus,
2674 4907 3072 4975 professionem
3114 4909 3237 4963 lidei
3299 4923 3502 4967 nostra:

1939 5013 2203 5067 sanctam,
2237 5003 2487 5057 doctrina
2519 5003 2888 5070 apostolorum
2923 5001 3308 5067 fundatam,ea
3348 5021 3503 5058 com-

1943 5096 2125 5164 plecti,
2152 5109 2326 5162 eaque
2358 5093 2559 5162 populo
2599 5107 2922 5161 proponere,
2953 5109 3073 5160 qua:
3106 5109 3133 5146 a
3161 5095 3378 5148 Patrum
3409 5098 3501 5151 de-

1942 5183 2106 5236 iretis
2137 5183 2286 5235 nullo
2315 5184 2473 5234 modo
2500 5180 2802 5234 dissonant‘.
2837 5180 3023 5250 Neque
3044 5183 3187 5235 enim
3222 5185 3381 5239 aliter
3406 5187 3498 5240 De:

1941 5274 2250 5328 sacerdotes
2289 5288 2479 5340 sapere
2513 5280 2673 5339 atque
2705 5272 2907 5324 sentire
2938 5273 3214 5337 convenit,
3246 5292 3271 5326 a
3306 5279 3505 5343 quibus

1939 5377 2154 5431 {equum
2209 5371 2292 5415 est
2342 5361 2617 5428 sapientes
2668 5357 2899 5410 erudiri.
2939 5355 3137 5411 Verum
3181 5361 3399 5415 Patrum
3449 5363 3500 5415 in

1942 5453 2115 5507 Gallia
2151 5461 2206 5505 et
2233 5451 2459 5506 Venetia
2511 5448 2796 5511 relatione,
2825 5448 3088 5516 quosdam
3150 5450 3339 5505 haeresi
3373 5469 3502 5519 ope-

1944 5560 2058 5597 ram
2112 5557 2316 5597 uaVare
2375 5540 2766 5594 intelleximus.
2823 5539 2978 5602 Quod
3037 5541 3258 5608 quidem
3304 5543 3502 5595 tualutn

1943 5653 2048 5690 non
2086 5636 2282 5697 solum,
2327 5635 2596 5688 seiletiam
2655 5632 2698 5685 si
2757 5647 2876 5700 qua:
2931 5646 3026 5700 per
3077 5632 3402 5701 imperitiam
3450 5648 3506 5689 et

1938 5731 2341 5800 simplicitatem
2401 5726 2810 5788 nonnullorum,
2843 5726 2987 5778 veris
3016 5735 3069 5778 et
3133 5727 3388 5794 genuinis
3419 5729 3503 5780 in-

1939 5819 2421 5891 terpretationibus
2473 5817 2746 5871 contraria
2810 5813 3162 5878 inducantur,
3218 5818 3501 5887 episcopos

3134 5907 3205 5950 ΘΟ

3134 5950 3204 5967 ..α
