4288 6438
745 405 848 476 683

1968 408 2391 469 NICEPHORI
2430 408 2778 469 CALLlS’l‘I

3894 406 3996 467 685.

745 539 1036 590 observare
1083 529 1357 585 convenit.
1389 528 1543 600 173
1580 527 1894 583 Cavendum
1929 543 2080 589 sane,
2114 543 2184 580 ne
2224 541 2320 595 per
2347 527 2392 585 Α
2422 525 2438 578 ε

2302 543 2320 578 r
2347 527 2392 585 Α
2422 525 2674 579 θῐσταντο
2697 545 2708 555 ”
2751 525 2857 579 ἀπὸ
2905 523 2996 578 οὖν
3035 524 3144 578 τῶν
3182 525 3471 593 διαφόρους
3506 521 3844 586 διδασκαλίας
3878 525 3995 577 δια-

743 640 836 680 eos
867 623 960 693 qui
998 622 1176 676 varias
1205 619 1484 674 doctrinas
1552 619 2066 680 comminiscuntur,
2119 619 2170 670 in
2227 618 2310 669 lu-

743 718 952 770 bricum
1007 711 1339 767 seducamur
1377 726 1477 765 :ac
1510 713 1709 780 potius,
1745 711 2177 780 quotiescunque
2233 708 2308 761 illi

746 806 1085 861 variantibus
1113 802 1359 857 consiliis
1394 802 1878 864 circumferuntur,
1933 810 2150 870 patrum
2208 815 2310 852 no-

750 910 986 953 strorum
1021 913 1049 950 a
1073 895 1231 950 nobis
1265 895 1552 949 sentcntiae
1587 903 1713 946 sunt
1745 892 2060 947 retinendae.
2092 893 2312 945 Auxen-

743 987 850 1040 tius
877 986 1098 1055 quidem
1130 983 1552 1038 Mediolanenst's
1586 982 1861 1050 praecipue
1895 979 2007 1033 ‘hae
2034 978 2101 1032 de
2147 991 2310 1032 causa

743 1077 1028 1130 damnatus
1058 1084 1160 1128 est.
1193 1072 1428 1143 {Equum
1476 1081 1656 1127 autem
1691 1079 1789 1135 est,
1839 1085 2030 1124 omnes
2077 1065 2312 1121 Romani

743 1169 892 1223 orbis
932 1169 1192 1221 doctores
1218 1165 1625 1219 consentientes
1652 1177 1798 1224 esse,
1824 1176 2000 1230 neque
2039 1161 2315 1217 dissiden-

743 1263 891 1314 tibus
919 1261 1060 1312 inter
1088 1273 1146 1312 se
1177 1258 1446 1311 doctrinis
1473 1255 1636 1309 fidem
1661 1256 2036 1310 contaminare
2092 1255 2157 1308 Et
2189 1266 2316 1323 pro-

743 1354 882 1407 fecto
915 1367 1036 1404 cum
1072 1351 1304 1418 primum
1334 1349 1718 1401 brereticorum
1781 1347 2121 1415 improbitas.
2153 1345 2314 1400 sicuti

745 1458 887 1496 nunc
915 1443 1152 1495 maxime
1184 1441 1349 1509 (quod
1389 1440 1595 1491 utinam
1629 1437 1940 1506 abeSSetl),
1983 1436 2311 1490 Arianorum

746 1539 912 1588 etiam
951 1533 1287 1602 blasphemia
1341 1531 1522 1600 vigere
1557 1529 1836 1598 coepisset,
1871 1529 2067 1582 delecti
2132 1529 2317 1582 Patres

745 1629 916 1681 nostri
950 1628 1178 1680 trecenti
1215 1627 1402 1677 decem
1447 1632 1665 1683 etocto,
1700 1622 1891 1676 Nicaea:
1922 1622 2316 1687 disquisitione

745 1737 806 1774 ac
838 1716 1233 1771 deliberatione
1261 1714 1444 1766 habita
1473 1729 1687 1764 murum
1723 1712 1868 1765 hunc
1901 1713 2167 1765 adversus
2197 1710 2317 1764 dia-

745 1812 855 1865 boli
887 1811 989 1863 tela
1019 1808 1447 1868 constituerunt,
1474 1815 1634 1873 atque
1663 1804 1907 1858 antidoto
1941 1819 2036 1857 seu
2071 1803 2316 1858 remedio

744 1907 848 1957 hoc
895 1901 1096 1956 lethale
1129 1914 1400 1953 venenum
1461 1898 1839 1965 propulerunt,
1869 1905 1925 1950 ut
1979 1896 2190 1949 Patrem
2256 1903 2312 1948 et

744 1997 942 2048 Filium
975 1994 1136 2046 unius
1171 1991 1494 2052 divinitatis,
1533 1989 1808 2056 uniusque
1844 1987 2090 2048 virtutis,
2147 1995 2312 2055 atque

743 2089 878 2141 adeo
901 2102 1013 2139 rem
1039 2100 1201 2138 unam
1239 2098 1359 2136 esse
1393 2083 1702 2135 credamus.
1743 2079 1969 2148 Oportet
2027 2089 2228 2144 autem,
2258 2089 2314 2132 et

744 2180 1003 2246 Spiritum
1063 2183 1310 2229 sanetum
1345 2175 1584 2242 ejusdem
1633 2187 1753 2227 esse
1794 2172 2134 2236 substantiae,
2190 2189 2312 2240 pcr-

757 2286 978 2325 suasum
1017 2271 1237 2323 habere.
1277 2268 1375 2333 Qui
1410 2282 1536 2319 vero
1585 2267 1743 2319 aliter
1773 2265 1994 2328 sentiat,
2027 2280 2151 2318 eum
2183 2265 2313 2318 alie-

745 2380 874 2417 num
905 2378 1069 2417 essca
1100 2363 1379 2415 consortio
1420 2370 1472 2412 et
1501 2359 1886 2412 communione
1932 2367 2118 2412 nostra
2168 2357 2314 2428 judi-

743 2457 989 2512 Cavimus
1024 2469 1038 2506 :
1075 2454 1219 2524 quod
1251 2452 1468 2521 quidem
1522 2453 1757 2505 salutare
1789 2451 2093 2516 decretum,
2126 2460 2179 2504 et
2219 2451 2313 2505 de-

743 2550 1123 2606 liberationem
1158 2561 1251 2599 scu
1284 2545 1621 2600 sanctionem
1663 2541 2021 2604 adorandam,
2053 2542 2302 2611 polluere

744 2641 993 2695 nonnulli
1029 2639 1344 2691 voluerunt.
1404 2637 1602 2689 Verum
1655 2637 1721 2689 ab
1760 2634 1878 2703 ipso
1917 2635 2101 2687 statim
2131 2634 2309 2698 initio,

746 2749 841 2801 per
867 2747 961 2786 eos
995 2729 1086 2799 qui
1117 2726 1350 2781 Arimini
1379 2725 1717 2780 sanctionem
1775 2739 1892 2779 eam
1931 2727 2095 2779 rebus
2151 2725 2309 2779 novis

745 2825 1037 2878 imnmtare
1085 2828 1141 2874 ct
1180 2819 1612 2872 contrectatione
1644 2831 1738 2868 sua
1791 2816 2086 2884 depravare
2135 2817 2309 2869 coacti

744 2925 893 2979 sunt,
928 2915 1212 2980 hucusque
1249 2925 1335 2963 res
1364 2917 1609 2962 correcta
1660 2917 1742 2961 est
1779 2916 1881 2960 :ut
1930 2906 2006 2959 illi
2045 2907 2149 2959 alia
2178 2923 2313 2976 qua-

745 3006 868 3060 dam
901 3004 1155 3074 loquendi
1201 3002 1374 3055 forma
1400 2999 1721 3068 subreptitie
1771 2998 2029 3065 deceptos
2079 3013 2136 3052 se
2167 3013 2309 3061 esse,

745 3111 907 3165 quam
946 3094 1174 3147 formam
1207 3092 1428 3145 Patrum
1468 3088 1810 3141 Nietenorum
1848 3086 2064 3155 placitis
2120 3087 2312 3139 adver-

745 3187 854 3241 sari
891 3185 1210 3254 ignorarint,
1241 3182 1533 3235 fateantur.
1565 3178 1747 3246 Neque
1809 3193 2073 3231 numerus
2118 3192 2308 3230 eorum

747 3278 839 3346 qui
899 3275 1129 3330 Arimini
1197 3280 1595 3328 convenerunt.
1641 3269 2015 3337 praeiudicium
2065 3268 2306 3337 aliquod,

747 3386 870 3424 cum
912 3367 1150 3438 synodus
1196 3380 1258 3419 ea
1291 3373 1479 3417 coacta
1516 3372 1619 3424 est,
1671 3361 1866 3415 athrre
1925 3362 2122 3429 patuit,
2184 3376 2310 3415 cum

751 3477 927 3529 neque
965 3462 1240 3513 Romanus
1268 3457 1579 3525 episcopus,
1611 3455 1765 3522 cujus
1800 3454 1850 3505 in
1876 3453 2064 3520 primis
2093 3462 2312 3506 senten~

750 3555 877 3608 tiam
913 3551 1239 3620 exquisitam
1275 3549 1542 3617 oportuit,
1581 3562 1679 3599 nec
1711 3543 2047 3605 Vincentius,
2087 3544 2179 3614 qui
2234 3554 2312 3599 ιυι

748 3647 905 3700 annis
955 3645 1327 3712 episcOpatum
1382 3639 1639 3692 inviolate
1695 3638 2078 3700 (‘Ottscrva\it,
2137 3653 2313 3705 neque

747 3741 979 3792 aliorum
1020 3736 1176 3789 hisce
1203 3731 1659 3787 consentientium
1701 3732 1987 3798 quisiluam
2022 3731 2092 3782 ibi
2145 3731 2316 3783 affue-

750 3832 842 3885 rit.
879 3831 943 3884 Et
973 3829 1225 3889 maxime,
1257 3821 1720 3892 quemadmodum
1754 3821 2013 3884 diximus,
2063 3835 2186 3871 cum
2225 3819 2312 3872 isti

749 3923 854 3992 ipsi
888 3923 979 3990 qui
1023 3919 1213 3972 fraude
1252 3913 1609 3970 circumventi
1645 3914 1839 3967 cedere
1873 3912 1971 3964 visi
2009 3921 2161 3974 sunt,
2197 3927 2312 3963 me-

752 4016 944 4067 liorem
975 4025 1118 4063 nunc
1149 4008 1481 4062 sententiam
1523 4013 1831 4072 sequentes,
1871 4002 2160 4071 displicere
2210 4001 2313 4055 sibi

753 4104 1000 4156 actiones
1034 4099 1166 4152 tales
1197 4098 1307 4151 sint
1337 4093 1630 4149 testiﬁcati.
1685 4093 1952 4161 PCl‘SpiCil
2011 4093 2175 4160 igitur
2209 4094 2318 4145 sin-

752 4196 948 4250 eeritas
979 4203 1176 4252 vestra,
1211 4188 1380 4242 solam
1411 4201 1530 4239 eam
1573 4182 1755 4244 fidem,
1787 4198 1907 4250 quae
1941 4181 2133 4235 Nic:er
2163 4183 2316 4252 juxta

750 4283 1120 4353 apostolorum
1179 4278 1560 4332 auctoritatem
1608 4274 1829 4327 fundata
1889 4283 1988 4337 est,
2048 4283 2312 4342 perpetua

749 4375 1054 4431 constantia
1086 4380 1140 4425 et
1168 4370 1444 4430 firmitate,
1487 4366 1772 4419 nobiscum
1829 4366 1993 4416 etiam
2026 4365 2094 4416 ab
2123 4363 2316 4417 Orien-

754 4470 981 4530 talibus,
1013 4466 1105 4534 qui
1147 4480 1204 4518 se
1234 4463 1300 4516 ad
1340 4460 1661 4516 catholicam
1688 4458 1984 4511 Ecclesium
2042 4459 2317 4526 pertinere

2418 619 2725 688 νοουμένων
2779 618 2853 688 μὴ
2913 618 3376 688 παρολισθαίνειν,
3434 617 3570 670 ἀλλά
3631 616 3832 685 μᾶλλον
3888 618 3998 668 τῶν

2417 710 2677 779 Πατέρων
2707 710 2866 779 ἡμῶν
2892 710 3149 778 κατέχειν
3174 710 3273 779 τὴν
3295 708 3543 777 γνώμην,
3571 707 3766 769 ὁσάκις
3801 708 3866 758 ἂν
3891 706 4001 760 διας

2417 803 2605 870 φόροις
2643 802 2866 869 βουλαῖς
2910 802 3335 873 περιφέρωνται.
3370 798 3677 870 Τοιγαροῦν
3709 798 4000 861 Αὑξέντιον

2413 894 2507 947 τὸν
2547 893 2896 947 Μεδιολάνων
2943 894 3236 964 ἐξαιρέτως
3274 893 3333 943 ἐν
3363 890 3538 959 τούτῳ
3576 891 3656 959 τῷ
3709 891 4001 959 πράγματι

2413 985 2846 1055 κατακεκρίσθαι
2868 984 3540 1055 προγέγραπται.Δίκαιον
3568 983 3700 1051 γοῦν
3724 984 3840 1035 ἐστι
3860 985 3969 1035 πάν

2415 1091 2514 1139 τας
2554 1080 2682 1140 τοὺς
2721 1082 2778 1130 ἐν
2811 1077 2889 1147 τῷ
2933 1075 3225 1145 Ῥωμαίων
3260 1077 3451 1145 κόσμῳ
3477 1074 3833 1135 διδασκάλους
3863 1076 3996 1142 δμο-

2417 1169 2656 1236 φρονεῖν,
2689 1169 2783 1220 καὶ
2840 1169 2912 1237 μὴ
2940 1166 3219 1236 διαφόροις
3262 1166 3639 1225 διδασκαλίαις
3672 1165 3773 1232 τὴν
3815 1164 4000 1215 πίστιν

2421 1261 2676 1331 μιαίνειν.
2716 1261 2822 1313 Καὶ
2859 1260 2964 1328 γάρ
2993 1260 3154 1329 ἡνίκα
3181 1259 3396 1328 πρῶτον
3431 1262 3461 1328 ἡ
3498 1259 3669 1310 κακία
3701 1258 3808 1308 τῶν
3838 1260 3996 1323 αἱρε-

2418 1354 2585 1406 τικῶν
2618 1343 2887 1422 ἀκμάζειν
2934 1353 3156 1422 ἧρξατο,
3207 1352 3279 1411 ὡς
3309 1355 3402 1404 καὶ
3446 1351 3540 1401 νῦν
3577 1349 3811 1418 μάλιστα
3840 1349 3998 1419 (ὅπερ

2417 1448 2607 1516 ἀπείη)
2662 1448 2770 1498 τῶν
2810 1445 3107 1516 Ἀρειανῶν
3159 1447 3190 1513 ή
3255 1445 3597 1513 βλασφημία,
3648 1446 3695 1496 οἱ
3757 1443 4001 1510 Πατέρες

2418 1537 2576 1606 ἡμῶν
2606 1538 2908 1606 τριακόσιοι
2931 1536 3061 1588 δέκα
3087 1538 3169 1586 xu."
3213 1533 3359 1586 ὀκτὼ
3384 1534 3656 1585 ἐπίλεκτοι
3706 1535 3762 1583 ἐν
3795 1532 4001 1600 Nunt;

2418 1632 2715 1696 γενομένου
2775 1629 3114 1697 σκέμματος.
3165 1626 3322 1679 τοῦτο
3357 1626 3415 1678 τὸ
3458 1627 3636 1694 τεῖχος
3682 1623 4000 1676 ὑπεναντίον

2417 1724 2527 1775 τῶν
2551 1721 2730 1774 ὃπλων
2759 1720 2851 1773 τοῦ
2882 1721 3130 1772 διαϐόλου
3161 1720 3392 1791 ὥρισαν,
3424 1720 3519 1771 καὶ
3548 1720 3721 1789 ταύτῃ
3753 1722 3815 1787 τῇ
3849 1722 4003 1773 ἀντι-

2417 1813 2642 1881 δότῳτά
2666 1813 2939 1880 θανάσιμα
2975 1813 3326 1864 ἀπεώσαντο’
3361 1811 3500 1864 ὥστε
3526 1813 3618 1865 τὸν
3660 1812 3874 1877 Πατέρα
3909 1812 4001 1862 καὶ

2349 1874 2387 1923 Β
2424 1874 2662 1954 τὸν-Υἱὸν
2697 1903 2825 1967 μιᾶς
2866 1874 3153 1967 θεότητος,
3185 1901 3314 1967 μιᾶς
3355 1900 3553 1969 ἀρετῆς
3589 1899 3682 1949 καὶ
3719 1874 3836 1959 ἐνὸς
3864 1900 4000 1966 χρή-

2422 2012 2591 2064 ματος
2641 1993 3015 2045 πιστεύεσἽαι.
3053 1991 3171 2062 Χρὴ
3223 1991 3279 2043 δὲ
3311 1991 3407 2059 τῆς
3451 1991 3620 2059 αὐτῆς
3649 1989 4001 2051 ὑποστάσεως

2419 2087 2513 2137 καὶ
2558 2086 2620 2136 τὸ
2671 2084 2896 2152 Πνεῦμα
2935 2085 2995 2135 τὸ
3046 2084 3198 2151 ἆγιον
3250 2083 3551 2135 πιστεύειν.
3591 2083 3694 2133 Τὸν
3729 2081 3784 2132 δὲ
3821 2080 4001 2142 άλλως

2420 2179 2721 2249 φρονοῦντα
2761 2177 3042 2245 ἀλλότριον
3071 2172 3210 2230 εἶναι
3250 2177 3348 2245 τῆς
3396 2175 3671 2245 ἡμετέρας
3706 2173 3998 2233 κοινωνίας

2424 2271 2751 2338 ἐκρίναμεν.
2796 2267 3006 2336 Ὀνπερ
3042 2267 3359 2337 σωτηριώδη
3411 2268 3536 2334 ὅρον
3568 2268 3660 2318 καὶ
3697 2265 3796 2333 τὴν
3827 2281 4000 2334 προσο

2418 2362 2660 2431 κυνητὴν
2695 2361 2884 2429 σκέψιν
2913 2361 3054 2423 τινὲς
3087 2362 3274 2429 μιᾶναι
3302 2360 3574 2428 ἠθέλησαν
3593 2375 3608 2390 ·
3634 2359 3749 2415 ἀλλ’
3776 2360 3833 2410 ἐν
3855 2358 3992 2426 αὑτῆ

2418 2455 2482 2521 τῇ
2522 2454 2658 2522 ἀρχῇ
2678 2452 2770 2504 ἀπ’
2798 2451 2978 2503 αὐτῶν
2994 2450 3200 2502 τούτων
3224 2450 3417 2512 οἵτινες
3447 2449 3606 2500 τοῦτο
3636 2451 3694 2501 ἐν
3728 2447 4000 2516 Ἀριμίνῳ

2419 2543 2832 2596 ἀνανεώσασθαι
2863 2543 2894 2611 ἦ
2919 2542 3238 2612 ψηλαφῆσαι
3265 2541 3660 2610 ἠναγκάζοντο.
3689 2541 3800 2593 Καὶ
3831 2540 4001 2607 μέχρι

2415 2637 2610 2689 τούτου
2636 2635 2918 2706 διωρθώθη
2942 2677 2955 2698 ,
2988 2634 3061 2695 ώς
3109 2635 3392 2703 ὁμολογεῖν
3438 2635 3655 2696 αὐτοὺς,
3687 2635 3848 2701 ἑτέρα
3889 2633 4001 2683 τινὶ

2417 2729 2647 2794 διαλέξει
2681 2729 3037 2799 ὑφαρπάσαι·
3074 2730 3155 2781 ὅτι
3181 2729 3280 2780 οὑκ
3312 2728 3602 2796 ἐνενόησαν
3637 2729 3703 2795 τῇ
3740 2727 3850 2776 τῶν
3888 2726 4001 2778 Πα-

2419 2821 2591 2892 τέρων
2625 2822 2815 2890 γνώμῃ
2846 2824 2904 2891 τῖ
2939 2823 2993 2873 ἐν
3024 2819 3230 2891 Nini;
3265 2818 3513 2891 άρεσάσῃ
3549 2819 3792 2870 ἐναντίον
3832 2814 3997 2871 εἶναι.

2420 2914 2555 2968 Οὐδὲ
2610 2914 2715 2984 γὰρ
2767 2913 3051 2983 πρόκριμά
3081 2929 3132 2963 τι
3187 2911 3426 2981 ἠδυνήθη
3467 2910 3723 2977 γενέσθαι
3764 2910 3872 2962 ἀπὸ
3902 2909 3998 2962 τοῦ

2418 3005 2656 3074 ἀριθμοῦ
2691 3005 2799 3057 τῶν
2851 3007 2907 3056 ὲν
2955 3003 3218 3072 Ἀριμίνῳ
3248 3002 3646 3072 συναχθέντων,
3681 3003 3840 3054 ὁπότε
3875 3019 4000 3053 συν-

2419 3096 2651 3166 έστηκεο
2708 3098 2841 3167 μήτε
2892 3096 2983 3148 τοῦ
3045 3095 3334 3163 Ῥωμαίων
3394 3095 3722 3155 ἐπισκόπου,
3778 3093 3836 3145 οῦ
3891 3095 4001 3162 πρὸ

2420 3191 2641 3239 πάντων
2671 3188 2777 3239 ἔδει
2812 3187 2912 3255 τὴν
2951 3186 3176 3254 γνώμην
3236 3184 3617 3251 ἐκδείξασθαιο
3655 3185 3776 3238 οὔτε
3808 3185 4002 3238 Βικεν-

2416 3279 2550 3342 τίοι),
2582 3277 2638 3339 ὃς
2681 3278 2771 3330 ἐπὶ
2803 3277 3083 3337 τοσούτοις
3113 3277 3259 3328 ἔτεσι
3305 3277 3403 3346 τὴν
3437 3278 3746 3344 ἐπισκοπὴν
3781 3277 4001 3340 ἀσύλως

2415 3368 2714 3436 ἐφύλαξενο
2746 3368 2868 3420 οὕτε
2910 3368 3018 3420 τῶν
3054 3368 3229 3421 ἄλλων
3271 3369 3381 3428 τοῖς
3415 3368 3680 3430 τοιούτοις
3714 3386 3994 3434 συγκατασ

2416 3460 2695 3529 θεμένων·
2747 3460 2906 3512 ὁπότε
2963 3459 3237 3528 μάλιστα,
3288 3458 3468 3521 καθὼς
3528 3460 3945 3528 προειρήκαμεν
3976 3499 3992 3522 ,

2416 3546 2734 3606 αὑτοὶοῦτοι
2757 3554 2951 3615 οἵτινες
2981 3552 3120 3604 κατά
3152 3553 3425 3619 συσκευὴν
3459 3553 3842 3604 ὑποκλίνεσθαι
3881 3554 3998 3604 ἔδο-

2417 3645 2534 3710 ξαν,
2571 3638 2718 3697 οὗτοι
2766 3645 3005 3696 καλλίονι
3033 3643 3228 3714 γνώμῃ
3260 3644 3620 3714 χρησάμενοι,
3653 3645 3996 3713 ἀπαρέσκειν

2416 3738 2599 3797 αὐτοῖς
2644 3739 2816 3790 ταῦτα
2849 3739 3250 3806 ἐμαρτύραντο.
3289 3738 3497 3807 Συνορᾷ
3547 3733 3641 3790 οὖν
3678 3738 3710 3805 ἠ
3751 3736 3997 3805 ὑμετέρα

2419 3829 2731 3898 καθαρότης
2760 3829 2962 3898 ταύτην
3005 3830 3174 3898 μόνην
3199 3829 3294 3899 τὴν
3321 3831 3525 3895 πίστιν,
3558 3830 3678 3899 ἥτις
3707 3831 3764 3880 ἐν
3793 3829 4002 3899 Nini;

2417 3926 2558 3978 κατά
2608 3926 2705 3992 τὴν
2755 3925 3044 3977 αὑθεντίαν
3097 3925 3206 3978 τῶν
3259 3925 3578 3979 ἀποστόλων
3635 3925 3998 3992 ἑθεμελιώτὶη,

2417 4014 2657 4082 διηνεκεῖ
2681 4014 2992 4083 βεϐαιότητι
3028 4017 3320 4068 καθεκτέον
3345 4011 3485 4068 εἶναι
3514 4033 3528 4046 ·
3562 4017 3652 4068 καὶ
3692 4017 3808 4081 μεθ’
3837 4016 3999 4085 ήμῶν

2415 4105 2543 4166 τοὺς
2574 4106 2951 4169 ἀνατολικοὺς,
2979 4107 3176 4168 οἵτινες
3202 4108 3431 4167 ἑαυτοὺς
3461 4107 3559 4176 τῆς
3597 4107 3890 4175 καθολικῆς
3921 4102 4001 4159 ei-

2418 4212 2507 4246 ναι
2540 4194 2988 4261 ἐπιγινώσκουσι,
3019 4197 3143 4257 τοὺς
3173 4196 3226 4248 δὲ
3250 4197 3504 4259 ὃυτικοῦς
3532 4199 3863 4268 καυχᾶσθαι.
3901 4199 4001 4251 Πι-

2422 4285 2682 4355 στεύομεν
2705 4287 2787 4346 δὲ.
2817 4288 2916 4339 οὐκ
2940 4288 3015 4349 είς
3043 4288 3262 4357 μακρὰν
3284 4289 3407 4350 τοῦς
3431 4289 3564 4341 ἄλλα
3591 4290 3840 4343 νοοῦντας
3862 4293 3999 4361 αὐτῇ

2417 4380 2484 4446 τῇ
2539 4379 2875 4446 ἐπιχειρήσει
2920 4378 3027 4430 ἀπὸ
3059 4379 3158 4445 τῆς
3201 4379 3473 4449 ἡμετέρας
3513 4383 3799 4442 κοινωνίας
3831 4401 3999 4450 χωρι-

2423 4466 2716 4534 σθήσεσθαι
2762 4468 2940 4519 αὐτῶν
2972 4469 3029 4521 τὸ
3087 4470 3180 4520 τοῦ
3227 4472 3528 4524 ἐπισκόπου
3583 4472 3794 4539 ὄνομα·
3857 4473 4000 4525 ὥστε

751 4569 1071 4632 agnoscunt,
1105 4555 1447 4610 retinendant
1470 4567 1613 4614 esse,
1638 4563 1693 4606 et
1718 4552 2100 4605 Occidentales
2126 4567 2192 4604 eo
2216 4566 2312 4605 no.
2348 4557 2388 4609 D
2417 4571 2444 4605 τ

2306 4583 2312 4592 -
2348 4557 2388 4609 D
2417 4554 2542 4616 τοὺς
2576 4555 2737 4614 λαοὺς
2765 4555 2866 4623 τῆς
2914 4558 3120 4624 πλάνης
3143 4559 3320 4611 αὑτῶν
3353 4561 3824 4630 ἐλευθερωθέντας
3863 4565 3999 4614 ἀνα-

752 4657 896 4708 tnine
921 4651 1143 4720 gloriari
1177 4663 1353 4718 posse.
1415 4645 1576 4715 174.
1604 4643 1905 4713 Opinamur
1949 4658 2098 4704 vero,
2161 4641 2312 4694 brevi

751 4761 940 4800 eorum
983 4744 1076 4813 qui
1124 4741 1283 4794 aliter
1326 4739 1588 4798 sentiunt,
1643 4738 1744 4788 hac
1806 4735 1918 4802 ipsa
1967 4735 2315 4803 aggressione

750 4836 1081 4907 cpiscopalia
1110 4832 1326 4885 nomina
1366 4845 1395 4883 a
1437 4827 1822 4881 communione
1851 4837 2032 4878 nostra
2065 4839 2318 4893 segrega-

754 4943 868 4986 tum
908 4929 996 4994 iri,
1044 4937 1099 4980 ut
1136 4924 1369 4993 populus
1412 4937 1440 4973 a
1468 4919 1656 4972 fraude
1687 4930 1740 4971 et
1770 4917 2087 4971 seductione
2120 4931 2312 4969 eorum

752 5012 1015 5072 liberatus
1065 5015 1317 5082 respiret.
1351 5011 1703 5078 Nequaquam
1759 5007 1904 5060 enim
1942 5006 2312 5059 multitudinis

751 5125 908 5162 error
938 5107 1132 5175 corrigi
1174 5102 1393 5173 poterit,
1426 5101 1468 5153 si
1516 5099 1616 5166 ipsi
1651 5113 1840 5150 errore
1872 5112 1939 5151 eo
2000 5106 2311 5150 teneantur.

753 5204 940 5270 Itaque
968 5211 1159 5252 vestrae
1181 5210 1394 5265 quoque
1421 5192 1700 5260 dignitatis
1730 5192 2002 5245 sententia
2030 5205 2152 5242 cum
2199 5207 2316 5244 om-

2424 4644 2674 4699 πνεῦσαι.
2723 4647 2913 4699 Οὑδενὶ
2963 4650 3070 4719 γὰρ
3108 4651 3295 4719 τρόπῳ
3341 4651 3663 4720 δυνήσονται
3701 4653 4002 4723 διορθῶσαι

2423 4736 2524 4806 τὴν
2554 4738 2761 4807 πλάνην
2787 4740 2890 4791 τῶν
2920 4740 3110 4811 ὄχλων,
3151 4742 3309 4794 ὁπότε
3334 4745 3488 4797 αὐτοὶ
3518 4745 3622 4797 ὑπὸ
3655 4747 3754 4811 τῆς
3790 4747 4002 4815 πλάνης

2426 4831 2770 4897 κατέχονται.
2801 4832 3170 4901 Συμφωνείτω
3200 4834 3291 4887 οὖν
3339 4839 3478 4904 μετά
3516 4840 3732 4889 πάντων
3768 4840 3876 4889 τών
3907 4839 4001 4891 τοῦ

2423 4920 2557 4972 Θεοῦ
2592 4921 2779 4989 ἱερέων
2810 4925 2904 4976 καὶ
2940 4924 3036 4993 τῆς
3065 4926 3337 4994 ὑμετέρας
3372 4929 3684 4994 τιμιότητος
3717 4931 3748 4998 ὴ
3779 4930 4001 4999 γνώμη,

2422 5005 2537 5083 ἐνῇ
2578 5012 2723 5080 ὑμᾶς
2761 5013 2951 5079 ἁγίους
2989 5015 3081 5067 καὶ
3116 5014 3364 5080 βεϐαίους
3395 5019 3743 5088 πιστεύομεν.
3780 5020 3900 5071 Ὀτι
3945 5023 4003 5072 δὲ

2422 5103 2580 5170 ἡμεῖς
2607 5104 2724 5170 μεθ’
2745 5105 2896 5173 ὑμῶν
2920 5107 3196 5158 πιστεύειν
3220 5107 3528 5178 ὀφείλομεν,
3552 5113 3660 5171 τοῖς
3685 5111 4003 5179 ἀμοιϐαίοις

2423 5195 2518 5263 τῆς
2549 5196 2814 5265 ὑμετέρας
2844 5198 3061 5266 ἀγάπης
3087 5201 3447 5264 ἐπιδείξασθε.
3481 5219 3498 5250 ι

752 5300 914 5352 nibus
951 5296 1040 5349 Dei
1074 5290 1454 5347 sacerdotibus
1482 5289 1798 5350 concordet,
1872 5287 1922 5340 in
1970 5302 2074 5355 qua
2137 5302 2228 5340 vos
2305 5299 2521 5344 sanctos
2554 5303 2606 5344 et
2662 5292 2846 5348 firmos
2914 5309 3035 5348 esse
3081 5297 3380 5350 credimus.
3428 5297 3493 5351 Ut
3555 5305 3734 5350 amem
3793 5315 3892 5352 ηος,
3930 5301 4002 5355 ειη

751 5389 975 5443 credere
1009 5388 1284 5440 vobiscum
1315 5381 1626 5446 debeamus,
1659 5390 1843 5433 mutua
1892 5396 2013 5450 quae
2076 5378 2232 5432 nobis
2297 5380 2533 5434 vicissim
2602 5387 2926 5453 respondeat
2976 5367 3287 5441 dilectionis
3355 5400 3545 5444 vestra:
3581 5392 3804 5460 pietate,
3839 5392 3852 5446 .l
3886 5405 3996 5447 tte-

752 5483 935 5550 risque
968 5480 1156 5534 vestris
1190 5476 1480 5530 declarate.
1532 5491 1549 5523 ι
