4288 6438
696 456 800 525 687

1922 463 2340 526 NlCEPllURI
2376 465 2720 527 CALLISTI

3848 458 3953 523 688

697 594 828 632 num
867 594 879 630 :
917 596 932 628 ι
995 577 1210 632 Gratias
1254 577 1373 643 tibi,
1426 576 1703 646 inquiens,
1741 591 1860 646 ago,
1913 579 2261 645 omnipotens
2304 576 2390 640 Ατ

2304 576 2358 640 Α
2377 597 2488 631 τισι
2509 579 2620 632 τῶν
2641 576 2998 649 πραγμάτων,
3033 576 3106 637 ὡς
3136 574 3194 628 οὐ
3221 573 3396 635 καλῶς
3422 571 3569 645 παρά
3590 575 3698 636 τοῖς
3741 575 3967 645 ἄρχουσι

695 672 924 726 homine
964 681 1019 726 ct
1073 669 1333 726 Servator
1394 681 1600 732 noster,
1641 669 1787 736 quod
1837 671 1963 723 huic
2023 672 2140 724 viro
2171 687 2273 738 ego

693 766 916 834 quidem
982 779 1301 833 corporum,
1369 773 1423 817 tu
1480 773 1662 816 autem
1711 763 2021 815 animarum
2083 779 2269 818 curam

694 859 1055 914 commiseris.
1087 856 1352 926 etjudicii
1386 857 1491 909 mei
1543 856 1817 909 calculum
1874 871 2092 924 aequum
2152 870 2273 908 esse

695 947 1097 1016 comprobaris.
1145 965 1161 997 ι
1209 945 1376 999 Porro
1427 944 1750 998 Ambrosius
1786 960 1894 997 non
1934 946 2106 998 multo
2154 955 2278 1014 post

699 1054 961 1109 perquam
1030 1038 1202 1092 libere
1257 1052 1378 1091 cum
1439 1039 1769 1104 imperatore
1822 1036 2153 1101 collocutus,
2190 1053 2275 1090 res

699 1118 959 1202 quasdam
995 1148 1100 1184 non
1137 1141 1284 1184 recte
1345 1145 1372 1182 α
1431 1129 1843 1196 magistratibus
1897 1140 2043 1182 actas
2086 1145 2272 1196 repre-

697 1223 907 1276 hendit.
945 1222 1123 1290 Atque
1194 1222 1516 1288 imperatur,
1550 1237 1568 1269 ‹
1628 1218 1775 1272 Hanc
1829 1235 1932 1284 ego
1965 1220 2183 1272 dicendi
2215 1220 2274 1273 li-

696 1318 965 1370 bertatem
998 1325 1166 1373 tuam,
1234 1311 1330 1372 ait,
1391 1312 1718 1379 jamdudum
1768 1326 1960 1362 noram
2003 1330 2011 1361 :
2046 1321 2102 1363 ct
2141 1326 2267 1364 eum

693 1414 986 1476 pcrs'pecta
1020 1405 1150 1458 mihi
1201 1420 1263 1458 ea
1288 1415 1456 1465 esset,
1497 1419 1606 1456 non
1664 1403 1825 1455 tuodo
1876 1419 1983 1455 non
2026 1403 2264 1464 inhibui,

692 1514 883 1552 verum
921 1497 1088 1551 etiam
1139 1495 1405 1564 suilragio
1462 1510 1585 1549 meo
1624 1496 1951 1549 electionem
2007 1505 2176 1557 tuam,
2217 1506 2275 1549 ut

690 1592 980 1661 episcopus
1005 1589 1182 1652 lieres,
1207 1587 1412 1658 adjuvi.
1443 1586 1613 1655 Perge
1640 1587 1842 1656 itaque,
1881 1587 2041 1641 sicuti
2075 1588 2266 1642 divina

2378 672 2790 740 πραττομένων.
2838 687 2856 720 ι
2900 669 3119 738 Ταύτην
3154 685 3248 720 σου
3302 667 3400 736 τὴν
3432 667 3745 738 παρρησίαν
3791 668 3960 719 πάλαι

2376 764 2502 815 ποτε
2529 763 2672 832 ᾔδειν
2703 762 2835 832 ἐγὼ,
2871 762 2975 832 ἔφη
3002 765 3028 814 ὁ
3059 760 3311 832 βασιλεύς
3335 777 3348 792 ·
3384 761 3478 814 καί
3509 761 3960 828 γ’ἐπιστάμενος,

2377 856 2434 906 οὺ
2483 871 2644 924 μονον
2680 857 2934 924 ἐπέσχον,
2961 855 3098 908 ἀλλά
3140 857 3232 905 καὶ
3266 853 3557 921 σύμψηφος
3587 852 3858 921 ἐγενόμην
3891 853 3959 920 τῇ

2377 948 2780 1020 ἀρχιερωσύνῃ.
2835 949 3067 1017 Ἰἀτρευε
3105 943 3219 1011 οὖν,
3267 947 3340 1009 ὼς
3384 949 3412 999 ὁ
3441 948 3583 1004 Baio;
3623 946 3961 1015 ὑπαγορεύει

2381 1039 2604 1106 Θεσμδς,
2652 1041 2723 1092 τά
2767 1041 2874 1092 τῶν
2929 1041 3212 1108 ἡμετέρων
3263 1039 3450 1107 ψυχῶν
3496 1040 3890 1108 ἁμαρτήματα.
3937 1058 3953 1087 ι

2383 1131 2566 1183 Ταῦτα
2596 1133 2693 1200 μὲν
2739 1133 2795 1181 ἐν
2837 1132 3188 1194 Μεδιολάνοις
3223 1133 3472 1198 ἐγένετο·
3511 1132 3696 1191 ὁποῖος
3729 1129 3783 1181 δὲ
3829 1131 3961 1197 Ἀμ-

2376 1223 2593 1290 ὁρόσιος
2624 1226 2714 1276 τὸν
2734 1225 2847 1294 βίον
2880 1227 2976 1278 καὶ
2997 1224 3152 1292 λόγον
3184 1227 3274 1275 καὶ
3298 1225 3387 1275 τὸν
3419 1223 3558 1291 ὑπὲρ
3589 1223 3687 1291 τῆς
3735 1223 3965 1289 Ἐκκλησ-

2380 1319 2497 1378 σία;
2538 1317 2718 1386 ζῆλον,
2753 1320 2849 1369 καὶ
2878 1317 2950 1379 ὡς
2987 1319 3130 1384 μάλα
3171 1316 3430 1384 ἀνδρείως
3460 1317 3553 1367 καὶ
3585 1314 3832 1374 Οεοειδὼς
3861 1315 3961 1380 τὴν

2379 1401 2682 1478 ἱερωσύνην
2713 1412 2956 1478 διήνυσε,
2986 1410 3268 1477 παρρησία
3295 1397 3465 1476 πολλῇ
3498 1408 3632 1475 πρὸς
3667 1408 3760 1467 τὰς
3791 1407 3964 1473 ὑπερ-

2379 1502 2608 1567 εχονᾷσας
2659 1503 2830 1570 ἀρχάς
2882 1503 3156 1570 ὲγκαίρως
3208 1501 3514 1569 χρώμενος,
3556 1501 3613 1550 ὲν
3636 1499 3710 1567 τῷ
3743 1499 3946 1566 aesar“-

2380 1593 2677 1661 ῥηθήσεται
2720 1597 2890 1663 τόμῳ.

687 1686 840 1767 jubet
876 1683 1104 1744 sanctio,
1140 1695 1332 1734 sanare
1355 1682 1659 1733 animarum
1686 1690 2000 1734 nostrarum
2065 1680 2286 1736 delicta.
2327 1701 2342 1732 ι
2395 1684 2517 1738 llarc
2561 1687 2853 1741 Mediolani
2893 1698 3032 1742 acta.
3062 1687 3251 1753 Qualis
3300 1695 3482 1739 autem
3543 1682 3870 1737 Ambrosius
3909 1688 3966 1732 et

695 1777 800 1828 vita
835 1787 887 1829 et
919 1775 1196 1834 doctrina.
1233 1785 1349 1826 tum
1421 1782 1604 1826 autem
1655 1774 1876 1841 egregio
1944 1771 1997 1824 in
2057 1775 2346 1827 ecclesiam
2387 1778 2581 1833 ardore
2617 1781 2804 1839 fuerit.
2855 1789 2909 1834 et
2940 1797 3101 1849 quam
3137 1781 3373 1833 viriliter
3420 1789 3583 1846 atque
3623 1776 3810 1830 divine
3841 1773 3962 1843 epi-

689 1879 970 1938 Scopatum
999 1867 1245 1935 gesserit,
1275 1865 1441 1918 multa
1471 1865 1804 1920 admouendi
1839 1865 2090 1919 libertate
2116 1867 2260 1935 apud
2303 1871 2613 1941 praecipuos
2644 1874 2997 1943 magistratus
3021 1874 3340 1941 tempestive
3375 1888 3528 1937 usus,
3586 1871 3640 1924 iu
3707 1866 3961 1937 sequenti

686 1964 902 2018 dicetur
960 1962 1122 2017 libro.

1121 2102 1280 2173 176
1323 2101 1546 2158 CAPUT
1588 2101 1825 2155 XXXI".

693 2221 754 2274 l't
791 2234 1010 2286 magnus
1053 2215 1454 2268 Valentinianus
1483 2285 1487 2286 ν
1512 2231 1538 2266 e
1564 2217 1694 2286 ivita
1735 2219 2025 2270 excesserit.
2057 2216 2127 2269 De
2167 2216 2266 2270 Va-

761 2292 1047 2341 lentiniano
1085 2286 1331 2355 jnuiore.
1365 2295 1412 2336 et
1456 2285 1519 2336 de
1543 2285 1756 2337 Justina
1797 2296 1843 2338 et
1880 2286 2070 2339 Severu
2105 2289 2265 2354 impe-

759 2360 1058 2421 rutricibus,
1089 2354 1150 2408 τι
1183 2355 1244 2406 de
1276 2354 1447 2407 liberis
1490 2358 1759 2425 utriusque
1790 2359 2050 2409 narratio.

759 2536 831 2591 Ea
866 2545 1210 2606 tempestate,
1237 2536 1383 2605 quod
1409 2535 1833 2604 (“Sauromatae
1851 2537 2148 2591 Romanam
2182 2539 2266 2592 di-

699 2634 926 2692 tionem,
963 2645 1193 2697 eamque
1224 2629 1435 2696 imperii
1467 2639 1673 2698 partem
1730 2644 1850 2697 qua:
1893 2629 1958 2682 ad
1994 2629 2266 2683 Occidcnc

692 2733 800 2776 tem
845 2722 1039 2787 vergit,
1070 2720 1489 2773 excursionibus
1525 2729 1809 2784 vexarent,
1855 2720 2267 2774 Valentinianus

688 2830 811 2866 cum
851 2813 1055 2881 ingenti
1095 2811 1222 2865 belli
1263 2821 1524 2880 apparatu
1563 2811 1825 2865 adversus
1884 2827 1979 2865 eos
2026 2825 2103 2866 est
2139 2829 2268 2881 pro—

691 2907 892 2958 fectus.
937 2908 1114 2971 Atque
1152 2903 1229 2956 illi
1288 2914 1491 2956 tantam
1558 2903 1909 2972 imperatoris
1966 2905 2269 2971 expedith-

693 3015 818 3050 neui
902 2997 1280 3055 formidantes.
1367 2996 1560 3061 legatis
1616 2997 1796 3049 missis
1854 3011 2039 3065 pacem
2083 2997 2152 3051 ab
2201 3014 2267 3052 eo

700 3094 1000 3163 petierunt.
1053 3091 1201 3154 Quos
1264 3092 1351 3145 ubi
1407 3091 1680 3144 deformes
1739 3106 1858 3145 esse
1899 3092 2147 3157 vidisset,
2196 3108 2264 3146 an

700 3186 944 3238 universi
1004 3184 1135 3237 tales
1197 3192 1380 3236 essent
1461 3183 1830 3247 Sauromatae,
1889 3183 2263 3253 interrogavit.

695 3279 758 3330 lit
791 3293 913 3330 cum
943 3276 1016 3329 illi
1053 3276 1335 3330 dixissent,
1379 3277 1616 3342 optimos
1675 3290 1919 3343 quosque
1958 3275 2049 3344 qui
2097 3288 2149 3329 et
2174 3294 2268 3346 ge-

690 3385 825 3420 nere
875 3379 927 3419 ut
961 3369 1133 3419 l'orma
1189 3371 1534 3432 praestarent,
1568 3363 1635 3416 ab
1688 3364 1769 3416 eis
1823 3362 2030 3432 legatos
2087 3366 2266 3420 solere

2937 2100 3191 2156 ΚΕΦΑΛ.
3233 2097 3356 2151 Al".

2388 2217 2484 2280 Ὧς
2534 2215 2750 2269 ἁπεσίω
2799 2214 3039 2282 όμέγης
3099 2209 3632 2282 Οὑαλεντηςιιινόςς
3682 2207 3788 2282 ⁸καὶ
3825 2208 3959 2274 περὶ

2446 2278 2553 2338 τοῦ
2583 2278 2874 2350 νεωτέροὺ
2928 2278 3477 2350 Οὐαλεντινιανοῦς
3534 2279 3631 2331 καὶ
3672 2278 3958 2350 διήγηςις

2447 2355 2578 2421 περὶ
2617 2347 2953 2418 Ἰουὰτίνης
2982 2355 3075 2404 κα)
3101 2351 3369 2418 Σευήρας
3392 2348 3511 2402 τῶν
3538 2347 3954 2412 ﬂammantur,

2447 2427 2541 2477 καὶ
2577 2424 2694 2476 τῶν
2716 2423 2945 2475 παίδων
2977 2422 3211 2490 ἀμερῶν.

2443 2538 2759 2608 Τηνικαῦτα
2804 2538 2860 2590 δὲ
2905 2538 3278 2606 Σαυροματῶν
3309 2537 3407 2606 τὴν
3452 2535 3747 2604 Ῥωμαίων
3787 2553 3930 2587 κατα

2372 2633 2695 2701 τρεχόντων,
2732 2631 2826 2682 καὶ
2870 2632 2995 2682 ὅσον
3025 2633 3083 2680 τὸ
3115 2629 3250 2698 πρὸς
3279 2629 3433 2681 δύσιν
3466 2629 3566 2696 τῆς
3613 2629 3953 2697 ἀρχομένης,

2376 2723 2826 2784 (ὶύαλεντινιανὺς
2860 2723 2955 2774 σὺν
2996 2720 3162 2790 πολλῇ
3213 2722 3278 2790 τῇ
3331 2722 3658 2789 παρασκευῇ
3714 2721 3955 2784 ἐπέξεισι

2376 2815 2496 2869 κατ’
2532 2815 2732 2868 αὐτῶν.
2789 2815 3018 2866 Ἐκεῖνοι
3075 2813 3129 2864 δὲ
3184 2812 3318 2881 πρὸς
3372 2813 3472 2880 τὴν
3526 2810 3804 2878 τοσαύτην
3859 2810 3955 2862 τοῦ

2379 2907 2645 2978 βασιλέως
2699 2906 2875 2976 ὁρμὴν
2931 2906 3233 2965 δείσαντες,
3292 2904 3564 2973 πρέσϐεις
3609 2903 3952 2971 πέμψαντες.

2375 3001 2541 3071 ⁴ᾔτουν
2593 3000 2817 3069 εἰρήνην
2847 3014 2862 3031 ·
2893 2997 2986 3061 οὒς
3043 2999 3167 3050 ἰδὼν
3197 2999 3298 3050 οὐκ
3348 2996 3564 3064 εὐφυῶς
3615 2995 3865 3063 ἔχοντα..
3904 2995 3954 3044 εί

2374 3094 2654 3155 τοιούτους
2698 3089 2837 3146 εἶναι
2879 3093 3246 3161 Σαυρομάτας
3291 3092 3501 3150 πάντας
3547 3088 3950 3141 διεπυνθάνετο.

2376 3185 2496 3238 Τῶν
2521 3185 2564 3238 δ’
2585 3186 2856 3238 ἐἰπόντων
2880 3185 3007 3245 τοὺς
3034 3183 3167 3252 παρ’
3196 3183 3381 3244 αὐτοῖς
3407 3182 3664 3250 ἀρίστους
3693 3173 3834 3233 εἶναι
3859 3181 3956 3232 καὶ

2375 3276 2520 3343 γένει
2571 3276 2668 3327 καὶ
2720 3273 2851 3327 εἴδει
2906 3274 3410 3343 πρεσϐευομένους,
3446 3272 3606 3340 θυμῷ
3663 3274 3761 3323 καὶ
3812 3272 3953 3340 ὀργῇ

2379 3368 2546 3437 πολλῇ
2600 3367 2936 3435 κατάσχετος
2970 3365 3235 3432 γεγονὼς,
3273 3361 3348 3416 Ἦ
3376 3365 3524 3417 δεινὰ
3581 3364 3682 3417 νῦν
3717 3365 3955 3432 πάσχειν

692 3458 871 3512 mitti:
916 3457 994 3509 ira
1055 3466 1218 3523 atque
1280 3453 1467 3507 furore
1514 3452 1686 3505 multo
1743 3461 2052 3522 correptus,
2089 3455 2272 3524 gravia
2304 3461 2385 3523 Cl

2260 3472 2272 3508 I
2304 3465 2344 3523 ο
2379 3459 2482 3528 ἔφη
2518 3459 2616 3528 τὴν
2664 3459 2960 3526 Ῥωμαίων
3002 3457 3175 3527 ἀρχὴν
3212 3456 3613 3524 περιελθοῦσαν
3648 3456 3820 3524 αὐτῷ,
3855 3457 3953 3506 καὶ

692 3552 799 3620 pati
832 3550 987 3610 dixit,
1016 3559 1068 3601 et
1116 3547 1349 3599 maxime
1378 3545 1774 3598 infortunatum
1837 3560 1978 3608 esse,
2007 3546 2152 3614 quod
2202 3547 2269 3600 ad

695 3654 938 3709 tempora
990 3655 1084 3693 sua
1127 3638 1466 3708 pervenisset
1517 3637 1891 3690 Romanorum
1955 3638 2266 3706 imperium,

692 3735 735 3788 si
767 3733 1125 3804 Sauromatze,
1146 3746 1276 3799 gens
1306 3739 1410 3782 tam
1438 3728 1667 3782 barbara
1694 3737 1747 3781 et
1774 3728 2051 3793 informis,
2084 3729 2136 3781 in
2163 3746 2267 3798 qua

695 3825 936 3892 reliquos
1007 3822 1093 3874 isti
1148 3821 1503 3881 excellerent,
1575 3819 1802 3872 sedibus
1855 3820 1967 3872 suis
2026 3822 2266 3874 contenti

690 3931 812 3969 esse
841 3914 1081 3966 nollent:
1120 3911 1212 3965 sed
1244 3909 1574 3963 conﬁdentia
1621 3919 1769 3963 tanta
1830 3910 2072 3978 impulsi,
2101 3911 2266 3963 ditio-

694 4024 813 4062 nem
840 4022 992 4060 suam
1033 4012 1442 4073 percurrercnt,
1476 4013 1530 4056 et
1558 4002 1763 4055 bellum
1796 4002 2110 4056 titillatione
2133 4018 2269 4071 qua-

709 4097 832 4149 dam
874 4094 1035 4147 illecti
1092 4093 1353 4145 Romanis
1391 4091 1677 4144 inferrent.
1726 4091 1790 4143 Et
1832 4105 1955 4143 cum
2002 4094 2072 4144 ita
2130 4093 2268 4144 iudi-

695 4198 976 4258 gnarctur,
1014 4195 1063 4239 et
1101 4199 1427 4253 magnopere
1477 4182 1893 4254 vociferaretur,
1924 4181 2089 4234 nimia
2121 4183 2270 4235 vocis

699 4278 1003 4334 intentione
1025 4276 1289 4330 convulsa
1325 4277 1377 4328 in
1436 4289 1501 4328 eo
1534 4289 1654 4327 esse
1710 4274 1968 4325 interiora
2037 4273 2265 4336 viscera,

695 4381 1002 4433 venamque
1026 4373 1081 4415 et
1125 4363 1381 4416 arteriam
1435 4362 1726 4427 quamdam
1781 4372 1990 4430 ruptam
2054 4363 2265 4422 dicunt,

698 4457 846 4511 unde
874 4457 1135 4526 sanguine
1176 4454 1411 4524 plurimo
1439 4453 1663 4521 profuso
1718 4453 1825 4506 vita
1857 4467 1980 4504 eum
2032 4453 2270 4521 relique-

698 4551 789 4613 rit,
817 4551 868 4602 in
908 4548 1133 4602 castello
1163 4546 1394 4614 quodam
1423 4544 1726 4598 Germania!
1759 4545 1861 4613 (‘2),
1909 4543 1996 4597 cui
2046 4543 2270 4613 Brigitio

697 4656 896 4695 nomen
916 4639 1037 4704 fuit,
1071 4639 1286 4692 decimo
1306 4635 1541 4704 septimo
1578 4637 1778 4687 mensis
1813 4634 2139 4688 Novembris
2159 4636 2268 4700 die,

699 4747 823 4785 cum
871 4730 1267 4799 quinquaginta
1333 4728 1582 4794 quinque
1656 4741 1824 4793 prope
1881 4741 2055 4779 annos
2113 4737 2270 4780 natus

2375 3553 2441 3606 τά
2479 3553 2715 3620 μάλιστα
2759 3553 3115 3620 δυσπραγεῖν,
3167 3552 3215 3602 εἰ
3267 3550 3623 3619 Σαυρομάται
3678 3548 3957 3618 βάρϐαρον

2371 3641 2515 3696 οὕτω
2543 3642 2700 3709 γένος
2731 3642 2825 3695 καὶ
2873 3641 3211 3709 δύσμορφον,
3248 3633 3322 3692 ὧν
3357 3643 3404 3692 οἱ
3453 3641 3740 3708 κρείττους
3781 3639 3952 3700 οὗτοι,

2371 3737 2468 3788 οὐκ
2495 3735 2673 3787 ἐθέλει
2709 3736 2895 3802 μένειν
2926 3735 3012 3802 ἐφ’
3036 3734 3257 3786 ἑαυτοῦο
3293 3732 3409 3786 ἀλλ’
3433 3733 3576 3784 οὓτω
3608 3732 3799 3800 θράσει
3831 3733 3956 3799 ῥέον

2370 3830 2466 3897 τὴν
2516 3829 2682 3881 αὑτοῦ
2720 3827 2923 3880 διαθέει
2970 3827 3169 3894 ἀρχὴν,
3211 3826 3303 3877 καὶ
3351 3826 3588 3892 πόλεμον
3637 3826 3777 3878 κατά
3819 3827 3955 3876 Ῥω-

2380 3922 2557 3988 μαίων
2586 3922 2759 3972 κινεῖν
2818 3918 3233 3988 γαργαλίζεται.
3287 3918 3719 3977 Χαλεπαίνοντος
3745 3917 3956 3969 δἰὖῖω

2370 4013 2464 4064 καὶ
2525 4014 2665 4079 μέγα
2732 4011 3130 4079 ἀνακραγότος,
3194 4011 3272 4078 τῷ
3329 4011 3431 4079 τῆς
3497 4011 3793 4072 διατάσεως
3850 4011 3955 4077 τῆς

2371 4104 2554 4170 φωνῆς
2603 4101 2829 4170 ἀμέτρῳ
2878 4101 3263 4170 σπαραχθῆναί
3307 4117 3440 4167 φασι
3474 4105 3541 4154 τὰ
3575 4101 3743 4168 ἔνδον,
3777 4103 3956 4170 φλέϐα

2369 4195 2575 4246 δέτινα
2624 4194 2718 4244 καὶ
2751 4193 3024 4261 ἀρτηρίαν
3072 4193 3462 4262 διαρῥαγῆναυ
3509 4193 3740 4260 αἵματος
3792 4192 3838 4244 δ’
3869 4195 3958 4244 ὲν-

2369 4281 2560 4334 τεῦθεν
2600 4281 2855 4334 πλείστου
2908 4281 3283 4342 ἀναδοθέντος,
3331 4281 3423 4333 τὸν
3475 4281 3592 4350 βίον
3633 4283 3952 4346 ἀπολιπεῖν,

2369 4373 2428 4423 ἐν
2458 4388 2562 4423 τινι
2596 4371 2843 4439 φρουρίῳ
2889 4369 3000 4420 τῶν
3028 4369 3295 4431 Γαλλιῶν,
3325 4363 3369 4435 ᾧ
3401 4369 3702 4437 Βεργιτίων
3733 4365 3800 4437 ἦν
3830 4369 3954 4421 δνο-

2377 4479 2472 4530 μα,
2508 4466 2572 4532 τῇ
2631 4461 3082 4532 ἑπτακαιδεκάτῃ
3123 4461 3218 4512 τοῦ
3274 4461 3568 4531 Δεκεὸρίου
3623 4462 3810 4530 μηνὸς,
3853 4463 3950 4530 ἔτη

2376 4551 2472 4619 μὲν
2501 4551 2740 4619 γεγονὼς
2775 4553 2920 4619 ἀμφὶ
2968 4551 3038 4603 τά
3077 4552 3441 4620 πεντήκοντα,
3477 4552 3844 4620 τριακαίδεκα
3902 4551 3950 4604 δ’

2374 4645 2431 4695 ὲν
2467 4645 2532 4712 τῇ
2567 4643 2820 4713 βασιλείᾳ
2853 4642 2914 4695 εὖ
2944 4644 3088 4710 μάλα
3117 4644 3212 4694 καὶ
3242 4642 3365 4694 λίαν
3392 4643 3681 4710 ἐπισήμως
3707 4642 3954 4708 διαγενό-

2379 4753 2558 4802 μενος.
2589 4736 2794 4786 Τούτου
2825 4735 2881 4787 δὲ
2913 4738 3022 4796 τοῖς
3057 4733 3331 4803 πατρῴοις
3382 4736 3660 4803 μνήμασιν
3700 4736 3955 4802 ὲνσορια-

699 4834 866 4887 esset,
899 4832 953 4877 ct
989 4820 1251 4876 tredecim
1291 4820 1366 4888 (ὅ)
1399 4819 1558 4871 annis
1592 4819 1885 4886 imperium
1921 4820 2057 4872 bene
2084 4820 2266 4872 admo-
2296 4804 2346 4862 Ῑ)
2378 4847 2392 4879 ς

2262 4851 2266 4857 ·
2296 4804 2346 4862 D
2378 4830 2618 4889 σθέντος,
2651 4831 2678 4879 ὁ
2723 4829 2865 4879 κατά
2910 4829 3009 4896 τὴν
3048 4827 3282 4880 Ἰταλίαν
3314 4828 3538 4896 στρατὸς
3587 4828 3706 4896 μεθ’
3738 4829 3955 4896 ἡμέραν

703 4919 828 4971 dum
856 4929 910 4970 et
959 4914 1221 4984 pratclare
1247 4912 1711 4965 administrasset.
1747 4911 1824 4964 Eo
1869 4926 2024 4975 vero,
2089 4914 2270 4982 patrio

703 5017 1060 5062 monumento
1100 5006 1270 5069 illato,
1298 5014 1452 5058 sexto
1479 5004 1565 5056 die
1607 5011 1747 5070 post,
1793 5003 1885 5071 qui
1924 5003 2150 5058 inltalia
2171 5005 2272 5059 fuit

702 5100 977 5154 exercitus
1029 5097 1409 5166 cognominem
1446 5095 1493 5148 ei
1528 5094 1693 5146 tilium
1726 5095 1996 5162 juniorem
2028 5096 2270 5150 Valenti-

701 5196 921 5243 nianum
978 5191 1385 5256 imperatorem,
1461 5185 1513 5236 in
1580 5184 1782 5251 oppido
1837 5183 2006 5236 Italia:
2051 5185 2271 5252 Aquino

704 5281 1059 5336 renuntiavit.
1117 5279 1303 5345 Neque
1368 5277 1437 5329 ita
1491 5275 1665 5327 tnulto
1735 5283 1858 5342 post
1918 5274 2274 5340 imperatores

701 5387 921 5441 quoque
956 5369 1248 5423 Gratianus
1278 5370 1447 5419 frater
1472 5375 1524 5420 et
1564 5363 1782 5423 Valens,
1849 5365 2110 5434 suﬂ‘ragio
2168 5383 2268 5419 suo

775 5549 850 5615 (l)
878 5545 1176 5612 EutrOpius
1215 5541 1429 5615 scribit.
1469 5540 1820 5615 Sauroma'as
1844 5557 1902 5596 se
1928 5559 2025 5611 per
2057 5545 2268 5601 Panno-

704 5612 910 5671 nias’in
942 5618 1206 5669 ditionem
1228 5614 1527 5684 Romanam
1557 5612 1841 5684 diffudisse
1864 5655 1877 5677 ,
1913 5630 2143 5684 eamque
2180 5634 2270 5672 va-

704 5701 897 5739 stasse.
949 5686 1091 5738 Idem
1179 5683 1533 5750 Brigitioueut
1617 5681 1929 5746 Quadorum
2003 5681 2268 5753 oppidum

705 5773 825 5808 eSse
875 5757 1028 5807 dicit.
1061 5754 1278 5818 Quados
1311 5763 1489 5804 autem
1539 5755 1787 5805 nonnulli
1823 5755 1986 5808 hodie
2022 5759 2270 5811 Austria-

706 5844 816 5884 ιςειι,
874 5828 1116 5877 nonnulli
1170 5825 1394 5876 Silcsms
1446 5823 1612 5874 fuisse
1653 5825 1970 5889 opinantur.
2011 5827 2164 5890 Quod
2225 5830 2269 5882 si

710 5898 984 5958 posterius
1037 5897 1136 5947 lioc
1180 5909 1367 5947 verum
1410 5903 1512 5955 cst,
1547 5895 1609 5944 ad
1649 5893 1909 5960 oppidum
1944 5894 2181 5965 Brigain,
2217 5910 2273 5952 ut

2368 4920 2536 4988 ἕκτην
2562 4919 2655 4972 τὸν
2702 4919 2998 4988 ὁμώνυμον
3033 4919 3178 4986 αὑτῷ
3211 4919 3400 4983 παῖδα,
3438 4919 3530 4971 τὸν
3565 4921 3684 4970 νέον
3718 4921 3957 4972 Οὐαλεν-

2369 5013 2628 5072 τινιανδν,
2687 5011 2914 5080 βασιλέα
2965 5011 3418 5079 ἀναγορεύουσιν,
3455 5013 3509 5062 ὲν
3555 5012 3751 5079 Ἀκίνῳ
3796 5013 3954 5064 πόλει

2371 5104 2470 5172 τῆς
2513 5104 2768 5156 Ἰταλίας.
2799 5104 2911 5156 Οὐκ
2944 5103 3022 5164 είς
3060 5104 3280 5171 μακρὰν
3321 5103 3377 5154 δὲ
3409 5103 3458 5154 οί
3510 5101 3773 5171 βασιλεῖς,
3810 5105 3954 5170 Γρα-

2374 5197 2558 5256 mw;
2619 5213 2678 5246 τε
2733 5197 2760 5247 ὁ
2817 5195 3044 5262 ἀδελφὸς
3086 5197 3177 5248 καὶ
3218 5195 3463 5262 Οὐάλης,
3519 5194 3801 5264 σύμψηφοι
3858 5202 3953 5248 καὶ

2379 5287 2537 5338 αὐτοὶ
2585 5287 2838 5353 ἐγένοντο
2887 5290 2950 5354 τῇ
2991 5287 3204 5337 ἐκείνου
3243 5289 3410 5356 ἀρχῇ,
3447 5289 3496 5338 εἰ
3534 5289 3629 5338 καὶ
3685 5289 3952 5355 χαλεπαί.

2380 5396 2562 5440 νοντες
2615 5376 2757 5448 ἦσαν
2809 5378 2875 5430 τά
2915 5379 3130 5448 πρῶτα·
3167 5381 3262 5431 ἀτε
3417 5380 3527 5432 τῶν
3581 5379 3952 5447 στρατιωτῶη,

2376 5570 2522 5608 nunc
2547 5553 2770 5615 dicitur.
2806 5555 3221 5609 Valentinianus
3253 5566 3506 5610 mortuus
3541 5556 3731 5612 fuerit.

2449 5625 2523 5692 (ﬂ)
2559 5624 2902 5692 Nicepliorus
2953 5626 3057 5679 hoc
3111 5627 3229 5679 loco
3274 5642 3370 5690 pro
3405 5627 3698 5680 Germania
3745 5626 3953 5681 Gallias

2376 5694 2571 5765 habet:
2595 5696 2698 5747 Sed
2753 5700 3196 5748 animadvertere
3243 5706 3349 5757 est,
3389 5712 3512 5748 cum
3560 5696 3682 5750 aliis
3730 5714 3952 5765 quoque

2376 5764 2519 5836 locis
2537 5763 2932 5816 Germanorum
2967 5781 3163 5836 nomen
3225 5781 3331 5818 non
3377 5781 3694 5834 usurpasse,
3726 5763 3821 5822 sed
3856 5763 3954 5836 pro

2375 5835 2456 5886 eis
2484 5834 2665 5887 Gallos
2701 5836 2963 5901 posuisse.
3006 5835 3158 5886 Sorr.
3193 5838 3316 5889 cod.
3357 5851 3476 5904 cap.
3513 5837 3600 5888 σιξ.

2451 5906 2524 5970 (ὅ)
2561 5906 2661 5954 Alii
2699 5905 2758 5955 di
2794 5915 2886 5956 unt
2920 5910 3192 5959 undet-1m.
