  <div class='ocr_page' id='page_1' title='image "/cluster/home/n/w/nwhite01/storage/ocr_20150623/146/nnc1.0046980610/381.png"; bbox 0 0 4288 6438; ppageno 0'>
   <div class='ocr_carea' id='block_1_1' title="bbox 725 437 830 500">
    <p class='ocr_par' dir='ltr' id='par_1_1' title="bbox 725 437 830 500">
     <span class='ocr_line' id='line_1_1' title="bbox 725 437 830 500; baseline 0 -1"><span class='ocrx_word' id='word_1_1' title='bbox 725 437 830 500; x_wconf 80' lang='grc'><strong>695</strong></span> 
     </span>
    </p>
   </div>
   <div class='ocr_carea' id='block_1_2' title="bbox 1957 435 2773 500">
    <p class='ocr_par' dir='ltr' id='par_1_2' title="bbox 1957 435 2773 500">
     <span class='ocr_line' id='line_1_2' title="bbox 1957 435 2773 500; baseline 0.004 -5"><span class='ocrx_word' id='word_1_2' title='bbox 1957 435 2380 499; x_wconf 80' lang='lat' dir='ltr'><strong>NICEPIIORI</strong></span> <span class='ocrx_word' id='word_1_3' title='bbox 2419 439 2773 500; x_wconf 79' lang='lat' dir='ltr'><strong>CALLISTI</strong></span> 
     </span>
    </p>
   </div>
   <div class='ocr_carea' id='block_1_3' title="bbox 3876 439 3986 514">
    <p class='ocr_par' dir='ltr' id='par_1_3' title="bbox 3876 439 3986 514">
     <span class='ocr_line' id='line_1_3' title="bbox 3876 439 3986 514; baseline -0.036 -10"><span class='ocrx_word' id='word_1_4' title='bbox 3876 439 3986 514; x_wconf 70' lang='lat'><strong>696</strong></span> 
     </span>
    </p>
   </div>
   <div class='ocr_carea' id='block_1_4' title="bbox 729 549 2422 627">
    <p class='ocr_par' dir='ltr' id='par_1_4' title="bbox 729 552 2422 624">
     <span class='ocr_line' id='line_1_4' title="bbox 729 552 2422 624; baseline -0.002 -16"><span class='ocrx_word' id='word_1_5' title='bbox 729 553 922 618; x_wconf 89' lang='lat' dir='ltr'><strong>menti,</strong></span> <span class='ocrx_word' id='word_1_6' title='bbox 963 552 1065 606; x_wconf 90' lang='lat' dir='ltr'><strong>sibi</strong></span> <span class='ocrx_word' id='word_1_7' title='bbox 1100 555 1533 624; x_wconf 87' lang='lat' dir='ltr'><strong>comportabant,</strong></span> <span class='ocrx_word' id='word_1_8' title='bbox 1567 563 1620 608; x_wconf 89' lang='lat' dir='ltr'><strong>et</strong></span> <span class='ocrx_word' id='word_1_9' title='bbox 1661 553 1781 608; x_wconf 89' lang='lat' dir='ltr'><strong>aliis</strong></span> <span class='ocrx_word' id='word_1_10' title='bbox 1823 553 1984 606; x_wconf 88' lang='lat' dir='ltr'><strong>etiam</strong></span> <span class='ocrx_word' id='word_1_11' title='bbox 2021 553 2302 607; x_wconf 77' lang='lat' dir='ltr'><strong>monachis</strong></span> <span class='ocrx_word' id='word_1_12' title='bbox 2334 564 2374 614; x_wconf 82' lang='grc' dir='ltr'>Α</span> <span class='ocrx_word' id='word_1_13' title='bbox 2407 553 2422 604; x_wconf 84' lang='grc'><strong>(</strong></span> 
     </span>
    </p>
   </div>
   <div class='ocr_carea' id='block_1_5' title="bbox 2295 549 3988 627">
    <p class='ocr_par' dir='ltr' id='par_1_5' title="bbox 2295 549 3988 627">
     <span class='ocr_line' id='line_1_5' title="bbox 2295 549 3988 627; baseline 0.001 -22"><span class='ocrx_word' id='word_1_14' title='bbox 2295 569 2302 605; x_wconf 71' lang='grc' dir='ltr'><strong>ι</strong></span> <span class='ocrx_word' id='word_1_15' title='bbox 2334 564 2374 614; x_wconf 84' lang='grc' dir='ltr'>Λ</span> <span class='ocrx_word' id='word_1_16' title='bbox 2407 553 2570 607; x_wconf 87' lang='grc' dir='ltr'>θείων</span> <span class='ocrx_word' id='word_1_17' title='bbox 2625 555 2915 621; x_wconf 73' lang='grc' dir='ltr'>μετάδοσιν</span> <span class='ocrx_word' id='word_1_18' title='bbox 2963 549 3108 624; x_wconf 56' lang='grc' dir='ltr'>εἶχεν</span> <span class='ocrx_word' id='word_1_19' title='bbox 3160 552 3474 623; x_wconf 80' lang='grc' dir='ltr'>ἀκρίϐειαν,</span> <span class='ocrx_word' id='word_1_20' title='bbox 3508 553 3728 622; x_wconf 73' lang='grc' dir='ltr'>βασάνῳ</span> <span class='ocrx_word' id='word_1_21' title='bbox 3761 554 3988 627; x_wconf 79' lang='grc' dir='ltr'>πλείστῃ</span> 
     </span>
    </p>
   </div>
   <div class='ocr_carea' id='block_1_6' title="bbox 725 647 2298 714">
    <p class='ocr_par' dir='ltr' id='par_1_6' title="bbox 725 647 2298 714">
     <span class='ocr_line' id='line_1_6' title="bbox 725 647 2298 714; baseline -0.001 -16"><span class='ocrx_word' id='word_1_22' title='bbox 725 647 1130 714; x_wconf 85' lang='lat' dir='ltr'><strong>impertiebant.</strong></span> <span class='ocrx_word' id='word_1_23' title='bbox 1158 648 1326 701; x_wconf 91' lang='lat' dir='ltr'><strong>Porro</strong></span> <span class='ocrx_word' id='word_1_24' title='bbox 1359 647 1620 701; x_wconf 89' lang='lat' dir='ltr'><strong>Dioscoro</strong></span> <span class='ocrx_word' id='word_1_25' title='bbox 1640 656 1858 702; x_wconf 82' lang='lat' dir='ltr'><strong>centum</strong></span> <span class='ocrx_word' id='word_1_26' title='bbox 1882 656 2039 701; x_wconf 90' lang='lat' dir='ltr'><strong>erant</strong></span> <span class='ocrx_word' id='word_1_27' title='bbox 2069 655 2298 700; x_wconf 85' lang='lat' dir='ltr'><strong>sectato-</strong></span> 
     </span>
    </p>
   </div>
   <div class='ocr_carea' id='block_1_7' title="bbox 725 737 2300 810">
    <p class='ocr_par' dir='ltr' id='par_1_7' title="bbox 725 737 2300 810">
     <span class='ocr_line' id='line_1_7' title="bbox 725 737 2300 810; baseline -0.001 -19"><span class='ocrx_word' id='word_1_28' title='bbox 725 755 831 794; x_wconf 88' lang='lat' dir='ltr'><strong>res.</strong></span> <span class='ocrx_word' id='word_1_29' title='bbox 859 739 922 792; x_wconf 87' lang='lat' dir='ltr'><strong>Et</strong></span> <span class='ocrx_word' id='word_1_30' title='bbox 948 756 1068 793; x_wconf 90' lang='lat' dir='ltr'><strong>cum</strong></span> <span class='ocrx_word' id='word_1_31' title='bbox 1097 740 1380 810; x_wconf 76' lang='lat' dir='ltr'><strong>presbyter</strong></span> <span class='ocrx_word' id='word_1_32' title='bbox 1405 749 1459 793; x_wconf 91' lang='lat' dir='ltr'><strong>et</strong></span> <span class='ocrx_word' id='word_1_33' title='bbox 1479 755 1756 793; x_wconf 87' lang='lat' dir='ltr'><strong>sacrorum</strong></span> <span class='ocrx_word' id='word_1_34' title='bbox 1787 737 2167 792; x_wconf 79' lang='lat' dir='ltr'><strong>obeundarum</strong></span> <span class='ocrx_word' id='word_1_35' title='bbox 2194 739 2300 790; x_wconf 75' lang='lat' dir='ltr'><strong>mi—</strong></span> 
     </span>
    </p>
   </div>
   <div class='ocr_carea' id='block_1_8' title="bbox 730 829 2300 895">
    <p class='ocr_par' dir='ltr' id='par_1_8' title="bbox 730 829 2300 895">
     <span class='ocr_line' id='line_1_8' title="bbox 730 829 2300 895; baseline -0.002 -11"><span class='ocrx_word' id='word_1_36' title='bbox 730 834 904 885; x_wconf 90' lang='lat' dir='ltr'><strong>nister</strong></span> <span class='ocrx_word' id='word_1_37' title='bbox 933 842 1098 895; x_wconf 78' lang='lat' dir='ltr'><strong>esset,</strong></span> <span class='ocrx_word' id='word_1_38' title='bbox 1126 833 1350 884; x_wconf 88' lang='lat' dir='ltr'><strong>multam</strong></span> <span class='ocrx_word' id='word_1_39' title='bbox 1387 842 1440 885; x_wconf 90' lang='lat' dir='ltr'><strong>et</strong></span> <span class='ocrx_word' id='word_1_40' title='bbox 1472 840 1721 886; x_wconf 74' lang='lat' dir='ltr'><strong>exactam</strong></span> <span class='ocrx_word' id='word_1_41' title='bbox 1746 845 1935 884; x_wconf 91' lang='lat' dir='ltr'><strong>curam</strong></span> <span class='ocrx_word' id='word_1_42' title='bbox 1970 830 2024 882; x_wconf 91' lang='lat' dir='ltr'><strong>in</strong></span> <span class='ocrx_word' id='word_1_43' title='bbox 2084 829 2300 883; x_wconf 60' lang='lat' dir='ltr'><strong>divina.</strong></span> 
     </span>
    </p>
   </div>
   <div class='ocr_carea' id='block_1_9' title="bbox 725 919 2299 995">
    <p class='ocr_par' dir='ltr' id='par_1_9' title="bbox 725 919 2299 995">
     <span class='ocr_line' id='line_1_9' title="bbox 725 919 2299 995; baseline -0.001 -21"><span class='ocrx_word' id='word_1_44' title='bbox 725 939 846 975; x_wconf 91' lang='lat' dir='ltr'><strong>rum</strong></span> <span class='ocrx_word' id='word_1_45' title='bbox 918 939 1097 975; x_wconf 89' lang='lat' dir='ltr'><strong>rerum</strong></span> <span class='ocrx_word' id='word_1_46' title='bbox 1159 923 1625 995; x_wconf 76' lang='lat' dir='ltr'><strong>dispensationem</strong></span> <span class='ocrx_word' id='word_1_47' title='bbox 1696 921 1983 990; x_wconf 89' lang='lat' dir='ltr'><strong>impendit,</strong></span> <span class='ocrx_word' id='word_1_48' title='bbox 2035 919 2299 989; x_wconf 82' lang='lat' dir='ltr'><strong>disquisi-</strong></span> 
     </span>
    </p>
   </div>
   <div class='ocr_carea' id='block_1_10' title="bbox 727 1009 2298 1082">
    <p class='ocr_par' dir='ltr' id='par_1_10' title="bbox 727 1009 2298 1082">
     <span class='ocr_line' id='line_1_10' title="bbox 727 1009 2298 1082; baseline -0.004 -15"><span class='ocrx_word' id='word_1_49' title='bbox 727 1015 875 1067; x_wconf 94' lang='lat' dir='ltr'><strong>tione</strong></span> <span class='ocrx_word' id='word_1_50' title='bbox 937 1013 1170 1066; x_wconf 81' lang='lat' dir='ltr'><strong>maxima</strong></span> <span class='ocrx_word' id='word_1_51' title='bbox 1227 1030 1326 1068; x_wconf 88' lang='lat' dir='ltr'><strong>eos</strong></span> <span class='ocrx_word' id='word_1_52' title='bbox 1361 1012 1452 1081; x_wconf 91' lang='lat' dir='ltr'><strong>qui</strong></span> <span class='ocrx_word' id='word_1_53' title='bbox 1511 1013 1577 1066; x_wconf 93' lang='lat' dir='ltr'><strong>ad</strong></span> <span class='ocrx_word' id='word_1_54' title='bbox 1631 1011 1890 1082; x_wconf 80' lang='lat' dir='ltr'><strong>mysteria</strong></span> <span class='ocrx_word' id='word_1_55' title='bbox 1945 1009 2298 1080; x_wconf 85' lang='lat' dir='ltr'><strong>percipienda</strong></span> 
     </span>
    </p>
   </div>
   <div class='ocr_carea' id='block_1_11' title="bbox 725 1106 2303 1174">
    <p class='ocr_par' dir='ltr' id='par_1_11' title="bbox 725 1106 2303 1174">
     <span class='ocr_line' id='line_1_11' title="bbox 725 1106 2303 1174; baseline -0.001 -16"><span class='ocrx_word' id='word_1_56' title='bbox 725 1107 983 1169; x_wconf 50' lang='lat' dir='ltr'><strong>adirent;</strong></span> <span class='ocrx_word' id='word_1_57' title='bbox 1031 1106 1340 1171; x_wconf 83' lang='lat' dir='ltr'><strong>explorans.</strong></span> <span class='ocrx_word' id='word_1_58' title='bbox 1371 1107 1436 1162; x_wconf 88' lang='lat' dir='ltr'><strong>Ut</strong></span> <span class='ocrx_word' id='word_1_59' title='bbox 1468 1122 1699 1174; x_wconf 84' lang='lat' dir='ltr'><strong>namque</strong></span> <span class='ocrx_word' id='word_1_60' title='bbox 1732 1120 1885 1158; x_wconf 91' lang='lat' dir='ltr'><strong>mens</strong></span> <span class='ocrx_word' id='word_1_61' title='bbox 1920 1115 2076 1158; x_wconf 89' lang='lat' dir='ltr'><strong>antea</strong></span> <span class='ocrx_word' id='word_1_62' title='bbox 2110 1119 2303 1173; x_wconf 87' lang='lat' dir='ltr'><strong>repur-</strong></span> 
     </span>
    </p>
   </div>
   <div class='ocr_carea' id='block_1_12' title="bbox 725 1193 2298 1264">
    <p class='ocr_par' dir='ltr' id='par_1_12' title="bbox 725 1193 2298 1264">
     <span class='ocr_line' id='line_1_12' title="bbox 725 1193 2298 1264; baseline 0 -16"><span class='ocrx_word' id='word_1_63' title='bbox 725 1207 968 1264; x_wconf 80' lang='lat' dir='ltr'><strong>garetnr,</strong></span> <span class='ocrx_word' id='word_1_64' title='bbox 1025 1196 1440 1258; x_wconf 83' lang='lat' dir='ltr'><strong>cohortabatur,</strong></span> <span class='ocrx_word' id='word_1_65' title='bbox 1498 1204 1552 1248; x_wconf 92' lang='lat' dir='ltr'><strong>et</strong></span> <span class='ocrx_word' id='word_1_66' title='bbox 1585 1194 2005 1257; x_wconf 86' lang='lat' dir='ltr'><strong>conscientiam,</strong></span> <span class='ocrx_word' id='word_1_67' title='bbox 2041 1208 2105 1246; x_wconf 91' lang='lat' dir='ltr'><strong>ne</strong></span> <span class='ocrx_word' id='word_1_68' title='bbox 2163 1193 2298 1254; x_wconf 87' lang='lat' dir='ltr'><strong>quid</strong></span> 
     </span>
    </p>
   </div>
   <div class='ocr_carea' id='block_1_13' title="bbox 728 1285 2304 1354">
    <p class='ocr_par' dir='ltr' id='par_1_13' title="bbox 728 1285 2304 1354">
     <span class='ocr_line' id='line_1_13' title="bbox 728 1285 2304 1354; baseline -0.003 -13"><span class='ocrx_word' id='word_1_69' title='bbox 728 1298 1068 1354; x_wconf 78' lang='lat' dir='ltr'><strong>patratornm</strong></span> <span class='ocrx_word' id='word_1_70' title='bbox 1121 1288 1385 1340; x_wconf 90' lang='lat' dir='ltr'><strong>malorum</strong></span> <span class='ocrx_word' id='word_1_71' title='bbox 1438 1288 1686 1348; x_wconf 86' lang='lat' dir='ltr'><strong>haberet,</strong></span> <span class='ocrx_word' id='word_1_72' title='bbox 1748 1287 2120 1341; x_wconf 81' lang='lat' dir='ltr'><strong>scrutabatur.</strong></span> <span class='ocrx_word' id='word_1_73' title='bbox 2173 1285 2304 1339; x_wconf 87' lang='lat' dir='ltr'><strong>Erat</strong></span> 
     </span>
    </p>
   </div>
   <div class='ocr_carea' id='block_1_14' title="bbox 728 1379 2305 1450">
    <p class='ocr_par' dir='ltr' id='par_1_14' title="bbox 728 1379 2305 1450">
     <span class='ocr_line' id='line_1_14' title="bbox 728 1379 2305 1450; baseline 0.001 -19"><span class='ocrx_word' id='word_1_74' title='bbox 728 1390 986 1448; x_wconf 64' lang='lat' dir='ltr'><strong>praeterea</strong></span> <span class='ocrx_word' id='word_1_75' title='bbox 1017 1391 1126 1434; x_wconf 90' lang='lat' dir='ltr'><strong>tum</strong></span> <span class='ocrx_word' id='word_1_76' title='bbox 1158 1381 1297 1433; x_wconf 91' lang='lat' dir='ltr'><strong>alius</strong></span> <span class='ocrx_word' id='word_1_77' title='bbox 1317 1396 1557 1450; x_wconf 90' lang='lat' dir='ltr'><strong>quoque,</strong></span> <span class='ocrx_word' id='word_1_78' title='bbox 1629 1381 1736 1434; x_wconf 92' lang='lat' dir='ltr'><strong>hoc</strong></span> <span class='ocrx_word' id='word_1_79' title='bbox 1781 1381 1947 1433; x_wconf 88' lang='lat' dir='ltr'><strong>etiam</strong></span> <span class='ocrx_word' id='word_1_80' title='bbox 1980 1379 2140 1448; x_wconf 81' lang='lat' dir='ltr'><strong>longe</strong></span> <span class='ocrx_word' id='word_1_81' title='bbox 2174 1379 2305 1433; x_wconf 72' lang='lat' dir='ltr'><strong>dili»</strong></span> 
     </span>
    </p>
   </div>
   <div class='ocr_carea' id='block_1_15' title="bbox 728 1469 2306 1541">
    <p class='ocr_par' dir='ltr' id='par_1_15' title="bbox 728 1469 2306 1541">
     <span class='ocr_line' id='line_1_15' title="bbox 728 1469 2306 1541; baseline 0 -19"><span class='ocrx_word' id='word_1_82' title='bbox 728 1474 966 1537; x_wconf 72' lang='lat' dir='ltr'><strong>gentior.</strong></span> <span class='ocrx_word' id='word_1_83' title='bbox 1002 1472 1222 1526; x_wconf 70' lang='lat' dir='ltr'><strong>nomine</strong></span> <span class='ocrx_word' id='word_1_84' title='bbox 1254 1473 1533 1540; x_wconf 81' lang='lat' dir='ltr'><strong>Eulogius,</strong></span> <span class='ocrx_word' id='word_1_85' title='bbox 1573 1472 1666 1541; x_wconf 91' lang='lat' dir='ltr'><strong>qui</strong></span> <span class='ocrx_word' id='word_1_86' title='bbox 1739 1481 1888 1525; x_wconf 90' lang='lat' dir='ltr'><strong>tanta</strong></span> <span class='ocrx_word' id='word_1_87' title='bbox 1928 1469 2131 1523; x_wconf 86' lang='lat' dir='ltr'><strong>dicitur</strong></span> <span class='ocrx_word' id='word_1_88' title='bbox 2184 1485 2306 1538; x_wconf 92' lang='lat' dir='ltr'><strong>pro-</strong></span> 
     </span>
    </p>
   </div>
   <div class='ocr_carea' id='block_1_16' title="bbox 731 1562 2305 1634">
    <p class='ocr_par' dir='ltr' id='par_1_16' title="bbox 731 1562 2305 1634">
     <span class='ocr_line' id='line_1_16' title="bbox 731 1562 2305 1634; baseline 0.001 -21"><span class='ocrx_word' id='word_1_89' title='bbox 731 1565 970 1617; x_wconf 86' lang='lat' dir='ltr'><strong>videntia</strong></span> <span class='ocrx_word' id='word_1_90' title='bbox 1039 1580 1130 1617; x_wconf 88' lang='lat' dir='ltr'><strong>seu</strong></span> <span class='ocrx_word' id='word_1_91' title='bbox 1210 1565 1662 1634; x_wconf 65' lang='lat' dir='ltr'><strong>praeregnitione,</strong></span> <span class='ocrx_word' id='word_1_92' title='bbox 1740 1563 2038 1617; x_wconf 88' lang='lat' dir='ltr'><strong>aerimouia</strong></span> <span class='ocrx_word' id='word_1_93' title='bbox 2105 1562 2305 1616; x_wconf 91' lang='lat' dir='ltr'><strong>mentis</strong></span> 
     </span>
    </p>
   </div>
   <div class='ocr_carea' id='block_1_17' title="bbox 728 1655 2299 1724">
    <p class='ocr_par' dir='ltr' id='par_1_17' title="bbox 728 1655 2299 1724">
     <span class='ocr_line' id='line_1_17' title="bbox 728 1655 2299 1724; baseline -0.001 -16"><span class='ocrx_word' id='word_1_94' title='bbox 728 1655 1038 1717; x_wconf 85' lang='lat' dir='ltr'><strong>collimans,</strong></span> <span class='ocrx_word' id='word_1_95' title='bbox 1079 1657 1129 1710; x_wconf 82' lang='lat' dir='ltr'><strong>in</strong></span> <span class='ocrx_word' id='word_1_96' title='bbox 1158 1657 1238 1710; x_wconf 88' lang='lat' dir='ltr'><strong>eis</strong></span> <span class='ocrx_word' id='word_1_97' title='bbox 1267 1658 1360 1724; x_wconf 87' lang='lat' dir='ltr'><strong>qui</strong></span> <span class='ocrx_word' id='word_1_98' title='bbox 1392 1656 1457 1708; x_wconf 87' lang='lat' dir='ltr'><strong>ad</strong></span> <span class='ocrx_word' id='word_1_99' title='bbox 1495 1657 1677 1710; x_wconf 76' lang='lat' dir='ltr'><strong>divina</strong></span> <span class='ocrx_word' id='word_1_100' title='bbox 1711 1657 2039 1710; x_wconf 87' lang='lat' dir='ltr'><strong>accederent</strong></span> <span class='ocrx_word' id='word_1_101' title='bbox 2094 1665 2299 1723; x_wconf 78' lang='lat' dir='ltr'><strong>myste-</strong></span> 
     </span>
    </p>
   </div>
   <div class='ocr_carea' id='block_1_18' title="bbox 732 1745 2304 1816">
    <p class='ocr_par' dir='ltr' id='par_1_18' title="bbox 732 1745 2304 1816">
     <span class='ocr_line' id='line_1_18' title="bbox 732 1745 2304 1816; baseline -0.001 -18"><span class='ocrx_word' id='word_1_102' title='bbox 732 1749 829 1811; x_wconf 88' lang='lat' dir='ltr'><strong>ria,</strong></span> <span class='ocrx_word' id='word_1_103' title='bbox 855 1763 982 1801; x_wconf 87' lang='lat' dir='ltr'><strong>usus</strong></span> <span class='ocrx_word' id='word_1_104' title='bbox 1008 1763 1145 1811; x_wconf 90' lang='lat' dir='ltr'><strong>esse,</strong></span> <span class='ocrx_word' id='word_1_105' title='bbox 1187 1748 1342 1816; x_wconf 79' lang='lat'><strong>181</strong></span> <span class='ocrx_word' id='word_1_106' title='bbox 1383 1758 1574 1801; x_wconf 89' lang='lat' dir='ltr'><strong>utnon</strong></span> <span class='ocrx_word' id='word_1_107' title='bbox 1608 1757 1819 1801; x_wconf 87' lang='lat' dir='ltr'><strong>tantum</strong></span> <span class='ocrx_word' id='word_1_108' title='bbox 1852 1762 1972 1813; x_wconf 71' lang='lat' dir='ltr'><strong>qua:</strong></span> <span class='ocrx_word' id='word_1_109' title='bbox 2013 1745 2304 1800; x_wconf 83' lang='lat' dir='ltr'><strong>manifesto</strong></span> 
     </span>
    </p>
   </div>
   <div class='ocr_carea' id='block_1_19' title="bbox 729 1838 2305 1907">
    <p class='ocr_par' dir='ltr' id='par_1_19' title="bbox 729 1838 2305 1907">
     <span class='ocr_line' id='line_1_19' title="bbox 729 1838 2305 1907; baseline -0.003 -15"><span class='ocrx_word' id='word_1_110' title='bbox 729 1839 965 1893; x_wconf 88' lang='lat' dir='ltr'><strong>admissa</strong></span> <span class='ocrx_word' id='word_1_111' title='bbox 995 1849 1180 1893; x_wconf 86' lang='lat' dir='ltr'><strong>essent</strong></span> <span class='ocrx_word' id='word_1_112' title='bbox 1232 1849 1453 1907; x_wconf 86' lang='lat' dir='ltr'><strong>peccata</strong></span> <span class='ocrx_word' id='word_1_113' title='bbox 1506 1847 1787 1906; x_wconf 79' lang='lat' dir='ltr'><strong>argueret,</strong></span> <span class='ocrx_word' id='word_1_114' title='bbox 1831 1838 1923 1891; x_wconf 92' lang='lat' dir='ltr'><strong>sed</strong></span> <span class='ocrx_word' id='word_1_115' title='bbox 1986 1839 2149 1890; x_wconf 90' lang='lat' dir='ltr'><strong>etiam</strong></span> <span class='ocrx_word' id='word_1_116' title='bbox 2184 1850 2305 1903; x_wconf 75' lang='lat' dir='ltr'><strong>qua:</strong></span> 
     </span>
    </p>
   </div>
   <div class='ocr_carea' id='block_1_20' title="bbox 2403 647 3978 717">
    <p class='ocr_par' dir='ltr' id='par_1_20' title="bbox 2403 647 3978 717">
     <span class='ocr_line' id='line_1_20' title="bbox 2403 647 3978 717; baseline 0 -19"><span class='ocrx_word' id='word_1_117' title='bbox 2403 647 2716 714; x_wconf 70' lang='grc' dir='ltr'>ἀνακρίνων</span> <span class='ocrx_word' id='word_1_118' title='bbox 2750 647 2872 708; x_wconf 77' lang='grc' dir='ltr'>τοὺς</span> <span class='ocrx_word' id='word_1_119' title='bbox 2898 649 3009 710; x_wconf 87' lang='grc' dir='ltr'>τοῖς</span> <span class='ocrx_word' id='word_1_120' title='bbox 3045 648 3369 716; x_wconf 75' lang='grc' dir='ltr'><strong>μυστηρίοις</strong></span> <span class='ocrx_word' id='word_1_121' title='bbox 3401 647 3749 717; x_wconf 72' lang='grc' dir='ltr'><strong>προσιόντας⁹</strong></span> <span class='ocrx_word' id='word_1_122' title='bbox 3788 663 3978 716; x_wconf 88' lang='grc' dir='ltr'>προκε-</span> 
     </span>
    </p>
   </div>
   <div class='ocr_carea' id='block_1_21' title="bbox 2406 738 3987 808">
    <p class='ocr_par' dir='ltr' id='par_1_21' title="bbox 2406 738 3987 808">
     <span class='ocr_line' id='line_1_21' title="bbox 2406 738 3987 808; baseline 0.001 -19"><span class='ocrx_word' id='word_1_123' title='bbox 2406 738 2679 807; x_wconf 83' lang='grc' dir='ltr'>καθάρθαι</span> <span class='ocrx_word' id='word_1_124' title='bbox 2715 739 2820 806; x_wconf 83' lang='grc' dir='ltr'>γὰρ</span> <span class='ocrx_word' id='word_1_125' title='bbox 2848 739 2938 790; x_wconf 81' lang='grc' dir='ltr'><strong>τὸν</strong></span> <span class='ocrx_word' id='word_1_126' title='bbox 2968 738 3093 791; x_wconf 89' lang='grc' dir='ltr'>νοῦν</span> <span class='ocrx_word' id='word_1_127' title='bbox 3121 739 3446 807; x_wconf 86' lang='grc' dir='ltr'>παρηγγύα,</span> <span class='ocrx_word' id='word_1_128' title='bbox 3478 740 3574 790; x_wconf 81' lang='grc' dir='ltr'><strong>καὶ</strong></span> <span class='ocrx_word' id='word_1_129' title='bbox 3605 740 3705 806; x_wconf 77' lang='grc' dir='ltr'>τὴν</span> <span class='ocrx_word' id='word_1_130' title='bbox 3736 739 3987 808; x_wconf 84' lang='grc' dir='ltr'>συνείδη-</span> 
     </span>
    </p>
   </div>
   <div class='ocr_carea' id='block_1_22' title="bbox 2408 829 3990 901">
    <p class='ocr_par' dir='ltr' id='par_1_22' title="bbox 2408 829 3990 901">
     <span class='ocr_line' id='line_1_22' title="bbox 2408 829 3990 901; baseline 0.003 -21"><span class='ocrx_word' id='word_1_131' title='bbox 2408 847 2492 880; x_wconf 91' lang='grc' dir='ltr'><strong>σιν</strong></span> <span class='ocrx_word' id='word_1_132' title='bbox 2524 829 2679 894; x_wconf 82' lang='grc' dir='ltr'>ἔταξε</span> <span class='ocrx_word' id='word_1_133' title='bbox 2718 831 2848 898; x_wconf 76' lang='grc' dir='ltr'>μήτι</span> <span class='ocrx_word' id='word_1_134' title='bbox 2886 831 2994 899; x_wconf 77' lang='grc' dir='ltr'>ἄρα</span> <span class='ocrx_word' id='word_1_135' title='bbox 3027 833 3423 899; x_wconf 78' lang='grc' dir='ltr'><strong>πεπραγμένον</strong></span> <span class='ocrx_word' id='word_1_136' title='bbox 3454 833 3567 901; x_wconf 78' lang='grc' dir='ltr'>ἔχοι</span> <span class='ocrx_word' id='word_1_137' title='bbox 3595 832 3704 884; x_wconf 90' lang='grc' dir='ltr'><strong>τῶν</strong></span> <span class='ocrx_word' id='word_1_138' title='bbox 3742 832 3990 900; x_wconf 86' lang='grc' dir='ltr'>φαύλων.</span> 
     </span>
    </p>
   </div>
   <div class='ocr_carea' id='block_1_23' title="bbox 2417 922 3990 992">
    <p class='ocr_par' dir='ltr' id='par_1_23' title="bbox 2417 922 3990 992">
     <span class='ocr_line' id='line_1_23' title="bbox 2417 922 3990 992; baseline 0.001 -18"><span class='ocrx_word' id='word_1_139' title='bbox 2417 922 2670 988; x_wconf 75' lang='grc' dir='ltr'><strong>Ἐγένετο</strong></span> <span class='ocrx_word' id='word_1_140' title='bbox 2717 923 2773 974; x_wconf 82' lang='grc' dir='ltr'><strong>δὲ</strong></span> <span class='ocrx_word' id='word_1_141' title='bbox 2825 922 2956 992; x_wconf 80' lang='grc' dir='ltr'>περὶ</span> <span class='ocrx_word' id='word_1_142' title='bbox 3005 923 3181 978; x_wconf 83' lang='grc' dir='ltr'>ταῦτα</span> <span class='ocrx_word' id='word_1_143' title='bbox 3227 925 3320 976; x_wconf 71' lang='grc' dir='ltr'><strong>καὶ</strong></span> <span class='ocrx_word' id='word_1_144' title='bbox 3368 925 3558 989; x_wconf 76' lang='grc' dir='ltr'>ἔτερος</span> <span class='ocrx_word' id='word_1_145' title='bbox 3591 926 3990 992; x_wconf 77' lang='grc' dir='ltr'>ἀκριϐέστερος</span> 
     </span>
    </p>
   </div>
   <div class='ocr_carea' id='block_1_24' title="bbox 2407 1012 3970 1083">
    <p class='ocr_par' dir='ltr' id='par_1_24' title="bbox 2407 1012 3970 1083">
     <span class='ocr_line' id='line_1_24' title="bbox 2407 1012 3970 1083; baseline 0 -19"><span class='ocrx_word' id='word_1_146' title='bbox 2407 1012 2667 1079; x_wconf 76' lang='grc' dir='ltr'>Εύλόγιος</span> <span class='ocrx_word' id='word_1_147' title='bbox 2691 1014 2881 1081; x_wconf 65' lang='grc' dir='ltr'>ὄνομαθ</span> <span class='ocrx_word' id='word_1_148' title='bbox 2905 1014 2964 1066; x_wconf 86' lang='grc' dir='ltr'><strong>δν</strong></span> <span class='ocrx_word' id='word_1_149' title='bbox 2989 1015 3144 1081; x_wconf 82' lang='grc' dir='ltr'>λόγος</span> <span class='ocrx_word' id='word_1_150' title='bbox 3173 1017 3265 1066; x_wconf 73' lang='grc' dir='ltr'><strong>ἐπὶ</strong></span> <span class='ocrx_word' id='word_1_151' title='bbox 3287 1015 3543 1068; x_wconf 71' lang='grc' dir='ltr'>τοσοῦτον</span> <span class='ocrx_word' id='word_1_152' title='bbox 3571 1018 3670 1083; x_wconf 79' lang='grc' dir='ltr'><strong>τὴν</strong></span> <span class='ocrx_word' id='word_1_153' title='bbox 3691 1017 3799 1066; x_wconf 88' lang='grc' dir='ltr'><strong>τῶν</strong></span> <span class='ocrx_word' id='word_1_154' title='bbox 3827 1031 3970 1081; x_wconf 65' lang='grc' dir='ltr'>προσ</span> 
     </span>
    </p>
   </div>
   <div class='ocr_carea' id='block_1_25' title="bbox 2408 1104 3990 1177">
    <p class='ocr_par' dir='ltr' id='par_1_25' title="bbox 2408 1104 3990 1177">
     <span class='ocr_line' id='line_1_25' title="bbox 2408 1104 3990 1177; baseline 0 -22"><span class='ocrx_word' id='word_1_155' title='bbox 2408 1104 2598 1156; x_wconf 80' lang='grc' dir='ltr'>ιόντων</span> <span class='ocrx_word' id='word_1_156' title='bbox 2646 1107 2758 1167; x_wconf 81' lang='grc' dir='ltr'>τοῖς</span> <span class='ocrx_word' id='word_1_157' title='bbox 2810 1106 2980 1169; x_wconf 84' lang='grc' dir='ltr'>θείοις</span> <span class='ocrx_word' id='word_1_158' title='bbox 3035 1109 3358 1177; x_wconf 75' lang='grc' dir='ltr'><strong>μυστηρίοις</strong></span> <span class='ocrx_word' id='word_1_159' title='bbox 3411 1109 3730 1176; x_wconf 70' lang='grc' dir='ltr'><strong>πρόγνωσιν</strong></span> <span class='ocrx_word' id='word_1_160' title='bbox 3793 1109 3942 1175; x_wconf 61' lang='grc' dir='ltr'>σχεῖν</span> <span class='ocrx_word' id='word_1_161' title='bbox 3979 1145 3990 1165; x_wconf 90' lang='grc'><strong>,</strong></span> 
     </span>
    </p>
   </div>
   <div class='ocr_carea' id='block_1_26' title="bbox 2407 1197 3991 1269">
    <p class='ocr_par' dir='ltr' id='par_1_26' title="bbox 2407 1197 3991 1269">
     <span class='ocr_line' id='line_1_26' title="bbox 2407 1197 3991 1269; baseline 0 -21"><span class='ocrx_word' id='word_1_162' title='bbox 2407 1197 2507 1262; x_wconf 73' lang='grc' dir='ltr'>τῆς</span> <span class='ocrx_word' id='word_1_163' title='bbox 2534 1198 2738 1269; x_wconf 78' lang='grc' dir='ltr'>λεπτῆς</span> <span class='ocrx_word' id='word_1_164' title='bbox 2767 1198 2976 1262; x_wconf 88' lang='grc' dir='ltr'>ἐννοίας</span> <span class='ocrx_word' id='word_1_165' title='bbox 3003 1200 3581 1268; x_wconf 75' lang='grc' dir='ltr'>καταστοχαζόμενον,</span> <span class='ocrx_word' id='word_1_166' title='bbox 3614 1198 3689 1258; x_wconf 73' lang='grc' dir='ltr'>ὡς</span> <span class='ocrx_word' id='word_1_167' title='bbox 3719 1198 3792 1266; x_wconf 75' lang='grc' dir='ltr'><strong>μὴ</strong></span> <span class='ocrx_word' id='word_1_168' title='bbox 3825 1198 3991 1266; x_wconf 72' lang='grc' dir='ltr'>μόνον</span> 
     </span>
    </p>
   </div>
   <div class='ocr_carea' id='block_1_27' title="bbox 2407 1289 3994 1360">
    <p class='ocr_par' dir='ltr' id='par_1_27' title="bbox 2407 1289 3994 1360">
     <span class='ocr_line' id='line_1_27' title="bbox 2407 1289 3994 1360; baseline -0.001 -18"><span class='ocrx_word' id='word_1_169' title='bbox 2407 1290 2477 1342; x_wconf 80' lang='grc' dir='ltr'>τὰ</span> <span class='ocrx_word' id='word_1_170' title='bbox 2524 1291 2895 1358; x_wconf 75' lang='grc' dir='ltr'><strong>ἡμαρτημένα</strong></span> <span class='ocrx_word' id='word_1_171' title='bbox 2929 1291 3115 1358; x_wconf 74' lang='grc' dir='ltr'>σαφῶς</span> <span class='ocrx_word' id='word_1_172' title='bbox 3158 1293 3484 1360; x_wconf 75' lang='grc' dir='ltr'><strong>διελέγχειν,</strong></span> <span class='ocrx_word' id='word_1_173' title='bbox 3524 1290 3662 1343; x_wconf 76' lang='grc' dir='ltr'>ἀλλὰ</span> <span class='ocrx_word' id='word_1_174' title='bbox 3699 1291 3790 1341; x_wconf 80' lang='grc' dir='ltr'><strong>καὶ</strong></span> <span class='ocrx_word' id='word_1_175' title='bbox 3835 1289 3903 1341; x_wconf 70' lang='grc' dir='ltr'><strong>τὰ</strong></span> <span class='ocrx_word' id='word_1_176' title='bbox 3936 1291 3994 1340; x_wconf 91' lang='grc' dir='ltr'>ἐν</span> 
     </span>
    </p>
   </div>
   <div class='ocr_carea' id='block_1_28' title="bbox 2413 1381 3995 1454">
    <p class='ocr_par' dir='ltr' id='par_1_28' title="bbox 2413 1381 3995 1454">
     <span class='ocr_line' id='line_1_28' title="bbox 2413 1381 3995 1454; baseline -0.001 -20"><span class='ocrx_word' id='word_1_177' title='bbox 2413 1383 2570 1453; x_wconf 81' lang='grc' dir='ltr'>μυχῷ</span> <span class='ocrx_word' id='word_1_178' title='bbox 2601 1382 2832 1452; x_wconf 80' lang='grc' dir='ltr'>καρδίας</span> <span class='ocrx_word' id='word_1_179' title='bbox 2865 1384 3267 1454; x_wconf 79' lang='grc' dir='ltr'>παραδυόμενα</span> <span class='ocrx_word' id='word_1_180' title='bbox 3317 1385 3536 1452; x_wconf 71' lang='grc' dir='ltr'>ἑκάστῳ</span> <span class='ocrx_word' id='word_1_181' title='bbox 3579 1381 3853 1453; x_wconf 84' lang='grc' dir='ltr'>λαμπρῶς</span> <span class='ocrx_word' id='word_1_182' title='bbox 3880 1381 3995 1433; x_wconf 81' lang='grc' dir='ltr'>διο-</span> 
     </span>
    </p>
   </div>
   <div class='ocr_carea' id='block_1_29' title="bbox 2413 1472 3995 1546">
    <p class='ocr_par' dir='ltr' id='par_1_29' title="bbox 2413 1472 3995 1546">
     <span class='ocr_line' id='line_1_29' title="bbox 2413 1472 3995 1546; baseline 0.006 -21"><span class='ocrx_word' id='word_1_183' title='bbox 2413 1478 2535 1546; x_wconf 79' lang='grc' dir='ltr'>ρᾷν.</span> <span class='ocrx_word' id='word_1_184' title='bbox 2573 1477 2793 1543; x_wconf 83' lang='grc' dir='ltr'>Ἀμέλει</span> <span class='ocrx_word' id='word_1_185' title='bbox 2848 1493 2932 1529; x_wconf 90' lang='grc' dir='ltr'><strong>τοι</strong></span> <span class='ocrx_word' id='word_1_186' title='bbox 2983 1478 3080 1531; x_wconf 75' lang='grc' dir='ltr'>καὶ</span> <span class='ocrx_word' id='word_1_187' title='bbox 3130 1479 3261 1540; x_wconf 85' lang='grc' dir='ltr'>τοὺς</span> <span class='ocrx_word' id='word_1_188' title='bbox 3310 1477 3498 1540; x_wconf 86' lang='grc' dir='ltr'>κακῶς</span> <span class='ocrx_word' id='word_1_189' title='bbox 3546 1476 3924 1546; x_wconf 74' lang='grc' dir='ltr'>πεπραχότας,</span> <span class='ocrx_word' id='word_1_190' title='bbox 3963 1472 3995 1540; x_wconf 80' lang='grc' dir='ltr'><strong>ἧ</strong></span> 
     </span>
    </p>
   </div>
   <div class='ocr_carea' id='block_1_30' title="bbox 2410 1567 3997 1639">
    <p class='ocr_par' dir='ltr' id='par_1_30' title="bbox 2410 1567 3997 1639">
     <span class='ocr_line' id='line_1_30' title="bbox 2410 1567 3997 1639; baseline -0.002 -19"><span class='ocrx_word' id='word_1_191' title='bbox 2410 1570 2541 1639; x_wconf 87' lang='grc' dir='ltr'>περί</span> <span class='ocrx_word' id='word_1_192' title='bbox 2572 1588 2720 1631; x_wconf 89' lang='grc' dir='ltr'>τινος</span> <span class='ocrx_word' id='word_1_193' title='bbox 2754 1571 2975 1638; x_wconf 79' lang='grc' dir='ltr'>φαύλως</span> <span class='ocrx_word' id='word_1_194' title='bbox 3003 1570 3373 1635; x_wconf 80' lang='grc' dir='ltr'><strong>διατεθέντας,</strong></span> <span class='ocrx_word' id='word_1_195' title='bbox 3401 1571 3504 1638; x_wconf 78' lang='grc' dir='ltr'>τῆς</span> <span class='ocrx_word' id='word_1_196' title='bbox 3535 1569 3827 1629; x_wconf 81' lang='grc' dir='ltr'>κοινωνίας</span> <span class='ocrx_word' id='word_1_197' title='bbox 3859 1567 3997 1625; x_wconf 88' lang='grc' dir='ltr'>τέως</span> 
     </span>
    </p>
   </div>
   <div class='ocr_carea' id='block_1_31' title="bbox 2418 1656 3990 1732">
    <p class='ocr_par' dir='ltr' id='par_1_31' title="bbox 2418 1656 3990 1732">
     <span class='ocr_line' id='line_1_31' title="bbox 2418 1656 3990 1732; baseline -0.004 -18"><span class='ocrx_word' id='word_1_198' title='bbox 2418 1663 2678 1732; x_wconf 71' lang='grc' dir='ltr'>ἀπεῖργε.</span> <span class='ocrx_word' id='word_1_199' title='bbox 2713 1662 2850 1731; x_wconf 76' lang='grc' dir='ltr'>δῆλα</span> <span class='ocrx_word' id='word_1_200' title='bbox 2878 1662 2947 1714; x_wconf 80' lang='grc' dir='ltr'>τὰ</span> <span class='ocrx_word' id='word_1_201' title='bbox 2980 1665 3346 1732; x_wconf 82' lang='grc' dir='ltr'>ἡμαρτημένα</span> <span class='ocrx_word' id='word_1_202' title='bbox 3379 1662 3570 1715; x_wconf 89' lang='grc' dir='ltr'>ποιῶν.</span> <span class='ocrx_word' id='word_1_203' title='bbox 3601 1660 3911 1727; x_wconf 75' lang='grc' dir='ltr'>Μεταμέ).ῳ</span> <span class='ocrx_word' id='word_1_204' title='bbox 3941 1656 3990 1708; x_wconf 64' lang='grc' dir='ltr'>δὲ</span> 
     </span>
    </p>
   </div>
   <div class='ocr_carea' id='block_1_32' title="bbox 2411 1749 3964 1820">
    <p class='ocr_par' dir='ltr' id='par_1_32' title="bbox 2411 1749 3964 1820">
     <span class='ocr_line' id='line_1_32' title="bbox 2411 1749 3964 1820; baseline -0.003 -19"><span class='ocrx_word' id='word_1_205' title='bbox 2411 1752 2728 1819; x_wconf 75' lang='grc' dir='ltr'>χρωμένους</span> <span class='ocrx_word' id='word_1_206' title='bbox 2752 1751 2844 1802; x_wconf 71' lang='grc' dir='ltr'><strong>καὶ</strong></span> <span class='ocrx_word' id='word_1_207' title='bbox 2863 1751 3138 1817; x_wconf 73' lang='grc' dir='ltr'>ἀναλόγως</span> <span class='ocrx_word' id='word_1_208' title='bbox 3165 1750 3600 1820; x_wconf 75' lang='grc' dir='ltr'>καθαιρομένους</span> <span class='ocrx_word' id='word_1_209' title='bbox 3628 1749 3784 1810; x_wconf 73' lang='grc' dir='ltr'>αὖθις</span> <span class='ocrx_word' id='word_1_210' title='bbox 3820 1761 3964 1818; x_wconf 80' lang='grc' dir='ltr'>προσ</span> 
     </span>
    </p>
   </div>
   <div class='ocr_carea' id='block_1_33' title="bbox 2427 1841 3990 1911">
    <p class='ocr_par' dir='ltr' id='par_1_33' title="bbox 2427 1841 3990 1911">
     <span class='ocr_line' id='line_1_33' title="bbox 2427 1841 3990 1911; baseline -0.001 -18"><span class='ocrx_word' id='word_1_211' title='bbox 2427 1843 2556 1894; x_wconf 90' lang='grc' dir='ltr'>ίετο.</span> <span class='ocrx_word' id='word_1_212' title='bbox 2608 1843 2730 1894; x_wconf 72' lang='grc' dir='ltr'>Ἐπὶ</span> <span class='ocrx_word' id='word_1_213' title='bbox 2767 1843 2830 1911; x_wconf 84' lang='grc' dir='ltr'>δὴ</span> <span class='ocrx_word' id='word_1_214' title='bbox 2875 1843 3086 1904; x_wconf 81' lang='grc' dir='ltr'>τούτοις</span> <span class='ocrx_word' id='word_1_215' title='bbox 3132 1843 3224 1894; x_wconf 81' lang='grc' dir='ltr'><strong>καὶ</strong></span> <span class='ocrx_word' id='word_1_216' title='bbox 3264 1841 3546 1901; x_wconf 77' lang='grc' dir='ltr'>Ἀπολλὼς</span> <span class='ocrx_word' id='word_1_217' title='bbox 3602 1841 3698 1902; x_wconf 74' lang='grc' dir='ltr'>τὰς</span> <span class='ocrx_word' id='word_1_218' title='bbox 3749 1841 3990 1909; x_wconf 83' lang='grc' dir='ltr'>ἐρημίας</span> 
     </span>
    </p>
   </div>
   <div class='ocr_carea' id='block_1_34' title="bbox 732 1907 2425 2004">
    <p class='ocr_par' dir='ltr' id='par_1_34' title="bbox 732 1907 2425 2003">
     <span class='ocr_line' id='line_1_34' title="bbox 732 1907 2425 2003; baseline -0.001 -19"><span class='ocrx_word' id='word_1_219' title='bbox 732 1935 783 1986; x_wconf 87' lang='lat' dir='ltr'><strong>in</strong></span> <span class='ocrx_word' id='word_1_220' title='bbox 820 1937 1083 2003; x_wconf 82' lang='lat' dir='ltr'><strong>cujusque</strong></span> <span class='ocrx_word' id='word_1_221' title='bbox 1127 1932 1308 1985; x_wconf 84' lang='lat' dir='ltr'><strong>cordis</strong></span> <span class='ocrx_word' id='word_1_222' title='bbox 1335 1947 1552 1986; x_wconf 87' lang='lat' dir='ltr'><strong>recessu</strong></span> <span class='ocrx_word' id='word_1_223' title='bbox 1586 1932 1838 1991; x_wconf 85' lang='lat' dir='ltr'><strong>laterent,</strong></span> <span class='ocrx_word' id='word_1_224' title='bbox 1870 1940 2058 1998; x_wconf 81' lang='lat' dir='ltr'><strong>aperte</strong></span> <span class='ocrx_word' id='word_1_225' title='bbox 2090 1927 2302 1996; x_wconf 85' lang='lat' dir='ltr'><strong>perspi-</strong></span> <span class='ocrx_word' id='word_1_226' title='bbox 2344 1907 2384 1961; x_wconf 67' lang='grc' dir='ltr'><strong><em>Β</em></strong></span> <span class='ocrx_word' id='word_1_227' title='bbox 2413 1933 2425 1983; x_wconf 69' lang='lat' dir='ltr'><strong>i</strong></span> 
     </span>
    </p>
   </div>
   <div class='ocr_carea' id='block_1_35' title="bbox 2284 1907 3977 2004">
    <p class='ocr_par' dir='ltr' id='par_1_35' title="bbox 2284 1907 3977 2004">
     <span class='ocr_line' id='line_1_35' title="bbox 2284 1907 3977 2004; baseline -0.001 -21"><span class='ocrx_word' id='word_1_228' title='bbox 2284 1955 2302 1965; x_wconf 88' lang='lat'><strong>-</strong></span> <span class='ocrx_word' id='word_1_229' title='bbox 2344 1907 2384 1961; x_wconf 68' lang='grc' dir='ltr'><strong><em>Β</em></strong></span> <span class='ocrx_word' id='word_1_230' title='bbox 2413 1932 2711 2000; x_wconf 73' lang='grc' dir='ltr'>ἠσπάζετο,</span> <span class='ocrx_word' id='word_1_231' title='bbox 2747 1907 3138 1993; x_wconf 39' lang='grc' dir='ltr'>δς-ὲπιδαίνων</span> <span class='ocrx_word' id='word_1_232' title='bbox 3161 1932 3322 2004; x_wconf 70' lang='grc' dir='ltr'>ἥϐης,</span> <span class='ocrx_word' id='word_1_233' title='bbox 3355 1933 3415 1983; x_wconf 76' lang='grc' dir='ltr'><strong>τὸ</strong></span> <span class='ocrx_word' id='word_1_234' title='bbox 3448 1907 3977 2000; x_wconf 14' lang='grc' dir='ltr'>φιλοσοφῆν-ἐπήέὁα-</span> 
     </span>
    </p>
   </div>
   <div class='ocr_carea' id='block_1_36' title="bbox 729 2023 2298 2093">
    <p class='ocr_par' dir='ltr' id='par_1_36' title="bbox 729 2023 2298 2093">
     <span class='ocr_line' id='line_1_36' title="bbox 729 2023 2298 2093; baseline -0.006 -13"><span class='ocrx_word' id='word_1_235' title='bbox 729 2033 900 2080; x_wconf 87' lang='lat' dir='ltr'><strong>ceret.</strong></span> <span class='ocrx_word' id='word_1_236' title='bbox 946 2027 1130 2093; x_wconf 85' lang='lat' dir='ltr'><strong>Itaque</strong></span> <span class='ocrx_word' id='word_1_237' title='bbox 1185 2039 1282 2077; x_wconf 91' lang='lat' dir='ltr'><strong>eos</strong></span> <span class='ocrx_word' id='word_1_238' title='bbox 1309 2023 1401 2092; x_wconf 86' lang='lat' dir='ltr'><strong>qui</strong></span> <span class='ocrx_word' id='word_1_239' title='bbox 1471 2023 1593 2075; x_wconf 84' lang='lat' dir='ltr'><strong>mali</strong></span> <span class='ocrx_word' id='word_1_240' title='bbox 1650 2023 1945 2090; x_wconf 89' lang='lat' dir='ltr'><strong>quidquam</strong></span> <span class='ocrx_word' id='word_1_241' title='bbox 1985 2028 2298 2089; x_wconf 85' lang='lat' dir='ltr'><strong>perpetras-</strong></span> 
     </span>
    </p>
   </div>
   <div class='ocr_carea' id='block_1_37' title="bbox 730 2112 2300 2183">
    <p class='ocr_par' dir='ltr' id='par_1_37' title="bbox 730 2112 2300 2183">
     <span class='ocr_line' id='line_1_37' title="bbox 730 2112 2300 2183; baseline -0.003 -14"><span class='ocrx_word' id='word_1_242' title='bbox 730 2127 872 2175; x_wconf 82' lang='lat' dir='ltr'><strong>sent,</strong></span> <span class='ocrx_word' id='word_1_243' title='bbox 908 2124 1001 2167; x_wconf 88' lang='lat' dir='ltr'><strong>aut</strong></span> <span class='ocrx_word' id='word_1_244' title='bbox 1030 2117 1096 2168; x_wconf 89' lang='lat' dir='ltr'><strong>de</strong></span> <span class='ocrx_word' id='word_1_245' title='bbox 1134 2130 1188 2168; x_wconf 88' lang='lat' dir='ltr'><strong>re</strong></span> <span class='ocrx_word' id='word_1_246' title='bbox 1223 2115 1477 2183; x_wconf 90' lang='lat' dir='ltr'><strong>quapiam</strong></span> <span class='ocrx_word' id='word_1_247' title='bbox 1505 2115 1702 2167; x_wconf 88' lang='lat' dir='ltr'><strong>vitiose</strong></span> <span class='ocrx_word' id='word_1_248' title='bbox 1756 2123 1940 2166; x_wconf 88' lang='lat' dir='ltr'><strong>essent</strong></span> <span class='ocrx_word' id='word_1_249' title='bbox 2007 2112 2208 2174; x_wconf 69' lang='lat' dir='ltr'><strong>affecti,</strong></span> <span class='ocrx_word' id='word_1_250' title='bbox 2271 2126 2300 2164; x_wconf 88' lang='lat' dir='ltr'><strong>a</strong></span> 
     </span>
    </p>
   </div>
   <div class='ocr_carea' id='block_1_38' title="bbox 729 2203 2303 2273">
    <p class='ocr_par' dir='ltr' id='par_1_38' title="bbox 729 2203 2303 2273">
     <span class='ocr_line' id='line_1_38' title="bbox 729 2203 2303 2273; baseline 0 -17"><span class='ocrx_word' id='word_1_251' title='bbox 729 2205 1116 2259; x_wconf 78' lang='lat' dir='ltr'><strong>communione</strong></span> <span class='ocrx_word' id='word_1_252' title='bbox 1147 2215 1258 2258; x_wconf 90' lang='lat' dir='ltr'><strong>tum</strong></span> <span class='ocrx_word' id='word_1_253' title='bbox 1285 2206 1526 2268; x_wconf 75' lang='lat' dir='ltr'><strong>arcebat,</strong></span> <span class='ocrx_word' id='word_1_254' title='bbox 1554 2205 1753 2259; x_wconf 84' lang='lat' dir='ltr'><strong>delicta</strong></span> <span class='ocrx_word' id='word_1_255' title='bbox 1780 2219 1968 2256; x_wconf 89' lang='lat' dir='ltr'><strong>eorum</strong></span> <span class='ocrx_word' id='word_1_256' title='bbox 1997 2203 2303 2273; x_wconf 79' lang='lat' dir='ltr'><strong>proferens.</strong></span> 
     </span>
    </p>
   </div>
   <div class='ocr_carea' id='block_1_39' title="bbox 727 2297 2306 2366">
    <p class='ocr_par' dir='ltr' id='par_1_39' title="bbox 727 2297 2306 2366">
     <span class='ocr_line' id='line_1_39' title="bbox 727 2297 2306 2366; baseline -0.001 -17"><span class='ocrx_word' id='word_1_257' title='bbox 727 2299 880 2364; x_wconf 83' lang='lat' dir='ltr'><strong>Quod</strong></span> <span class='ocrx_word' id='word_1_258' title='bbox 917 2299 959 2351; x_wconf 83' lang='lat' dir='ltr'><strong>si</strong></span> <span class='ocrx_word' id='word_1_259' title='bbox 985 2299 1144 2352; x_wconf 90' lang='lat' dir='ltr'><strong>iidem</strong></span> <span class='ocrx_word' id='word_1_260' title='bbox 1180 2297 1498 2366; x_wconf 42' lang='lat' dir='ltr'><strong>pernitentia</strong></span> <span class='ocrx_word' id='word_1_261' title='bbox 1534 2298 1633 2358; x_wconf 89' lang='lat' dir='ltr'><strong>usi,</strong></span> <span class='ocrx_word' id='word_1_262' title='bbox 1672 2313 1769 2366; x_wconf 90' lang='lat' dir='ltr'><strong>pro</strong></span> <span class='ocrx_word' id='word_1_263' title='bbox 1797 2312 1861 2350; x_wconf 90' lang='lat' dir='ltr'><strong>eo</strong></span> <span class='ocrx_word' id='word_1_264' title='bbox 1903 2307 2067 2365; x_wconf 85' lang='lat' dir='ltr'><strong>atque</strong></span> <span class='ocrx_word' id='word_1_265' title='bbox 2107 2311 2306 2349; x_wconf 86' lang='lat' dir='ltr'><strong>conve-</strong></span> 
     </span>
    </p>
   </div>
   <div class='ocr_carea' id='block_1_40' title="bbox 731 2387 2308 2460">
    <p class='ocr_par' dir='ltr' id='par_1_40' title="bbox 731 2387 2308 2460">
     <span class='ocr_line' id='line_1_40' title="bbox 731 2387 2308 2460; baseline -0.001 -17"><span class='ocrx_word' id='word_1_266' title='bbox 731 2393 826 2455; x_wconf 84' lang='lat' dir='ltr'><strong>uit,</strong></span> <span class='ocrx_word' id='word_1_267' title='bbox 862 2406 919 2444; x_wconf 90' lang='lat' dir='ltr'><strong>se</strong></span> <span class='ocrx_word' id='word_1_268' title='bbox 957 2402 1297 2460; x_wconf 77' lang='lat' dir='ltr'><strong>purgassem,</strong></span> <span class='ocrx_word' id='word_1_269' title='bbox 1329 2405 1520 2443; x_wconf 81' lang='lat' dir='ltr'><strong>rursus</strong></span> <span class='ocrx_word' id='word_1_270' title='bbox 1553 2391 1898 2443; x_wconf 75' lang='lat' dir='ltr'><strong>admittebat.</strong></span> <span class='ocrx_word' id='word_1_271' title='bbox 1961 2390 2163 2442; x_wconf 79' lang='lat' dir='ltr'><strong>Praeter</strong></span> <span class='ocrx_word' id='word_1_272' title='bbox 2209 2387 2308 2442; x_wconf 87' lang='lat' dir='ltr'><strong>hos</strong></span> 
     </span>
    </p>
   </div>
   <div class='ocr_carea' id='block_1_41' title="bbox 725 2484 2307 2553">
    <p class='ocr_par' dir='ltr' id='par_1_41' title="bbox 725 2484 2307 2553">
     <span class='ocr_line' id='line_1_41' title="bbox 725 2484 2307 2553; baseline -0.002 -15"><span class='ocrx_word' id='word_1_273' title='bbox 725 2495 778 2538; x_wconf 88' lang='lat' dir='ltr'><strong>et</strong></span> <span class='ocrx_word' id='word_1_274' title='bbox 801 2485 1018 2553; x_wconf 77' lang='lat' dir='ltr'><strong>Apollos</strong></span> <span class='ocrx_word' id='word_1_275' title='bbox 1049 2487 1193 2538; x_wconf 87' lang='lat' dir='ltr'><strong>solos</strong></span> <span class='ocrx_word' id='word_1_276' title='bbox 1225 2485 1372 2538; x_wconf 87' lang='lat' dir='ltr'><strong>locos</strong></span> <span class='ocrx_word' id='word_1_277' title='bbox 1405 2485 1654 2547; x_wconf 87' lang='lat' dir='ltr'><strong>incoluit,</strong></span> <span class='ocrx_word' id='word_1_278' title='bbox 1700 2485 1791 2552; x_wconf 90' lang='lat' dir='ltr'><strong>qui</strong></span> <span class='ocrx_word' id='word_1_279' title='bbox 1822 2497 1996 2536; x_wconf 89' lang='lat' dir='ltr'><strong>annos</strong></span> <span class='ocrx_word' id='word_1_280' title='bbox 2049 2484 2307 2551; x_wconf 84' lang='lat' dir='ltr'><strong>puberta-</strong></span> 
     </span>
    </p>
   </div>
   <div class='ocr_carea' id='block_1_42' title="bbox 732 2577 2307 2647">
    <p class='ocr_par' dir='ltr' id='par_1_42' title="bbox 732 2577 2307 2647">
     <span class='ocr_line' id='line_1_42' title="bbox 732 2577 2307 2647; baseline -0.001 -18"><span class='ocrx_word' id='word_1_281' title='bbox 732 2579 1131 2647; x_wconf 80' lang='lat' dir='ltr'><strong>tisingressus.</strong></span> <span class='ocrx_word' id='word_1_282' title='bbox 1189 2579 1544 2631; x_wconf 85' lang='lat' dir='ltr'><strong>monasticam</strong></span> <span class='ocrx_word' id='word_1_283' title='bbox 1579 2577 1954 2645; x_wconf 81' lang='lat' dir='ltr'><strong>pltilOSOpltari</strong></span> <span class='ocrx_word' id='word_1_284' title='bbox 1992 2586 2154 2644; x_wconf 90' lang='lat' dir='ltr'><strong>atque</strong></span> <span class='ocrx_word' id='word_1_285' title='bbox 2213 2591 2307 2627; x_wconf 78' lang='lat' dir='ltr'><strong>ex-</strong></span> 
     </span>
    </p>
   </div>
   <div class='ocr_carea' id='block_1_43' title="bbox 726 2669 2304 2740">
    <p class='ocr_par' dir='ltr' id='par_1_43' title="bbox 726 2669 2304 2740">
     <span class='ocr_line' id='line_1_43' title="bbox 726 2669 2304 2740; baseline -0.003 -16"><span class='ocrx_word' id='word_1_286' title='bbox 726 2686 915 2724; x_wconf 75' lang='lat' dir='ltr'><strong>ercere</strong></span> <span class='ocrx_word' id='word_1_287' title='bbox 940 2672 1128 2740; x_wconf 73' lang='lat' dir='ltr'><strong>cmpit.</strong></span> <span class='ocrx_word' id='word_1_288' title='bbox 1169 2671 1380 2724; x_wconf 84' lang='lat' dir='ltr'><strong>Etcum</strong></span> <span class='ocrx_word' id='word_1_289' title='bbox 1416 2672 1573 2724; x_wconf 88' lang='lat' dir='ltr'><strong>annis</strong></span> <span class='ocrx_word' id='word_1_290' title='bbox 1598 2669 1960 2739; x_wconf 79' lang='lat' dir='ltr'><strong>quadraginta</strong></span> <span class='ocrx_word' id='word_1_291' title='bbox 2028 2669 2082 2722; x_wconf 86' lang='lat' dir='ltr'><strong>in</strong></span> <span class='ocrx_word' id='word_1_292' title='bbox 2112 2669 2304 2721; x_wconf 83' lang='lat' dir='ltr'><strong>Solitu-</strong></span> 
     </span>
    </p>
   </div>
   <div class='ocr_carea' id='block_1_44' title="bbox 727 2760 2304 2831">
    <p class='ocr_par' dir='ltr' id='par_1_44' title="bbox 727 2760 2304 2831">
     <span class='ocr_line' id='line_1_44' title="bbox 727 2760 2304 2831; baseline -0.003 -15"><span class='ocrx_word' id='word_1_293' title='bbox 727 2763 857 2817; x_wconf 87' lang='lat' dir='ltr'><strong>diue</strong></span> <span class='ocrx_word' id='word_1_294' title='bbox 888 2771 1132 2816; x_wconf 85' lang='lat' dir='ltr'><strong>versatus</strong></span> <span class='ocrx_word' id='word_1_295' title='bbox 1158 2773 1323 2824; x_wconf 84' lang='lat' dir='ltr'><strong>esset,</strong></span> <span class='ocrx_word' id='word_1_296' title='bbox 1387 2762 1702 2831; x_wconf 79' lang='lat' dir='ltr'><strong>spelunCam</strong></span> <span class='ocrx_word' id='word_1_297' title='bbox 1754 2760 2046 2830; x_wconf 84' lang='lat' dir='ltr'><strong>quamdam</strong></span> <span class='ocrx_word' id='word_1_298' title='bbox 2090 2769 2304 2812; x_wconf 87' lang='lat' dir='ltr'><strong>monta-</strong></span> 
     </span>
    </p>
   </div>
   <div class='ocr_carea' id='block_1_45' title="bbox 727 2849 2305 2922">
    <p class='ocr_par' dir='ltr' id='par_1_45' title="bbox 727 2849 2305 2922">
     <span class='ocr_line' id='line_1_45' title="bbox 727 2849 2305 2922; baseline -0.002 -16"><span class='ocrx_word' id='word_1_299' title='bbox 727 2869 851 2906; x_wconf 90' lang='lat' dir='ltr'><strong>nam</strong></span> <span class='ocrx_word' id='word_1_300' title='bbox 914 2868 1082 2922; x_wconf 83' lang='lat' dir='ltr'><strong>prope</strong></span> <span class='ocrx_word' id='word_1_301' title='bbox 1154 2853 1506 2907; x_wconf 81' lang='lat' dir='ltr'><strong>habitabilcm</strong></span> <span class='ocrx_word' id='word_1_302' title='bbox 1577 2852 1813 2920; x_wconf 78' lang='lat' dir='ltr'><strong>regionis</strong></span> <span class='ocrx_word' id='word_1_303' title='bbox 1881 2862 2111 2920; x_wconf 86' lang='lat' dir='ltr'><strong>partem,</strong></span> <span class='ocrx_word' id='word_1_304' title='bbox 2209 2849 2305 2904; x_wconf 88' lang='lat' dir='ltr'><strong>Dei</strong></span> 
     </span>
    </p>
   </div>
   <div class='ocr_carea' id='block_1_46' title="bbox 729 2941 2305 3014">
    <p class='ocr_par' dir='ltr' id='par_1_46' title="bbox 729 2941 2305 3014">
     <span class='ocr_line' id='line_1_46' title="bbox 729 2941 2305 3014; baseline 0.001 -21"><span class='ocrx_word' id='word_1_305' title='bbox 729 2958 994 3014; x_wconf 80' lang='lat' dir='ltr'><strong>responso</strong></span> <span class='ocrx_word' id='word_1_306' title='bbox 1025 2944 1357 3008; x_wconf 69' lang='lat' dir='ltr'><strong>admonitus,</strong></span> <span class='ocrx_word' id='word_1_307' title='bbox 1418 2944 1610 3004; x_wconf 89' lang='lat' dir='ltr'><strong>subiit,</strong></span> <span class='ocrx_word' id='word_1_308' title='bbox 1681 2953 1847 3010; x_wconf 86' lang='lat' dir='ltr'><strong>atque</strong></span> <span class='ocrx_word' id='word_1_309' title='bbox 1884 2942 1958 2996; x_wconf 90' lang='lat' dir='ltr'><strong>ibi</strong></span> <span class='ocrx_word' id='word_1_310' title='bbox 2015 2941 2305 2997; x_wconf 83' lang='lat' dir='ltr'><strong>habitavit.</strong></span> 
     </span>
    </p>
   </div>
   <div class='ocr_carea' id='block_1_47' title="bbox 732 3034 2306 3105">
    <p class='ocr_par' dir='ltr' id='par_1_47' title="bbox 732 3034 2306 3105">
     <span class='ocr_line' id='line_1_47' title="bbox 732 3034 2306 3105; baseline -0.001 -16"><span class='ocrx_word' id='word_1_311' title='bbox 732 3037 987 3090; x_wconf 79' lang='lat' dir='ltr'><strong>Plurimis</strong></span> <span class='ocrx_word' id='word_1_312' title='bbox 1011 3052 1140 3090; x_wconf 89' lang='lat' dir='ltr'><strong>vero</strong></span> <span class='ocrx_word' id='word_1_313' title='bbox 1168 3036 1448 3090; x_wconf 60' lang='lat' dir='ltr'><strong>miraculis</strong></span> <span class='ocrx_word' id='word_1_314' title='bbox 1481 3037 1802 3105; x_wconf 70' lang='lat' dir='ltr'><strong>praeclaram</strong></span> <span class='ocrx_word' id='word_1_315' title='bbox 1832 3035 2028 3087; x_wconf 81' lang='lat' dir='ltr'><strong>famam</strong></span> <span class='ocrx_word' id='word_1_316' title='bbox 2053 3034 2306 3102; x_wconf 84' lang='lat' dir='ltr'><strong>adeptus,</strong></span> 
     </span>
    </p>
   </div>
   <div class='ocr_carea' id='block_1_48' title="bbox 731 3126 2304 3196">
    <p class='ocr_par' dir='ltr' id='par_1_48' title="bbox 731 3126 2304 3196">
     <span class='ocr_line' id='line_1_48' title="bbox 731 3126 2304 3196; baseline -0.001 -16"><span class='ocrx_word' id='word_1_317' title='bbox 731 3130 934 3180; x_wconf 87' lang='lat' dir='ltr'><strong>multos</strong></span> <span class='ocrx_word' id='word_1_318' title='bbox 966 3130 1031 3180; x_wconf 88' lang='lat' dir='ltr'><strong>ad</strong></span> <span class='ocrx_word' id='word_1_319' title='bbox 1067 3142 1124 3180; x_wconf 88' lang='lat' dir='ltr'><strong>se</strong></span> <span class='ocrx_word' id='word_1_320' title='bbox 1156 3129 1441 3196; x_wconf 86' lang='lat' dir='ltr'><strong>pertraxit,</strong></span> <span class='ocrx_word' id='word_1_321' title='bbox 1481 3138 1532 3181; x_wconf 86' lang='lat' dir='ltr'><strong>et</strong></span> <span class='ocrx_word' id='word_1_322' title='bbox 1567 3131 1958 3181; x_wconf 90' lang='lat' dir='ltr'><strong>monachorum</strong></span> <span class='ocrx_word' id='word_1_323' title='bbox 2010 3126 2304 3180; x_wconf 88' lang='lat' dir='ltr'><strong>multorum</strong></span> 
     </span>
    </p>
   </div>
   <div class='ocr_carea' id='block_1_49' title="bbox 2410 2023 3989 2093">
    <p class='ocr_par' dir='ltr' id='par_1_49' title="bbox 2410 2023 3989 2093">
     <span class='ocr_line' id='line_1_49' title="bbox 2410 2023 3989 2093; baseline -0.003 -17"><span class='ocrx_word' id='word_1_324' title='bbox 2410 2026 2519 2076; x_wconf 91' lang='grc' dir='ltr'>λεν.</span> <span class='ocrx_word' id='word_1_325' title='bbox 2552 2025 2686 2093; x_wconf 83' lang='grc' dir='ltr'>Ἔτη</span> <span class='ocrx_word' id='word_1_326' title='bbox 2731 2023 2786 2074; x_wconf 79' lang='grc' dir='ltr'>δὲ</span> <span class='ocrx_word' id='word_1_327' title='bbox 2825 2024 3079 2092; x_wconf 68' lang='grc' dir='ltr'>τετράκις</span> <span class='ocrx_word' id='word_1_328' title='bbox 3123 2025 3257 2076; x_wconf 88' lang='grc' dir='ltr'>δέκα</span> <span class='ocrx_word' id='word_1_329' title='bbox 3298 2023 3590 2092; x_wconf 70' lang='grc' dir='ltr'>διατρίψας</span> <span class='ocrx_word' id='word_1_330' title='bbox 3623 2024 3724 2092; x_wconf 78' lang='grc' dir='ltr'>τὴν</span> <span class='ocrx_word' id='word_1_331' title='bbox 3758 2023 3989 2092; x_wconf 76' lang='grc' dir='ltr'>ἔρημον,</span> 
     </span>
    </p>
   </div>
   <div class='ocr_carea' id='block_1_50' title="bbox 2417 2114 3990 2184">
    <p class='ocr_par' dir='ltr' id='par_1_50' title="bbox 2417 2114 3990 2184">
     <span class='ocr_line' id='line_1_50' title="bbox 2417 2114 3990 2184; baseline -0.002 -16"><span class='ocrx_word' id='word_1_332' title='bbox 2417 2116 2682 2183; x_wconf 74' lang='grc' dir='ltr'>σπήλαιόν</span> <span class='ocrx_word' id='word_1_333' title='bbox 2743 2132 2794 2166; x_wconf 91' lang='grc' dir='ltr'><strong>τι</strong></span> <span class='ocrx_word' id='word_1_334' title='bbox 2846 2117 3024 2184; x_wconf 77' lang='grc' dir='ltr'>ὄρειον</span> <span class='ocrx_word' id='word_1_335' title='bbox 3082 2115 3176 2184; x_wconf 86' lang='grc' dir='ltr'><strong>τῆς</strong></span> <span class='ocrx_word' id='word_1_336' title='bbox 3235 2115 3564 2184; x_wconf 68' lang='grc' dir='ltr'>οἰκουμένης</span> <span class='ocrx_word' id='word_1_337' title='bbox 3621 2115 3810 2183; x_wconf 68' lang='grc' dir='ltr'>ἐγγὺς,</span> <span class='ocrx_word' id='word_1_338' title='bbox 3851 2114 3990 2166; x_wconf 70' lang='grc' dir='ltr'>Θεοῦ</span> 
     </span>
    </p>
   </div>
   <div class='ocr_carea' id='block_1_51' title="bbox 2412 2206 3994 2279">
    <p class='ocr_par' dir='ltr' id='par_1_51' title="bbox 2412 2206 3994 2279">
     <span class='ocr_line' id='line_1_51' title="bbox 2412 2206 3994 2279; baseline -0.001 -21"><span class='ocrx_word' id='word_1_339' title='bbox 2412 2211 2739 2279; x_wconf 72' lang='grc' dir='ltr'>χρήσαντος,</span> <span class='ocrx_word' id='word_1_340' title='bbox 2783 2207 2991 2262; x_wconf 86' lang='grc' dir='ltr'>κατιὼν</span> <span class='ocrx_word' id='word_1_341' title='bbox 3026 2208 3383 2271; x_wconf 79' lang='grc' dir='ltr'>εἰσοικίςεται</span> <span class='ocrx_word' id='word_1_342' title='bbox 3414 2225 3428 2240; x_wconf 77' lang='grc' dir='ltr'><strong>ο</strong></span> <span class='ocrx_word' id='word_1_343' title='bbox 3463 2207 3708 2276; x_wconf 69' lang='grc' dir='ltr'>θαύμασι</span> <span class='ocrx_word' id='word_1_344' title='bbox 3749 2207 3803 2259; x_wconf 81' lang='grc' dir='ltr'>δὲ</span> <span class='ocrx_word' id='word_1_345' title='bbox 3838 2206 3994 2258; x_wconf 73' lang='grc' dir='ltr'>τελεῖ·</span> 
     </span>
    </p>
   </div>
   <div class='ocr_carea' id='block_1_52' title="bbox 2415 2299 3995 2368">
    <p class='ocr_par' dir='ltr' id='par_1_52' title="bbox 2415 2299 3995 2368">
     <span class='ocr_line' id='line_1_52' title="bbox 2415 2299 3995 2368; baseline -0.002 -17"><span class='ocrx_word' id='word_1_346' title='bbox 2415 2317 2562 2360; x_wconf 88' lang='grc' dir='ltr'>στοις</span> <span class='ocrx_word' id='word_1_347' title='bbox 2623 2300 2926 2368; x_wconf 71' lang='grc' dir='ltr'>κατάδηλος</span> <span class='ocrx_word' id='word_1_348' title='bbox 2985 2301 3121 2352; x_wconf 84' lang='grc' dir='ltr'>πᾶσι</span> <span class='ocrx_word' id='word_1_349' title='bbox 3180 2301 3504 2367; x_wconf 78' lang='grc' dir='ltr'>γενόμενος,</span> <span class='ocrx_word' id='word_1_350' title='bbox 3567 2299 3799 2362; x_wconf 69' lang='grc' dir='ltr'>πολλοὺς</span> <span class='ocrx_word' id='word_1_351' title='bbox 3855 2299 3995 2367; x_wconf 71' lang='grc' dir='ltr'>πρὸς</span> 
     </span>
    </p>
   </div>
   <div class='ocr_carea' id='block_1_53' title="bbox 2414 2391 3996 2461">
    <p class='ocr_par' dir='ltr' id='par_1_53' title="bbox 2414 2391 3996 2461">
     <span class='ocr_line' id='line_1_53' title="bbox 2414 2391 3996 2461; baseline -0.003 -17"><span class='ocrx_word' id='word_1_352' title='bbox 2414 2392 2607 2446; x_wconf 69' lang='grc' dir='ltr'>ἐαυτὸν</span> <span class='ocrx_word' id='word_1_353' title='bbox 2640 2393 3017 2454; x_wconf 73' lang='grc' dir='ltr'>ἐπεσπάσατο,</span> <span class='ocrx_word' id='word_1_354' title='bbox 3053 2392 3151 2442; x_wconf 77' lang='grc' dir='ltr'><strong>καὶ</strong></span> <span class='ocrx_word' id='word_1_355' title='bbox 3186 2392 3526 2461; x_wconf 66' lang='grc' dir='ltr'>καθηγεμὼν</span> <span class='ocrx_word' id='word_1_356' title='bbox 3565 2391 3780 2443; x_wconf 78' lang='grc' dir='ltr'>πολλῶν</span> <span class='ocrx_word' id='word_1_357' title='bbox 3823 2408 3996 2458; x_wconf 86' lang='grc' dir='ltr'>μονα-</span> 
     </span>
    </p>
   </div>
   <div class='ocr_carea' id='block_1_54' title="bbox 2414 2480 3997 2554">
    <p class='ocr_par' dir='ltr' id='par_1_54' title="bbox 2414 2480 3997 2554">
     <span class='ocr_line' id='line_1_54' title="bbox 2414 2480 3997 2554; baseline -0.002 -17"><span class='ocrx_word' id='word_1_358' title='bbox 2414 2485 2524 2554; x_wconf 82' lang='grc' dir='ltr'>χῶν</span> <span class='ocrx_word' id='word_1_359' title='bbox 2561 2487 2792 2552; x_wconf 85' lang='grc' dir='ltr'>γίνεται.</span> <span class='ocrx_word' id='word_1_360' title='bbox 2818 2482 2927 2538; x_wconf 86' lang='grc' dir='ltr'><strong>Ἦν</strong></span> <span class='ocrx_word' id='word_1_361' title='bbox 2958 2485 3067 2554; x_wconf 78' lang='grc' dir='ltr'><strong>γὰρ</strong></span> <span class='ocrx_word' id='word_1_362' title='bbox 3093 2485 3242 2554; x_wconf 85' lang='grc' dir='ltr'>αὐτῷ</span> <span class='ocrx_word' id='word_1_363' title='bbox 3283 2486 3374 2537; x_wconf 75' lang='grc' dir='ltr'><strong>καὶ</strong></span> <span class='ocrx_word' id='word_1_364' title='bbox 3407 2480 3537 2554; x_wconf 78' lang='grc' dir='ltr'>ἦθος</span> <span class='ocrx_word' id='word_1_365' title='bbox 3565 2483 3857 2550; x_wconf 69' lang='grc' dir='ltr'>ἐπαγωγδν</span> <span class='ocrx_word' id='word_1_366' title='bbox 3892 2485 3997 2551; x_wconf 80' lang='grc' dir='ltr'><strong>μά-</strong></span> 
     </span>
    </p>
   </div>
   <div class='ocr_carea' id='block_1_55' title="bbox 2414 2572 3997 2645">
    <p class='ocr_par' dir='ltr' id='par_1_55' title="bbox 2414 2572 3997 2645">
     <span class='ocr_line' id='line_1_55' title="bbox 2414 2572 3997 2645; baseline -0.001 -17"><span class='ocrx_word' id='word_1_367' title='bbox 2414 2577 2570 2629; x_wconf 83' lang='grc' dir='ltr'>λιστα</span> <span class='ocrx_word' id='word_1_368' title='bbox 2599 2580 2718 2639; x_wconf 78' lang='grc' dir='ltr'>ταῖς</span> <span class='ocrx_word' id='word_1_369' title='bbox 2769 2577 3148 2639; x_wconf 76' lang='grc' dir='ltr'>διδασκαλίαις</span> <span class='ocrx_word' id='word_1_370' title='bbox 3199 2577 3631 2645; x_wconf 75' lang='grc' dir='ltr'>ἐπικαθήμενον.</span> <span class='ocrx_word' id='word_1_371' title='bbox 3669 2576 3816 2640; x_wconf 62' lang='grc' dir='ltr'>Πλὴν</span> <span class='ocrx_word' id='word_1_372' title='bbox 3875 2572 3997 2626; x_wconf 77' lang='grc' dir='ltr'>ἀλλ’</span> 
     </span>
    </p>
   </div>
   <div class='ocr_carea' id='block_1_56' title="bbox 2410 2665 3998 2736">
    <p class='ocr_par' dir='ltr' id='par_1_56' title="bbox 2410 2665 3998 2736">
     <span class='ocr_line' id='line_1_56' title="bbox 2410 2665 3998 2736; baseline -0.003 -16"><span class='ocrx_word' id='word_1_373' title='bbox 2410 2668 2573 2721; x_wconf 81' lang='grc' dir='ltr'>ὁποία</span> <span class='ocrx_word' id='word_1_374' title='bbox 2611 2667 2709 2736; x_wconf 88' lang='grc' dir='ltr'><strong>μέν</strong></span> <span class='ocrx_word' id='word_1_375' title='bbox 2743 2667 2894 2735; x_wconf 87' lang='grc' dir='ltr'>αύτῷ</span> <span class='ocrx_word' id='word_1_376' title='bbox 2923 2669 2957 2736; x_wconf 85' lang='grc' dir='ltr'><strong>ή</strong></span> <span class='ocrx_word' id='word_1_377' title='bbox 3002 2667 3144 2718; x_wconf 73' lang='grc' dir='ltr'>κατὰ</span> <span class='ocrx_word' id='word_1_378' title='bbox 3191 2666 3324 2719; x_wconf 83' lang='grc' dir='ltr'>Θεὸν</span> <span class='ocrx_word' id='word_1_379' title='bbox 3360 2668 3576 2736; x_wconf 78' lang='grc' dir='ltr'>ἀγωγὴ,</span> <span class='ocrx_word' id='word_1_380' title='bbox 3619 2667 3714 2717; x_wconf 72' lang='grc' dir='ltr'><strong>καὶ</strong></span> <span class='ocrx_word' id='word_1_381' title='bbox 3749 2667 3850 2717; x_wconf 83' lang='grc' dir='ltr'>ὅσα</span> <span class='ocrx_word' id='word_1_382' title='bbox 3885 2665 3998 2716; x_wconf 90' lang='grc' dir='ltr'>τῶν</span> 
     </span>
    </p>
   </div>
   <div class='ocr_carea' id='block_1_57' title="bbox 2413 2757 3996 2832">
    <p class='ocr_par' dir='ltr' id='par_1_57' title="bbox 2413 2757 3996 2832">
     <span class='ocr_line' id='line_1_57' title="bbox 2413 2757 3996 2832; baseline -0.003 -19"><span class='ocrx_word' id='word_1_383' title='bbox 2413 2761 2734 2832; x_wconf 67' lang='grc' dir='ltr'>παραδόξων</span> <span class='ocrx_word' id='word_1_384' title='bbox 2781 2761 3074 2829; x_wconf 85' lang='grc' dir='ltr'>διενεργῶν</span> <span class='ocrx_word' id='word_1_385' title='bbox 3129 2760 3258 2822; x_wconf 75' lang='grc' dir='ltr'>τοὺς</span> <span class='ocrx_word' id='word_1_386' title='bbox 3311 2759 3616 2829; x_wconf 74' lang='grc' dir='ltr'>τηνικαῦτα</span> <span class='ocrx_word' id='word_1_387' title='bbox 3667 2757 3996 2826; x_wconf 74' lang='grc' dir='ltr'>ἐξέπληττε,</span> 
     </span>
    </p>
   </div>
   <div class='ocr_carea' id='block_1_58' title="bbox 2412 2849 3997 2920">
    <p class='ocr_par' dir='ltr' id='par_1_58' title="bbox 2412 2849 3997 2920">
     <span class='ocr_line' id='line_1_58' title="bbox 2412 2849 3997 2920; baseline -0.004 -16"><span class='ocrx_word' id='word_1_388' title='bbox 2412 2850 2676 2918; x_wconf 85' lang='grc' dir='ltr'>Τιμόθεος</span> <span class='ocrx_word' id='word_1_389' title='bbox 2731 2851 2760 2902; x_wconf 84' lang='grc' dir='ltr'><strong>δ</strong></span> <span class='ocrx_word' id='word_1_390' title='bbox 2813 2850 2912 2915; x_wconf 84' lang='grc' dir='ltr'>τὴν</span> <span class='ocrx_word' id='word_1_391' title='bbox 2974 2849 3376 2920; x_wconf 78' lang='grc' dir='ltr'>’Δλεξανδρέων</span> <span class='ocrx_word' id='word_1_392' title='bbox 3443 2849 3742 2918; x_wconf 77' lang='grc' dir='ltr'>ἐκκλησίαν</span> <span class='ocrx_word' id='word_1_393' title='bbox 3805 2849 3997 2909; x_wconf 78' lang='grc' dir='ltr'>ίθύνας</span> 
     </span>
    </p>
   </div>
   <div class='ocr_carea' id='block_1_59' title="bbox 2413 2939 3998 3012">
    <p class='ocr_par' dir='ltr' id='par_1_59' title="bbox 2413 2939 3998 3012">
     <span class='ocr_line' id='line_1_59' title="bbox 2413 2939 3998 3012; baseline -0.002 -17"><span class='ocrx_word' id='word_1_394' title='bbox 2413 2942 2678 3010; x_wconf 77' lang='grc' dir='ltr'>θεοφιλῶς</span> <span class='ocrx_word' id='word_1_395' title='bbox 2714 2943 2820 3011; x_wconf 73' lang='grc' dir='ltr'>ἰδία</span> <span class='ocrx_word' id='word_1_396' title='bbox 2854 2944 3143 3011; x_wconf 80' lang='grc' dir='ltr'>συγγραφῇ</span> <span class='ocrx_word' id='word_1_397' title='bbox 3173 2941 3524 3012; x_wconf 75' lang='grc' dir='ltr'>περιέλαϐενο</span> <span class='ocrx_word' id='word_1_398' title='bbox 3553 2942 3610 2992; x_wconf 92' lang='grc' dir='ltr'><strong>ἐν</strong></span> <span class='ocrx_word' id='word_1_399' title='bbox 3634 2939 3676 3005; x_wconf 76' lang='grc' dir='ltr'>ᾧ</span> <span class='ocrx_word' id='word_1_400' title='bbox 3705 2939 3804 2992; x_wconf 80' lang='grc' dir='ltr'><strong>οὐκ</strong></span> <span class='ocrx_word' id='word_1_401' title='bbox 3829 2939 3998 2992; x_wconf 83' lang='grc' dir='ltr'>αὐτοῦ</span> 
     </span>
    </p>
   </div>
   <div class='ocr_carea' id='block_1_60' title="bbox 2418 3032 3999 3104">
    <p class='ocr_par' dir='ltr' id='par_1_60' title="bbox 2418 3032 3999 3104">
     <span class='ocr_line' id='line_1_60' title="bbox 2418 3032 3999 3104; baseline -0.002 -18"><span class='ocrx_word' id='word_1_402' title='bbox 2418 3035 2606 3104; x_wconf 87' lang='grc' dir='ltr'>μόνου,</span> <span class='ocrx_word' id='word_1_403' title='bbox 2667 3034 2804 3087; x_wconf 84' lang='grc' dir='ltr'>ἀλλὰ</span> <span class='ocrx_word' id='word_1_404' title='bbox 2869 3035 2962 3086; x_wconf 78' lang='grc' dir='ltr'>καὶ</span> <span class='ocrx_word' id='word_1_405' title='bbox 3020 3034 3196 3087; x_wconf 78' lang='grc' dir='ltr'>ἄλλων</span> <span class='ocrx_word' id='word_1_406' title='bbox 3255 3033 3469 3085; x_wconf 81' lang='grc' dir='ltr'>πολλῶν</span> <span class='ocrx_word' id='word_1_407' title='bbox 3527 3035 3622 3084; x_wconf 50' lang='grc' dir='ltr'>καὶ</span> <span class='ocrx_word' id='word_1_408' title='bbox 3673 3032 3999 3101; x_wconf 86' lang='grc' dir='ltr'>θαυμασίων</span> 
     </span>
    </p>
   </div>
   <div class='ocr_carea' id='block_1_61' title="bbox 2416 3126 2928 3196">
    <p class='ocr_par' dir='ltr' id='par_1_61' title="bbox 2416 3126 2928 3196">
     <span class='ocr_line' id='line_1_61' title="bbox 2416 3126 2928 3196; baseline 0.01 -18"><span class='ocrx_word' id='word_1_409' title='bbox 2416 3126 2664 3196; x_wconf 79' lang='grc' dir='ltr'>ἐμνήσθη</span> <span class='ocrx_word' id='word_1_410' title='bbox 2697 3127 2928 3195; x_wconf 83' lang='grc' dir='ltr'>ἀνδρῶν.</span> 
     </span>
    </p>
   </div>
   <div class='ocr_carea' id='block_1_62' title="bbox 729 3215 4001 3289">
    <p class='ocr_par' dir='ltr' id='par_1_62' title="bbox 729 3215 4001 3289">
     <span class='ocr_line' id='line_1_62' title="bbox 729 3215 4001 3289; baseline -0.002 -15"><span class='ocrx_word' id='word_1_411' title='bbox 729 3233 920 3276; x_wconf 86' lang='lat' dir='ltr'><strong>auctor</strong></span> <span class='ocrx_word' id='word_1_412' title='bbox 950 3232 1000 3276; x_wconf 88' lang='lat' dir='ltr'><strong>et</strong></span> <span class='ocrx_word' id='word_1_413' title='bbox 1039 3223 1146 3276; x_wconf 84' lang='lat' dir='ltr'><strong>dux</strong></span> <span class='ocrx_word' id='word_1_414' title='bbox 1197 3223 1317 3276; x_wconf 83' lang='lat' dir='ltr'><strong>luit.</strong></span> <span class='ocrx_word' id='word_1_415' title='bbox 1346 3222 1678 3276; x_wconf 87' lang='lat' dir='ltr'><strong>Erantenim</strong></span> <span class='ocrx_word' id='word_1_416' title='bbox 1733 3223 1783 3274; x_wconf 92' lang='lat' dir='ltr'><strong>in</strong></span> <span class='ocrx_word' id='word_1_417' title='bbox 1813 3221 2060 3275; x_wconf 87' lang='lat' dir='ltr'><strong>moribus</strong></span> <span class='ocrx_word' id='word_1_418' title='bbox 2093 3235 2315 3289; x_wconf 89' lang='lat' dir='ltr'><strong>quoque</strong></span> <span class='ocrx_word' id='word_1_419' title='bbox 2357 3220 2479 3289; x_wconf 88' lang='lat' dir='ltr'><strong>ejus</strong></span> <span class='ocrx_word' id='word_1_420' title='bbox 2543 3221 2816 3275; x_wconf 58' lang='lat' dir='ltr'><strong>illecebrae</strong></span> <span class='ocrx_word' id='word_1_421' title='bbox 2839 3221 3111 3289; x_wconf 74' lang='lat' dir='ltr'><strong>quadam,</strong></span> <span class='ocrx_word' id='word_1_422' title='bbox 3145 3236 3245 3274; x_wconf 92' lang='lat' dir='ltr'><strong>nec</strong></span> <span class='ocrx_word' id='word_1_423' title='bbox 3278 3221 3459 3274; x_wconf 89' lang='lat' dir='ltr'><strong>minus</strong></span> <span class='ocrx_word' id='word_1_424' title='bbox 3487 3217 3724 3274; x_wconf 74' lang='lat' dir='ltr'><strong>etiamin</strong></span> <span class='ocrx_word' id='word_1_425' title='bbox 3753 3215 4001 3271; x_wconf 82' lang='lat' dir='ltr'><strong>doctrina</strong></span> 
     </span>
    </p>
   </div>
   <div class='ocr_carea' id='block_1_63' title="bbox 732 3311 4002 3383">
    <p class='ocr_par' dir='ltr' id='par_1_63' title="bbox 732 3311 4002 3383">
     <span class='ocr_line' id='line_1_63' title="bbox 732 3311 4002 3383; baseline -0.002 -16"><span class='ocrx_word' id='word_1_426' title='bbox 732 3317 1052 3368; x_wconf 36' lang='lat' dir='ltr'><strong>insidentes.</strong></span> <span class='ocrx_word' id='word_1_427' title='bbox 1081 3314 1182 3367; x_wconf 85' lang='lat' dir='ltr'><strong>Sed</strong></span> <span class='ocrx_word' id='word_1_428' title='bbox 1214 3314 1370 3383; x_wconf 86' lang='lat' dir='ltr'><strong>quale</strong></span> <span class='ocrx_word' id='word_1_429' title='bbox 1394 3314 1592 3367; x_wconf 76' lang='lat' dir='ltr'><strong>divina:</strong></span> <span class='ocrx_word' id='word_1_430' title='bbox 1616 3316 1731 3383; x_wconf 88' lang='lat' dir='ltr'><strong>ejus</strong></span> <span class='ocrx_word' id='word_1_431' title='bbox 1759 3314 1879 3365; x_wconf 77' lang='lat' dir='ltr'><strong>vitze</strong></span> <span class='ocrx_word' id='word_1_432' title='bbox 1909 3312 2222 3365; x_wconf 84' lang='lat' dir='ltr'><strong>institutum</strong></span> <span class='ocrx_word' id='word_1_433' title='bbox 2248 3312 2434 3376; x_wconf 80' lang='lat' dir='ltr'><strong>fuerit,</strong></span> <span class='ocrx_word' id='word_1_434' title='bbox 2455 3321 2508 3365; x_wconf 87' lang='lat' dir='ltr'><strong>et</strong></span> <span class='ocrx_word' id='word_1_435' title='bbox 2535 3313 2732 3381; x_wconf 76' lang='lat' dir='ltr'><strong>quibus</strong></span> <span class='ocrx_word' id='word_1_436' title='bbox 2753 3313 2917 3367; x_wconf 88' lang='lat' dir='ltr'><strong>editis</strong></span> <span class='ocrx_word' id='word_1_437' title='bbox 2957 3312 3262 3382; x_wconf 81' lang='lat' dir='ltr'><strong>insignibus</strong></span> <span class='ocrx_word' id='word_1_438' title='bbox 3288 3313 3568 3367; x_wconf 77' lang='lat' dir='ltr'><strong>miraculis</strong></span> <span class='ocrx_word' id='word_1_439' title='bbox 3594 3313 3712 3380; x_wconf 85' lang='lat' dir='ltr'><strong>ejus</strong></span> <span class='ocrx_word' id='word_1_440' title='bbox 3736 3311 4002 3379; x_wconf 67' lang='lat' dir='ltr'><strong>temporiﬂ</strong></span> 
     </span>
    </p>
   </div>
   <div class='ocr_carea' id='block_1_64' title="bbox 733 3403 4000 3476">
    <p class='ocr_par' dir='ltr' id='par_1_64' title="bbox 733 3403 4000 3476">
     <span class='ocr_line' id='line_1_64' title="bbox 733 3403 4000 3476; baseline -0.002 -16"><span class='ocrx_word' id='word_1_441' title='bbox 733 3412 985 3461; x_wconf 84' lang='lat' dir='ltr'><strong>homines</strong></span> <span class='ocrx_word' id='word_1_442' title='bbox 1006 3409 1069 3460; x_wconf 90' lang='lat' dir='ltr'><strong>ad</strong></span> <span class='ocrx_word' id='word_1_443' title='bbox 1095 3417 1369 3476; x_wconf 78' lang='lat' dir='ltr'><strong>stuporem</strong></span> <span class='ocrx_word' id='word_1_444' title='bbox 1392 3405 2099 3469; x_wconf 40' lang='lat' dir='ltr'><strong>con\ertei‘it,Timothcus,</strong></span> <span class='ocrx_word' id='word_1_445' title='bbox 2120 3405 2209 3474; x_wconf 88' lang='lat' dir='ltr'><strong>qui</strong></span> <span class='ocrx_word' id='word_1_446' title='bbox 2241 3405 2662 3460; x_wconf 79' lang='lat' dir='ltr'><strong>Alexandrinam</strong></span> <span class='ocrx_word' id='word_1_447' title='bbox 2693 3405 2993 3459; x_wconf 82' lang='lat' dir='ltr'><strong>Ecelesiam</strong></span> <span class='ocrx_word' id='word_1_448' title='bbox 3023 3408 3110 3476; x_wconf 84' lang='lat' dir='ltr'><strong>pie</strong></span> <span class='ocrx_word' id='word_1_449' title='bbox 3139 3407 3485 3475; x_wconf 69' lang='lat' dir='ltr'><strong>gubernavit,</strong></span> <span class='ocrx_word' id='word_1_450' title='bbox 3514 3407 3716 3473; x_wconf 73' lang='lat' dir='ltr'><strong>scripto</strong></span> <span class='ocrx_word' id='word_1_451' title='bbox 3736 3403 4000 3472; x_wconf 82' lang='lat' dir='ltr'><strong>peculiari</strong></span> 
     </span>
    </p>
   </div>
   <div class='ocr_carea' id='block_1_65' title="bbox 735 3496 3994 3572">
    <p class='ocr_par' dir='ltr' id='par_1_65' title="bbox 735 3496 3994 3572">
     <span class='ocr_line' id='line_1_65' title="bbox 735 3496 3994 3572; baseline -0.001 -22"><span class='ocrx_word' id='word_1_452' title='bbox 735 3503 1054 3572; x_wconf 76' lang='lat' dir='ltr'><strong>complexus</strong></span> <span class='ocrx_word' id='word_1_453' title='bbox 1089 3512 1210 3555; x_wconf 89' lang='lat' dir='ltr'><strong>est:</strong></span> <span class='ocrx_word' id='word_1_454' title='bbox 1245 3504 1294 3553; x_wconf 91' lang='lat' dir='ltr'><strong>in</strong></span> <span class='ocrx_word' id='word_1_455' title='bbox 1353 3517 1461 3571; x_wconf 86' lang='lat' dir='ltr'><strong>quo</strong></span> <span class='ocrx_word' id='word_1_456' title='bbox 1498 3517 1605 3554; x_wconf 92' lang='lat' dir='ltr'><strong>non</strong></span> <span class='ocrx_word' id='word_1_457' title='bbox 1645 3500 2067 3569; x_wconf 83' lang='lat' dir='ltr'><strong>ipsiustantum,</strong></span> <span class='ocrx_word' id='word_1_458' title='bbox 2102 3499 2195 3552; x_wconf 84' lang='lat' dir='ltr'><strong>sed</strong></span> <span class='ocrx_word' id='word_1_459' title='bbox 2224 3499 2454 3554; x_wconf 86' lang='lat' dir='ltr'><strong>aliorum</strong></span> <span class='ocrx_word' id='word_1_460' title='bbox 2487 3500 2651 3553; x_wconf 83' lang='lat' dir='ltr'><strong>etiam</strong></span> <span class='ocrx_word' id='word_1_461' title='bbox 2671 3500 2968 3553; x_wconf 83' lang='lat' dir='ltr'><strong>multorum</strong></span> <span class='ocrx_word' id='word_1_462' title='bbox 3007 3511 3061 3553; x_wconf 90' lang='lat' dir='ltr'><strong>et</strong></span> <span class='ocrx_word' id='word_1_463' title='bbox 3100 3499 3685 3570; x_wconf 79' lang='lat' dir='ltr'><strong>magnorunnirorum</strong></span> <span class='ocrx_word' id='word_1_464' title='bbox 3719 3496 3994 3550; x_wconf 89' lang='lat' dir='ltr'><strong>meminit.</strong></span> 
     </span>
    </p>
   </div>
   <div class='ocr_carea' id='block_1_66' title="bbox 1298 3645 1776 3702">
    <p class='ocr_par' dir='ltr' id='par_1_66' title="bbox 1298 3645 1776 3702">
     <span class='ocr_line' id='line_1_66' title="bbox 1298 3645 1776 3702; baseline -0.004 -3"><span class='ocrx_word' id='word_1_465' title='bbox 1298 3646 1519 3702; x_wconf 54' lang='lat' dir='ltr'><strong>(APUT</strong></span> <span class='ocrx_word' id='word_1_466' title='bbox 1565 3645 1776 3700; x_wconf 73' lang='lat' dir='ltr'><strong>XXXV.</strong></span> 
     </span>
    </p>
   </div>
   <div class='ocr_carea' id='block_1_67' title="bbox 735 3753 2303 3826">
    <p class='ocr_par' dir='ltr' id='par_1_67' title="bbox 735 3753 2303 3826">
     <span class='ocr_line' id='line_1_67' title="bbox 735 3753 2303 3826; baseline -0.002 -15"><span class='ocrx_word' id='word_1_467' title='bbox 735 3759 810 3811; x_wconf 86' lang='lat' dir='ltr'><strong>De</strong></span> <span class='ocrx_word' id='word_1_468' title='bbox 849 3758 1124 3824; x_wconf 82' lang='lat' dir='ltr'><strong>Dorotheo,</strong></span> <span class='ocrx_word' id='word_1_469' title='bbox 1161 3759 1484 3818; x_wconf 79' lang='lat' dir='ltr'><strong>Pimnmone,</strong></span> <span class='ocrx_word' id='word_1_470' title='bbox 1513 3759 1737 3819; x_wconf 81' lang='lat' dir='ltr'><strong>Joanne,</strong></span> <span class='ocrx_word' id='word_1_471' title='bbox 1773 3756 2073 3826; x_wconf 76' lang='lat' dir='ltr'><strong>Beujamin,</strong></span> <span class='ocrx_word' id='word_1_472' title='bbox 2100 3753 2303 3818; x_wconf 79' lang='lat' dir='ltr'><strong>Marco,</strong></span> 
     </span>
    </p>
   </div>
   <div class='ocr_carea' id='block_1_68' title="bbox 1211 3827 1864 3897">
    <p class='ocr_par' dir='ltr' id='par_1_68' title="bbox 1211 3827 1864 3897">
     <span class='ocr_line' id='line_1_68' title="bbox 1211 3827 1864 3897; baseline 0.002 -16"><span class='ocrx_word' id='word_1_473' title='bbox 1211 3827 1326 3881; x_wconf 73' lang='grc' dir='ltr'>Μαι</span> <span class='ocrx_word' id='word_1_474' title='bbox 1339 3832 1452 3882; x_wconf 78' lang='lat' dir='ltr'><strong>ario</strong></span> <span class='ocrx_word' id='word_1_475' title='bbox 1486 3840 1532 3881; x_wconf 73' lang='lat' dir='ltr'><strong>cl</strong></span> <span class='ocrx_word' id='word_1_476' title='bbox 1568 3829 1864 3897; x_wconf 74' lang='lat' dir='ltr'><strong>Apollonio.</strong></span> 
     </span>
    </p>
   </div>
   <div class='ocr_carea' id='block_1_69' title="bbox 806 3941 2307 4011">
    <p class='ocr_par' dir='ltr' id='par_1_69' title="bbox 806 3941 2307 4011">
     <span class='ocr_line' id='line_1_69' title="bbox 806 3941 2307 4011; baseline -0.002 -15"><span class='ocrx_word' id='word_1_477' title='bbox 806 3945 1010 3996; x_wconf 78' lang='lat' dir='ltr'><strong>Eodem</strong></span> <span class='ocrx_word' id='word_1_478' title='bbox 1035 3954 1215 3996; x_wconf 71' lang='lat' dir='ltr'><strong>autem</strong></span> <span class='ocrx_word' id='word_1_479' title='bbox 1249 3952 1493 4011; x_wconf 82' lang='lat' dir='ltr'><strong>tempore</strong></span> <span class='ocrx_word' id='word_1_480' title='bbox 1520 3942 1665 4010; x_wconf 87' lang='lat' dir='ltr'><strong>apud</strong></span> <span class='ocrx_word' id='word_1_481' title='bbox 1700 3941 2108 4003; x_wconf 84' lang='lat' dir='ltr'><strong>Alexandriam,</strong></span> <span class='ocrx_word' id='word_1_482' title='bbox 2140 3949 2307 4007; x_wconf 87' lang='lat' dir='ltr'><strong>atque</strong></span> 
     </span>
    </p>
   </div>
   <div class='ocr_carea' id='block_1_70' title="bbox 735 4015 2308 4099">
    <p class='ocr_par' dir='ltr' id='par_1_70' title="bbox 735 4034 2308 4099">
     <span class='ocr_line' id='line_1_70' title="bbox 735 4034 2308 4099; baseline -0.002 -11"><span class='ocrx_word' id='word_1_483' title='bbox 735 4038 788 4088; x_wconf 87' lang='lat' dir='ltr'><strong>in</strong></span> <span class='ocrx_word' id='word_1_484' title='bbox 827 4039 980 4099; x_wconf 90' lang='lat' dir='ltr'><strong>solis,</strong></span> <span class='ocrx_word' id='word_1_485' title='bbox 1020 4039 1181 4089; x_wconf 90' lang='lat' dir='ltr'><strong>sicuti</strong></span> <span class='ocrx_word' id='word_1_486' title='bbox 1228 4037 1508 4097; x_wconf 88' lang='lat' dir='ltr'><strong>dicuntur,</strong></span> <span class='ocrx_word' id='word_1_487' title='bbox 1553 4035 1712 4095; x_wconf 90' lang='lat' dir='ltr'><strong>locis,</strong></span> <span class='ocrx_word' id='word_1_488' title='bbox 1748 4044 1805 4088; x_wconf 86' lang='lat' dir='ltr'><strong>et</strong></span> <span class='ocrx_word' id='word_1_489' title='bbox 1838 4037 2048 4088; x_wconf 89' lang='lat' dir='ltr'><strong>circum</strong></span> <span class='ocrx_word' id='word_1_490' title='bbox 2093 4034 2308 4086; x_wconf 83' lang='lat' dir='ltr'><strong>Mareo-</strong></span> 
     </span>
    </p>
   </div>
   <div class='ocr_carea' id='block_1_71' title="bbox 736 4123 2308 4197">
    <p class='ocr_par' dir='ltr' id='par_1_71' title="bbox 736 4123 2308 4197">
     <span class='ocr_line' id='line_1_71' title="bbox 736 4123 2308 4197; baseline -0.001 -20"><span class='ocrx_word' id='word_1_491' title='bbox 736 4140 846 4187; x_wconf 87' lang='lat' dir='ltr'><strong>tcn,</strong></span> <span class='ocrx_word' id='word_1_492' title='bbox 878 4137 1042 4197; x_wconf 78' lang='lat' dir='ltr'><strong>atque</strong></span> <span class='ocrx_word' id='word_1_493' title='bbox 1073 4128 1282 4180; x_wconf 87' lang='lat' dir='ltr'><strong>vicinos</strong></span> <span class='ocrx_word' id='word_1_494' title='bbox 1314 4125 1538 4193; x_wconf 87' lang='lat' dir='ltr'><strong>Libyes,</strong></span> <span class='ocrx_word' id='word_1_495' title='bbox 1575 4125 1728 4178; x_wconf 89' lang='lat' dir='ltr'><strong>multi</strong></span> <span class='ocrx_word' id='word_1_496' title='bbox 1758 4124 1859 4176; x_wconf 91' lang='lat' dir='ltr'><strong>viri</strong></span> <span class='ocrx_word' id='word_1_497' title='bbox 1891 4123 2018 4176; x_wconf 91' lang='lat' dir='ltr'><strong>boni</strong></span> <span class='ocrx_word' id='word_1_498' title='bbox 2051 4133 2308 4177; x_wconf 86' lang='lat' dir='ltr'><strong>accurate</strong></span> 
     </span>
    </p>
   </div>
   <div class='ocr_carea' id='block_1_72' title="bbox 735 4215 2306 4286">
    <p class='ocr_par' dir='ltr' id='par_1_72' title="bbox 735 4215 2306 4286">
     <span class='ocr_line' id='line_1_72' title="bbox 735 4215 2306 4286; baseline -0.003 -15"><span class='ocrx_word' id='word_1_499' title='bbox 735 4221 1028 4272; x_wconf 87' lang='lat' dir='ltr'><strong>admodum</strong></span> <span class='ocrx_word' id='word_1_500' title='bbox 1065 4230 1194 4272; x_wconf 83' lang='lat' dir='ltr'><strong>sunt</strong></span> <span class='ocrx_word' id='word_1_501' title='bbox 1228 4219 1632 4286; x_wconf 77' lang='lat' dir='ltr'><strong>philoSOpbati,</strong></span> <span class='ocrx_word' id='word_1_502' title='bbox 1680 4217 1773 4285; x_wconf 86' lang='lat' dir='ltr'><strong>qui</strong></span> <span class='ocrx_word' id='word_1_503' title='bbox 1804 4217 2039 4269; x_wconf 86' lang='lat' dir='ltr'><strong>duorum</strong></span> <span class='ocrx_word' id='word_1_504' title='bbox 2074 4215 2306 4266; x_wconf 90' lang='lat' dir='ltr'><strong>millium</strong></span> 
     </span>
    </p>
   </div>
   <div class='ocr_carea' id='block_1_73' title="bbox 736 4305 2310 4378">
    <p class='ocr_par' dir='ltr' id='par_1_73' title="bbox 736 4305 2310 4378">
     <span class='ocr_line' id='line_1_73' title="bbox 736 4305 2310 4378; baseline -0.003 -16"><span class='ocrx_word' id='word_1_505' title='bbox 736 4326 1027 4363; x_wconf 81' lang='lat' dir='ltr'><strong>numerum</strong></span> <span class='ocrx_word' id='word_1_506' title='bbox 1083 4311 1428 4378; x_wconf 82' lang='lat' dir='ltr'><strong>explevere:</strong></span> <span class='ocrx_word' id='word_1_507' title='bbox 1484 4308 1538 4361; x_wconf 87' lang='lat' dir='ltr'><strong>in</strong></span> <span class='ocrx_word' id='word_1_508' title='bbox 1594 4309 1796 4375; x_wconf 87' lang='lat' dir='ltr'><strong>quibus</strong></span> <span class='ocrx_word' id='word_1_509' title='bbox 1851 4307 2018 4359; x_wconf 76' lang='grc' dir='ltr'>γιιιιιί</span> <span class='ocrx_word' id='word_1_510' title='bbox 2079 4305 2310 4358; x_wconf 86' lang='lat' dir='ltr'><strong>illustris</strong></span> 
     </span>
    </p>
   </div>
   <div class='ocr_carea' id='block_1_74' title="bbox 737 4396 2310 4472">
    <p class='ocr_par' dir='ltr' id='par_1_74' title="bbox 737 4396 2310 4472">
     <span class='ocr_line' id='line_1_74' title="bbox 737 4396 2310 4472; baseline -0.003 -20"><span class='ocrx_word' id='word_1_511' title='bbox 737 4403 982 4472; x_wconf 54' lang='lat' dir='ltr'><strong>quadam</strong></span> <span class='ocrx_word' id='word_1_512' title='bbox 1019 4403 1175 4456; x_wconf 76' lang='lat' dir='ltr'><strong>stella</strong></span> <span class='ocrx_word' id='word_1_513' title='bbox 1225 4401 1534 4454; x_wconf 86' lang='lat' dir='ltr'><strong>Durotheus</strong></span> <span class='ocrx_word' id='word_1_514' title='bbox 1571 4401 1660 4453; x_wconf 91' lang='lat' dir='ltr'><strong>ille</strong></span> <span class='ocrx_word' id='word_1_515' title='bbox 1695 4399 2031 4466; x_wconf 83' lang='lat' dir='ltr'><strong>reSplenduit</strong></span> <span class='ocrx_word' id='word_1_516' title='bbox 2057 4438 2068 4456; x_wconf 87' lang='lat'><strong>.</strong></span> <span class='ocrx_word' id='word_1_517' title='bbox 2107 4396 2310 4450; x_wconf 86' lang='lat' dir='ltr'><strong>Thebis</strong></span> 
     </span>
    </p>
   </div>
   <div class='ocr_carea' id='block_1_75' title="bbox 737 4489 2310 4564">
    <p class='ocr_par' dir='ltr' id='par_1_75' title="bbox 737 4489 2310 4564">
     <span class='ocr_line' id='line_1_75' title="bbox 737 4489 2310 4564; baseline -0.003 -18"><span class='ocrx_word' id='word_1_518' title='bbox 737 4495 1030 4548; x_wconf 87' lang='lat' dir='ltr'><strong>oriundus.</strong></span> <span class='ocrx_word' id='word_1_519' title='bbox 1067 4495 1188 4549; x_wconf 84' lang='lat' dir='ltr'><strong>Vita</strong></span> <span class='ocrx_word' id='word_1_520' title='bbox 1230 4495 1352 4564; x_wconf 83' lang='lat' dir='ltr'><strong>ejus</strong></span> <span class='ocrx_word' id='word_1_521' title='bbox 1383 4495 1501 4553; x_wconf 71' lang='lat' dir='ltr'><strong>haec</strong></span> <span class='ocrx_word' id='word_1_522' title='bbox 1532 4504 1684 4554; x_wconf 87' lang='lat' dir='ltr'><strong>erat,</strong></span> <span class='ocrx_word' id='word_1_523' title='bbox 1728 4502 1786 4544; x_wconf 92' lang='lat' dir='ltr'><strong>ut</strong></span> <span class='ocrx_word' id='word_1_524' title='bbox 1822 4491 2063 4543; x_wconf 89' lang='lat' dir='ltr'><strong>interdiu</strong></span> <span class='ocrx_word' id='word_1_525' title='bbox 2101 4489 2310 4557; x_wconf 85' lang='lat' dir='ltr'><strong>lapides</strong></span> 
     </span>
    </p>
   </div>
   <div class='ocr_carea' id='block_1_76' title="bbox 738 4584 2310 4655">
    <p class='ocr_par' dir='ltr' id='par_1_76' title="bbox 738 4584 2310 4655">
     <span class='ocr_line' id='line_1_76' title="bbox 738 4584 2310 4655; baseline -0.005 -15"><span class='ocrx_word' id='word_1_526' title='bbox 738 4604 802 4641; x_wconf 76' lang='lat' dir='ltr'><strong>ex</strong></span> <span class='ocrx_word' id='word_1_527' title='bbox 851 4588 1034 4641; x_wconf 71' lang='lat' dir='ltr'><strong>vicino</strong></span> <span class='ocrx_word' id='word_1_528' title='bbox 1072 4587 1208 4639; x_wconf 89' lang='lat' dir='ltr'><strong>mari</strong></span> <span class='ocrx_word' id='word_1_529' title='bbox 1262 4587 1581 4655; x_wconf 71' lang='lat' dir='ltr'><strong>colhgt‘rt&#39;l,</strong></span> <span class='ocrx_word' id='word_1_530' title='bbox 1623 4594 1678 4637; x_wconf 88' lang='lat' dir='ltr'><strong>et</strong></span> <span class='ocrx_word' id='word_1_531' title='bbox 1727 4584 2116 4636; x_wconf 75' lang='lat' dir='ltr'><strong>dommtculam</strong></span> <span class='ocrx_word' id='word_1_532' title='bbox 2169 4595 2310 4632; x_wconf 84' lang='lat' dir='ltr'><strong>anno</strong></span> 
     </span>
    </p>
   </div>
   <div class='ocr_carea' id='block_1_77' title="bbox 738 4676 2310 4751">
    <p class='ocr_par' dir='ltr' id='par_1_77' title="bbox 738 4676 2310 4751">
     <span class='ocr_line' id='line_1_77' title="bbox 738 4676 2310 4751; baseline -0.003 -18"><span class='ocrx_word' id='word_1_533' title='bbox 738 4681 985 4751; x_wconf 86' lang='lat' dir='ltr'><strong>quolibet</strong></span> <span class='ocrx_word' id='word_1_534' title='bbox 1031 4691 1423 4743; x_wconf 89' lang='lat' dir='ltr'><strong>construeret,</strong></span> <span class='ocrx_word' id='word_1_535' title='bbox 1472 4693 1702 4747; x_wconf 90' lang='lat' dir='ltr'><strong>eamque</strong></span> <span class='ocrx_word' id='word_1_536' title='bbox 1751 4678 1844 4745; x_wconf 90' lang='lat' dir='ltr'><strong>qui</strong></span> <span class='ocrx_word' id='word_1_537' title='bbox 1881 4676 2157 4732; x_wconf 65' lang='lat' dir='ltr'><strong>.azdilicare</strong></span> <span class='ocrx_word' id='word_1_538' title='bbox 2200 4691 2310 4728; x_wconf 93' lang='lat' dir='ltr'><strong>non</strong></span> 
     </span>
    </p>
   </div>
   <div class='ocr_carea' id='block_1_78' title="bbox 740 4767 2312 4841">
    <p class='ocr_par' dir='ltr' id='par_1_78' title="bbox 740 4767 2312 4841">
     <span class='ocr_line' id='line_1_78' title="bbox 740 4767 2312 4841; baseline -0.003 -17"><span class='ocrx_word' id='word_1_539' title='bbox 740 4782 944 4841; x_wconf 86' lang='lat' dir='ltr'><strong>posset,</strong></span> <span class='ocrx_word' id='word_1_540' title='bbox 976 4770 1249 4824; x_wconf 90' lang='lat' dir='ltr'><strong>monacho</strong></span> <span class='ocrx_word' id='word_1_541' title='bbox 1275 4771 1648 4838; x_wconf 86' lang='lat' dir='ltr'><strong>relinqueret:</strong></span> <span class='ocrx_word' id='word_1_542' title='bbox 1676 4777 1843 4822; x_wconf 88' lang='lat' dir='ltr'><strong>noctu</strong></span> <span class='ocrx_word' id='word_1_543' title='bbox 1872 4782 2004 4820; x_wconf 86' lang='lat' dir='ltr'><strong>vero</strong></span> <span class='ocrx_word' id='word_1_544' title='bbox 2027 4781 2092 4818; x_wconf 85' lang='lat' dir='ltr'><strong>ex</strong></span> <span class='ocrx_word' id='word_1_545' title='bbox 2121 4767 2312 4835; x_wconf 78' lang='lat' dir='ltr'><strong>palma:</strong></span> 
     </span>
    </p>
   </div>
   <div class='ocr_carea' id='block_1_79' title="bbox 739 4858 2313 4931">
    <p class='ocr_par' dir='ltr' id='par_1_79' title="bbox 739 4858 2313 4931">
     <span class='ocr_line' id='line_1_79' title="bbox 739 4858 2313 4931; baseline -0.004 -15"><span class='ocrx_word' id='word_1_546' title='bbox 739 4864 886 4916; x_wconf 73' lang='lat' dir='ltr'><strong>t‘olils</strong></span> <span class='ocrx_word' id='word_1_547' title='bbox 916 4862 1075 4914; x_wconf 80' lang='lat' dir='ltr'><strong>funes</strong></span> <span class='ocrx_word' id='word_1_548' title='bbox 1111 4862 1413 4931; x_wconf 85' lang='lat' dir='ltr'><strong>plecteret,</strong></span> <span class='ocrx_word' id='word_1_549' title='bbox 1445 4871 1500 4914; x_wconf 87' lang='lat' dir='ltr'><strong>et</strong></span> <span class='ocrx_word' id='word_1_550' title='bbox 1536 4869 1754 4928; x_wconf 91' lang='lat' dir='ltr'><strong>sportas</strong></span> <span class='ocrx_word' id='word_1_551' title='bbox 1789 4858 2105 4914; x_wconf 81' lang='lat' dir='ltr'><strong>conﬁceret.</strong></span> <span class='ocrx_word' id='word_1_552' title='bbox 2141 4858 2313 4912; x_wconf 83' lang='lat' dir='ltr'><strong>Cibus</strong></span> 
     </span>
    </p>
   </div>
   <div class='ocr_carea' id='block_1_80' title="bbox 736 4949 2312 5020">
    <p class='ocr_par' dir='ltr' id='par_1_80' title="bbox 736 4949 2312 5020">
     <span class='ocr_line' id='line_1_80' title="bbox 736 4949 2312 5020; baseline -0.003 -14"><span class='ocrx_word' id='word_1_553' title='bbox 736 4955 784 5006; x_wconf 85' lang='lat' dir='ltr'><strong>ei</strong></span> <span class='ocrx_word' id='word_1_554' title='bbox 825 4960 942 5005; x_wconf 90' lang='lat' dir='ltr'><strong>erat</strong></span> <span class='ocrx_word' id='word_1_555' title='bbox 992 4954 1146 5020; x_wconf 88' lang='lat' dir='ltr'><strong>panis</strong></span> <span class='ocrx_word' id='word_1_556' title='bbox 1173 4967 1266 5006; x_wconf 90' lang='lat' dir='ltr'><strong>sex</strong></span> <span class='ocrx_word' id='word_1_557' title='bbox 1299 4953 1491 5014; x_wconf 76' lang='lat' dir='ltr'><strong>unciae,</strong></span> <span class='ocrx_word' id='word_1_558' title='bbox 1534 4961 1588 5004; x_wconf 88' lang='lat' dir='ltr'><strong>et</strong></span> <span class='ocrx_word' id='word_1_559' title='bbox 1616 4951 1862 5004; x_wconf 89' lang='lat' dir='ltr'><strong>tenuium</strong></span> <span class='ocrx_word' id='word_1_560' title='bbox 1896 4951 2105 5003; x_wconf 91' lang='lat' dir='ltr'><strong>olerum</strong></span> <span class='ocrx_word' id='word_1_561' title='bbox 2145 4949 2312 5002; x_wconf 82' lang='lat' dir='ltr'><strong>fasci-</strong></span> 
     </span>
    </p>
   </div>
   <div class='ocr_carea' id='block_1_81' title="bbox 741 5042 2312 5113">
    <p class='ocr_par' dir='ltr' id='par_1_81' title="bbox 741 5042 2312 5113">
     <span class='ocr_line' id='line_1_81' title="bbox 741 5042 2312 5113; baseline -0.001 -16"><span class='ocrx_word' id='word_1_562' title='bbox 741 5045 935 5110; x_wconf 90' lang='lat' dir='ltr'><strong>culus;</strong></span> <span class='ocrx_word' id='word_1_563' title='bbox 977 5053 1139 5113; x_wconf 88' lang='lat' dir='ltr'><strong>potus</strong></span> <span class='ocrx_word' id='word_1_564' title='bbox 1162 5083 1176 5107; x_wconf 90' lang='lat'><strong>,</strong></span> <span class='ocrx_word' id='word_1_565' title='bbox 1212 5059 1374 5113; x_wconf 88' lang='lat' dir='ltr'><strong>aqua.</strong></span> <span class='ocrx_word' id='word_1_566' title='bbox 1418 5045 1482 5097; x_wconf 87' lang='lat' dir='ltr'><strong>Et</strong></span> <span class='ocrx_word' id='word_1_567' title='bbox 1514 5043 1659 5113; x_wconf 91' lang='lat' dir='ltr'><strong>quod</strong></span> <span class='ocrx_word' id='word_1_568' title='bbox 1701 5045 1768 5096; x_wconf 90' lang='lat' dir='ltr'><strong>ab</strong></span> <span class='ocrx_word' id='word_1_569' title='bbox 1800 5042 2169 5096; x_wconf 83' lang='lat' dir='ltr'><strong>adolescentia</strong></span> <span class='ocrx_word' id='word_1_570' title='bbox 2207 5042 2312 5095; x_wconf 88' lang='lat' dir='ltr'><strong>hoc</strong></span> 
     </span>
    </p>
   </div>
   <div class='ocr_carea' id='block_1_82' title="bbox 738 5135 2314 5205">
    <p class='ocr_par' dir='ltr' id='par_1_82' title="bbox 738 5135 2314 5205">
     <span class='ocr_line' id='line_1_82' title="bbox 738 5135 2314 5205; baseline -0.002 -17"><span class='ocrx_word' id='word_1_571' title='bbox 738 5153 913 5205; x_wconf 82' lang='lat' dir='ltr'><strong>genus</strong></span> <span class='ocrx_word' id='word_1_572' title='bbox 943 5137 1115 5191; x_wconf 66' lang='lat' dir='ltr'><strong>diana:</strong></span> <span class='ocrx_word' id='word_1_573' title='bbox 1150 5138 1468 5205; x_wconf 79' lang='lat' dir='ltr'><strong>complexus</strong></span> <span class='ocrx_word' id='word_1_574' title='bbox 1499 5140 1699 5198; x_wconf 89' lang='lat' dir='ltr'><strong>l&#39;uerat,</strong></span> <span class='ocrx_word' id='word_1_575' title='bbox 1736 5135 1788 5187; x_wconf 90' lang='lat' dir='ltr'><strong>in</strong></span> <span class='ocrx_word' id='word_1_576' title='bbox 1819 5151 1884 5188; x_wconf 90' lang='lat' dir='ltr'><strong>co</strong></span> <span class='ocrx_word' id='word_1_577' title='bbox 1919 5149 2138 5203; x_wconf 83' lang='lat' dir='ltr'><strong>quoque</strong></span> <span class='ocrx_word' id='word_1_578' title='bbox 2170 5148 2314 5186; x_wconf 89' lang='lat' dir='ltr'><strong>sem-</strong></span> 
     </span>
    </p>
   </div>
   <div class='ocr_carea' id='block_1_83' title="bbox 740 5226 2312 5300">
    <p class='ocr_par' dir='ltr' id='par_1_83' title="bbox 740 5226 2312 5300">
     <span class='ocr_line' id='line_1_83' title="bbox 740 5226 2312 5300; baseline -0.001 -18"><span class='ocrx_word' id='word_1_579' title='bbox 740 5247 836 5300; x_wconf 85' lang='lat' dir='ltr'><strong>per</strong></span> <span class='ocrx_word' id='word_1_580' title='bbox 865 5232 920 5284; x_wconf 92' lang='lat' dir='ltr'><strong>in</strong></span> <span class='ocrx_word' id='word_1_581' title='bbox 960 5241 1201 5285; x_wconf 75' lang='lat' dir='ltr'><strong>extrema</strong></span> <span class='ocrx_word' id='word_1_582' title='bbox 1238 5233 1402 5285; x_wconf 86' lang='lat' dir='ltr'><strong>etiam</strong></span> <span class='ocrx_word' id='word_1_583' title='bbox 1437 5238 1718 5284; x_wconf 88' lang='lat' dir='ltr'><strong>senectute</strong></span> <span class='ocrx_word' id='word_1_584' title='bbox 1775 5229 2114 5296; x_wconf 88' lang='lat' dir='ltr'><strong>perduravit.</strong></span> <span class='ocrx_word' id='word_1_585' title='bbox 2155 5226 2312 5296; x_wconf 81' lang='lat'><strong>182</strong></span> 
     </span>
    </p>
   </div>
   <div class='ocr_carea' id='block_1_84' title="bbox 740 5320 2314 5394">
    <p class='ocr_par' dir='ltr' id='par_1_84' title="bbox 740 5320 2314 5394">
     <span class='ocr_line' id='line_1_84' title="bbox 740 5320 2314 5394; baseline -0.004 -15"><span class='ocrx_word' id='word_1_586' title='bbox 740 5326 1031 5394; x_wconf 82' lang='lat' dir='ltr'><strong>Nunquam</strong></span> <span class='ocrx_word' id='word_1_587' title='bbox 1061 5341 1194 5378; x_wconf 83' lang='lat' dir='ltr'><strong>vero</strong></span> <span class='ocrx_word' id='word_1_588' title='bbox 1227 5326 1305 5379; x_wconf 76' lang='lat' dir='ltr'><strong>vel</strong></span> <span class='ocrx_word' id='word_1_589' title='bbox 1342 5325 1396 5377; x_wconf 93' lang='lat' dir='ltr'><strong>in</strong></span> <span class='ocrx_word' id='word_1_590' title='bbox 1431 5335 1612 5377; x_wconf 88' lang='lat' dir='ltr'><strong>storea</strong></span> <span class='ocrx_word' id='word_1_591' title='bbox 1639 5322 1724 5375; x_wconf 75' lang='lat' dir='ltr'><strong>Vel</strong></span> <span class='ocrx_word' id='word_1_592' title='bbox 1761 5321 1814 5374; x_wconf 93' lang='lat' dir='ltr'><strong>in</strong></span> <span class='ocrx_word' id='word_1_593' title='bbox 1849 5320 2052 5374; x_wconf 88' lang='lat' dir='ltr'><strong>lectulo</strong></span> <span class='ocrx_word' id='word_1_594' title='bbox 2087 5325 2314 5382; x_wconf 83' lang='lat' dir='ltr'><strong>cubare,</strong></span> 
     </span>
    </p>
   </div>
   <div class='ocr_carea' id='block_1_85' title="bbox 740 5414 2314 5488">
    <p class='ocr_par' dir='ltr' id='par_1_85' title="bbox 740 5414 2314 5488">
     <span class='ocr_line' id='line_1_85' title="bbox 740 5414 2314 5488; baseline -0.005 -16"><span class='ocrx_word' id='word_1_595' title='bbox 740 5429 836 5472; x_wconf 87' lang='lat' dir='ltr'><strong>aut</strong></span> <span class='ocrx_word' id='word_1_596' title='bbox 866 5420 1029 5472; x_wconf 84' lang='lat' dir='ltr'><strong>etiam</strong></span> <span class='ocrx_word' id='word_1_597' title='bbox 1068 5421 1231 5488; x_wconf 73' lang='lat' dir='ltr'><strong>pedes</strong></span> <span class='ocrx_word' id='word_1_598' title='bbox 1279 5433 1375 5487; x_wconf 90' lang='lat' dir='ltr'><strong>per</strong></span> <span class='ocrx_word' id='word_1_599' title='bbox 1408 5417 1738 5471; x_wconf 76' lang='lat' dir='ltr'><strong>laxationem</strong></span> <span class='ocrx_word' id='word_1_600' title='bbox 1798 5430 1894 5468; x_wconf 91' lang='lat' dir='ltr'><strong>seu</strong></span> <span class='ocrx_word' id='word_1_601' title='bbox 1937 5414 2314 5466; x_wconf 79' lang='lat' dir='ltr'><strong>remissionem</strong></span> 
     </span>
    </p>
   </div>
   <div class='ocr_carea' id='block_1_86' title="bbox 743 5506 2312 5580">
    <p class='ocr_par' dir='ltr' id='par_1_86' title="bbox 743 5506 2312 5580">
     <span class='ocr_line' id='line_1_86' title="bbox 743 5506 2312 5580; baseline -0.006 -13"><span class='ocrx_word' id='word_1_602' title='bbox 743 5515 1072 5574; x_wconf 75' lang='lat' dir='ltr'><strong>cxteutlore,</strong></span> <span class='ocrx_word' id='word_1_603' title='bbox 1109 5525 1204 5565; x_wconf 88' lang='lat' dir='ltr'><strong>aut</strong></span> <span class='ocrx_word' id='word_1_604' title='bbox 1246 5529 1341 5566; x_wconf 84' lang='lat' dir='ltr'><strong>sua</strong></span> <span class='ocrx_word' id='word_1_605' title='bbox 1391 5522 1585 5580; x_wconf 88' lang='lat' dir='ltr'><strong>sponte</strong></span> <span class='ocrx_word' id='word_1_606' title='bbox 1629 5524 1883 5563; x_wconf 87' lang='lat' dir='ltr'><strong>somnum</strong></span> <span class='ocrx_word' id='word_1_607' title='bbox 1931 5522 2126 5575; x_wconf 89' lang='lat' dir='ltr'><strong>capere</strong></span> <span class='ocrx_word' id='word_1_608' title='bbox 2162 5506 2312 5560; x_wconf 84' lang='lat' dir='ltr'><strong>visus</strong></span> 
     </span>
    </p>
   </div>
   <div class='ocr_carea' id='block_1_87' title="bbox 741 5600 2312 5674">
    <p class='ocr_par' dir='ltr' id='par_1_87' title="bbox 741 5600 2312 5674">
     <span class='ocr_line' id='line_1_87' title="bbox 741 5600 2312 5674; baseline -0.005 -16"><span class='ocrx_word' id='word_1_609' title='bbox 741 5619 843 5660; x_wconf 70' lang='lat' dir='ltr'><strong>cst.</strong></span> <span class='ocrx_word' id='word_1_610' title='bbox 882 5607 1015 5660; x_wconf 86' lang='lat' dir='ltr'><strong>Nam</strong></span> <span class='ocrx_word' id='word_1_611' title='bbox 1048 5607 1130 5660; x_wconf 67' lang='grc' dir='ltr'><strong>τοι</strong></span> <span class='ocrx_word' id='word_1_612' title='bbox 1163 5621 1300 5674; x_wconf 92' lang='lat' dir='ltr'><strong>opus</strong></span> <span class='ocrx_word' id='word_1_613' title='bbox 1334 5603 1576 5663; x_wconf 84' lang='lat' dir='ltr'><strong>facienti.</strong></span> <span class='ocrx_word' id='word_1_614' title='bbox 1606 5603 1686 5655; x_wconf 85' lang='lat' dir='ltr'><strong>vel</strong></span> <span class='ocrx_word' id='word_1_615' title='bbox 1719 5615 1963 5668; x_wconf 74' lang='lat' dir='ltr'><strong>perstepe</strong></span> <span class='ocrx_word' id='word_1_616' title='bbox 1999 5600 2179 5652; x_wconf 82' lang='lat' dir='ltr'><strong>cibum</strong></span> <span class='ocrx_word' id='word_1_617' title='bbox 2218 5614 2312 5650; x_wconf 87' lang='lat' dir='ltr'><strong>ca-</strong></span> 
     </span>
    </p>
   </div>
   <div class='ocr_carea' id='block_1_88' title="bbox 744 5692 2316 5768">
    <p class='ocr_par' dir='ltr' id='par_1_88' title="bbox 744 5692 2316 5768">
     <span class='ocr_line' id='line_1_88' title="bbox 744 5692 2316 5768; baseline -0.004 -20"><span class='ocrx_word' id='word_1_618' title='bbox 744 5699 911 5768; x_wconf 84' lang='lat' dir='ltr'><strong>pienti</strong></span> <span class='ocrx_word' id='word_1_619' title='bbox 941 5740 952 5758; x_wconf 86' lang='lat'><strong>,</strong></span> <span class='ocrx_word' id='word_1_620' title='bbox 1007 5714 1196 5766; x_wconf 73' lang='lat' dir='ltr'><strong>magna</strong></span> <span class='ocrx_word' id='word_1_621' title='bbox 1246 5699 1294 5748; x_wconf 87' lang='lat' dir='ltr'><strong>vi</strong></span> <span class='ocrx_word' id='word_1_622' title='bbox 1332 5695 1620 5749; x_wconf 84' lang='lat' dir='ltr'><strong>incubuit:</strong></span> <span class='ocrx_word' id='word_1_623' title='bbox 1673 5695 1939 5746; x_wconf 89' lang='lat' dir='ltr'><strong>hactenus</strong></span> <span class='ocrx_word' id='word_1_624' title='bbox 1988 5692 2180 5744; x_wconf 90' lang='lat' dir='ltr'><strong>saltem</strong></span> <span class='ocrx_word' id='word_1_625' title='bbox 2208 5732 2220 5750; x_wconf 88' lang='lat'><strong>.</strong></span> <span class='ocrx_word' id='word_1_626' title='bbox 2259 5699 2316 5742; x_wconf 85' lang='lat' dir='ltr'><strong>ut</strong></span> 
     </span>
    </p>
   </div>
   <div class='ocr_carea' id='block_1_89' title="bbox 743 5791 2315 5855">
    <p class='ocr_par' dir='ltr' id='par_1_89' title="bbox 743 5791 2315 5855">
     <span class='ocr_line' id='line_1_89' title="bbox 743 5791 2315 5855; baseline -0.003 -15"><span class='ocrx_word' id='word_1_627' title='bbox 743 5795 916 5845; x_wconf 81' lang='lat' dir='ltr'><strong>m-ulis</strong></span> <span class='ocrx_word' id='word_1_628' title='bbox 940 5792 1282 5845; x_wconf 73' lang='lat' dir='ltr'><strong>conniveret.</strong></span> <span class='ocrx_word' id='word_1_629' title='bbox 1312 5791 1375 5842; x_wconf 81' lang='lat' dir='ltr'><strong>Et</strong></span> <span class='ocrx_word' id='word_1_630' title='bbox 1404 5802 1794 5855; x_wconf 85' lang='lat' dir='ltr'><strong>nonnunquam</strong></span> <span class='ocrx_word' id='word_1_631' title='bbox 1828 5801 1951 5838; x_wconf 89' lang='lat' dir='ltr'><strong>cum</strong></span> <span class='ocrx_word' id='word_1_632' title='bbox 1979 5793 2315 5846; x_wconf 86' lang='lat' dir='ltr'><strong>vesceretur,</strong></span> 
     </span>
    </p>
   </div>
   <div class='ocr_carea' id='block_1_90' title="bbox 745 5876 2318 5942">
    <p class='ocr_par' dir='ltr' id='par_1_90' title="bbox 745 5876 2318 5942">
     <span class='ocr_line' id='line_1_90' title="bbox 745 5876 2318 5942; baseline -0.007 -3"><span class='ocrx_word' id='word_1_633' title='bbox 745 5887 918 5939; x_wconf 68' lang='lat' dir='ltr'><strong>somni</strong></span> <span class='ocrx_word' id='word_1_634' title='bbox 956 5885 1214 5939; x_wconf 68' lang='lat' dir='ltr'><strong>viel-&quot;ntia</strong></span> <span class='ocrx_word' id='word_1_635' title='bbox 1254 5885 1406 5935; x_wconf 68' lang='lat' dir='ltr'><strong>Cibus</strong></span> <span class='ocrx_word' id='word_1_636' title='bbox 1442 5882 1487 5933; x_wconf 68' lang='lat' dir='ltr'><strong>ei</strong></span> <span class='ocrx_word' id='word_1_637' title='bbox 1527 5897 1588 5932; x_wconf 71' lang='lat' dir='ltr'><strong>ex</strong></span> <span class='ocrx_word' id='word_1_638' title='bbox 1620 5896 1712 5930; x_wconf 74' lang='lat' dir='ltr'><strong>ure</strong></span> <span class='ocrx_word' id='word_1_639' title='bbox 1751 5876 1976 5931; x_wconf 76' lang='lat' dir='ltr'><strong>excidit.</strong></span> <span class='ocrx_word' id='word_1_640' title='bbox 2017 5876 2189 5942; x_wconf 66' lang='lat' dir='ltr'><strong>Atque</strong></span> <span class='ocrx_word' id='word_1_641' title='bbox 2221 5877 2318 5928; x_wconf 84' lang='lat' dir='ltr'><strong>ali-</strong></span> 
     </span>
    </p>
   </div>
   <div class='ocr_carea' id='block_1_91' title="bbox 2989 3645 3394 3700">
    <p class='ocr_par' dir='ltr' id='par_1_91' title="bbox 2989 3645 3394 3700">
     <span class='ocr_line' id='line_1_91' title="bbox 2989 3645 3394 3700; baseline 0.005 -3"><span class='ocrx_word' id='word_1_642' title='bbox 2989 3648 3032 3698; x_wconf 79' lang='lat' dir='ltr'><strong>K</strong></span> <span class='ocrx_word' id='word_1_643' title='bbox 3043 3647 3238 3700; x_wconf 72' lang='grc' dir='ltr'><strong>ΕΦΛΛ.</strong></span> <span class='ocrx_word' id='word_1_644' title='bbox 3271 3647 3310 3697; x_wconf 91' lang='grc' dir='ltr'><strong>Λ</strong></span> <span class='ocrx_word' id='word_1_645' title='bbox 3322 3645 3394 3699; x_wconf 81' lang='grc' dir='ltr'><strong>Ε’.</strong></span> 
     </span>
    </p>
   </div>
   <div class='ocr_carea' id='block_1_92' title="bbox 2413 3758 3988 3828">
    <p class='ocr_par' dir='ltr' id='par_1_92' title="bbox 2413 3758 3988 3828">
     <span class='ocr_line' id='line_1_92' title="bbox 2413 3758 3988 3828; baseline -0.004 -14"><span class='ocrx_word' id='word_1_646' title='bbox 2413 3762 2548 3828; x_wconf 72' lang='grc' dir='ltr'>Περὶ</span> <span class='ocrx_word' id='word_1_647' title='bbox 2577 3763 2894 3823; x_wconf 55' lang='grc' dir='ltr'>Δωροθέου,</span> <span class='ocrx_word' id='word_1_648' title='bbox 2930 3760 3302 3827; x_wconf 78' lang='grc' dir='ltr'>Πιὰμμωνος,</span> <span class='ocrx_word' id='word_1_649' title='bbox 3337 3758 3637 3822; x_wconf 77' lang='grc' dir='ltr'>Ἰωάννου,</span> <span class='ocrx_word' id='word_1_650' title='bbox 3678 3758 3988 3824; x_wconf 74' lang='grc' dir='ltr'>Βενιαμὶν,</span> 
     </span>
    </p>
   </div>
   <div class='ocr_carea' id='block_1_93' title="bbox 2584 3829 3813 3898">
    <p class='ocr_par' dir='ltr' id='par_1_93' title="bbox 2584 3829 3813 3898">
     <span class='ocr_line' id='line_1_93' title="bbox 2584 3829 3813 3898; baseline -0.002 -13"><span class='ocrx_word' id='word_1_651' title='bbox 2584 3834 2852 3898; x_wconf 76' lang='grc' dir='ltr'>Μάρκου,</span> <span class='ocrx_word' id='word_1_652' title='bbox 2890 3831 3203 3896; x_wconf 67' lang='grc' dir='ltr'>Μαλιαρίου</span> <span class='ocrx_word' id='word_1_653' title='bbox 3241 3829 3340 3882; x_wconf 73' lang='grc' dir='ltr'>καὶ</span> <span class='ocrx_word' id='word_1_654' title='bbox 3375 3831 3813 3883; x_wconf 70' lang='grc' dir='ltr'>Ἀπολλωνίου.</span> 
     </span>
    </p>
   </div>
   <div class='ocr_carea' id='block_1_94' title="bbox 2481 3943 4002 4013">
    <p class='ocr_par' dir='ltr' id='par_1_94' title="bbox 2481 3943 4002 4013">
     <span class='ocr_line' id='line_1_94' title="bbox 2481 3943 4002 4013; baseline -0.001 -15"><span class='ocrx_word' id='word_1_655' title='bbox 2481 3946 2792 4013; x_wconf 82' lang='grc' dir='ltr'>Τηνικαῦτα</span> <span class='ocrx_word' id='word_1_656' title='bbox 2840 3946 2894 3997; x_wconf 79' lang='grc' dir='ltr'>δὲ</span> <span class='ocrx_word' id='word_1_657' title='bbox 2943 3943 3046 3998; x_wconf 70' lang='grc' dir='ltr'><strong>ἀνὰ</strong></span> <span class='ocrx_word' id='word_1_658' title='bbox 3095 3945 3192 4013; x_wconf 74' lang='grc' dir='ltr'><strong>τὴν</strong></span> <span class='ocrx_word' id='word_1_659' title='bbox 3239 3943 3651 4011; x_wconf 69' lang='grc' dir='ltr'>Ἀλεξάνδρειαν</span> <span class='ocrx_word' id='word_1_660' title='bbox 3705 3944 3762 3996; x_wconf 87' lang='grc' dir='ltr'><strong>ἔν</strong></span> <span class='ocrx_word' id='word_1_661' title='bbox 3793 3962 3851 3996; x_wconf 86' lang='grc' dir='ltr'><strong>τε</strong></span> <span class='ocrx_word' id='word_1_662' title='bbox 3885 3947 4002 4006; x_wconf 87' lang='grc' dir='ltr'>τοῖς</span> 
     </span>
    </p>
   </div>
   <div class='ocr_carea' id='block_1_95' title="bbox 2411 4035 4000 4105">
    <p class='ocr_par' dir='ltr' id='par_1_95' title="bbox 2411 4035 4000 4105">
     <span class='ocr_line' id='line_1_95' title="bbox 2411 4035 4000 4105; baseline -0.003 -18"><span class='ocrx_word' id='word_1_663' title='bbox 2411 4038 2698 4105; x_wconf 68' lang='grc' dir='ltr'>ἐρημικοίς</span> <span class='ocrx_word' id='word_1_664' title='bbox 2726 4035 3086 4103; x_wconf 62' lang='grc' dir='ltr'>καλουμένοις</span> <span class='ocrx_word' id='word_1_665' title='bbox 3121 4035 3215 4085; x_wconf 72' lang='grc' dir='ltr'><strong>καὶ</strong></span> <span class='ocrx_word' id='word_1_666' title='bbox 3249 4036 3373 4104; x_wconf 75' lang='grc' dir='ltr'>περὶ</span> <span class='ocrx_word' id='word_1_667' title='bbox 3410 4035 3500 4086; x_wconf 73' lang='grc' dir='ltr'>τὸν</span> <span class='ocrx_word' id='word_1_668' title='bbox 3531 4035 3859 4101; x_wconf 79' lang='grc' dir='ltr'>Μαρεώτην,</span> <span class='ocrx_word' id='word_1_669' title='bbox 3901 4036 4000 4085; x_wconf 70' lang='grc' dir='ltr'>καὶ</span> 
     </span>
    </p>
   </div>
   <div class='ocr_carea' id='block_1_96' title="bbox 2410 4123 4004 4192">
    <p class='ocr_par' dir='ltr' id='par_1_96' title="bbox 2410 4123 4004 4192">
     <span class='ocr_line' id='line_1_96' title="bbox 2410 4123 4004 4192; baseline -0.004 -14"><span class='ocrx_word' id='word_1_670' title='bbox 2410 4128 2536 4188; x_wconf 65' lang='grc' dir='ltr'>τοὺς</span> <span class='ocrx_word' id='word_1_671' title='bbox 2573 4128 2894 4192; x_wconf 77' lang='grc' dir='ltr'>ἐγγειτὸνων</span> <span class='ocrx_word' id='word_1_672' title='bbox 2923 4127 3151 4188; x_wconf 81' lang='grc' dir='ltr'>Λίὸυας,</span> <span class='ocrx_word' id='word_1_673' title='bbox 3204 4125 3395 4175; x_wconf 77' lang='grc' dir='ltr'>πολλοὶ</span> <span class='ocrx_word' id='word_1_674' title='bbox 3434 4125 3525 4174; x_wconf 69' lang='grc' dir='ltr'><strong>καὶ</strong></span> <span class='ocrx_word' id='word_1_675' title='bbox 3580 4123 3774 4188; x_wconf 70' lang='grc' dir='ltr'>ἁγαθοὶ</span> <span class='ocrx_word' id='word_1_676' title='bbox 3805 4123 4004 4187; x_wconf 77' lang='grc' dir='ltr'>ἄνδρες</span> 
     </span>
    </p>
   </div>
   <div class='ocr_carea' id='block_1_97' title="bbox 2415 4214 3999 4284">
    <p class='ocr_par' dir='ltr' id='par_1_97' title="bbox 2415 4214 3999 4284">
     <span class='ocr_line' id='line_1_97' title="bbox 2415 4214 3999 4284; baseline -0.003 -16"><span class='ocrx_word' id='word_1_677' title='bbox 2415 4219 2719 4279; x_wconf 78' lang='grc' dir='ltr'>σπουδαίως</span> <span class='ocrx_word' id='word_1_678' title='bbox 2760 4219 2904 4283; x_wconf 83' lang='grc' dir='ltr'>μάλα</span> <span class='ocrx_word' id='word_1_679' title='bbox 2937 4219 3316 4284; x_wconf 58' lang='grc' dir='ltr'>ἐφιλοσόφουν,</span> <span class='ocrx_word' id='word_1_680' title='bbox 3354 4217 3498 4284; x_wconf 71' lang='grc' dir='ltr'>ἀμφὶ</span> <span class='ocrx_word' id='word_1_681' title='bbox 3521 4216 3771 4282; x_wconf 76' lang='grc' dir='ltr'>δισχίλιοι</span> <span class='ocrx_word' id='word_1_682' title='bbox 3808 4214 3962 4272; x_wconf 65' lang='grc' dir='ltr'>ὄντες</span> <span class='ocrx_word' id='word_1_683' title='bbox 3986 4230 3999 4242; x_wconf 87' lang='grc'><strong>·</strong></span> 
     </span>
    </p>
   </div>
   <div class='ocr_carea' id='block_1_98' title="bbox 2411 4304 4005 4380">
    <p class='ocr_par' dir='ltr' id='par_1_98' title="bbox 2411 4304 4005 4380">
     <span class='ocr_line' id='line_1_98' title="bbox 2411 4304 4005 4380; baseline -0.003 -20"><span class='ocrx_word' id='word_1_684' title='bbox 2411 4311 2468 4362; x_wconf 66' lang='grc' dir='ltr'>ἐν</span> <span class='ocrx_word' id='word_1_685' title='bbox 2507 4305 2586 4370; x_wconf 81' lang='grc' dir='ltr'><strong>οἷς</strong></span> <span class='ocrx_word' id='word_1_686' title='bbox 2630 4304 2720 4361; x_wconf 75' lang='grc' dir='ltr'>οἷὰ</span> <span class='ocrx_word' id='word_1_687' title='bbox 2773 4327 2856 4372; x_wconf 85' lang='grc' dir='ltr'><strong>τις</strong></span> <span class='ocrx_word' id='word_1_688' title='bbox 2914 4311 3088 4380; x_wconf 79' lang='grc' dir='ltr'>ἀστὴρ</span> <span class='ocrx_word' id='word_1_689' title='bbox 3129 4312 3399 4378; x_wconf 80' lang='grc' dir='ltr'>ἐπίσημος</span> <span class='ocrx_word' id='word_1_690' title='bbox 3463 4309 3742 4377; x_wconf 59' lang='lat' dir='ltr'><strong>Amp-$650;</strong></span> <span class='ocrx_word' id='word_1_691' title='bbox 3792 4309 4005 4365; x_wconf 80' lang='grc' dir='ltr'>ἐκεῖνος</span> 
     </span>
    </p>
   </div>
   <div class='ocr_carea' id='block_1_99' title="bbox 2412 4393 4003 4466">
    <p class='ocr_par' dir='ltr' id='par_1_99' title="bbox 2412 4393 4003 4466">
     <span class='ocr_line' id='line_1_99' title="bbox 2412 4393 4003 4466; baseline -0.004 -16"><span class='ocrx_word' id='word_1_692' title='bbox 2412 4397 2726 4463; x_wconf 82' lang='grc' dir='ltr'>διέλαμπεν,</span> <span class='ocrx_word' id='word_1_693' title='bbox 2757 4401 2820 4449; x_wconf 89' lang='grc' dir='ltr'><strong>ἐκ</strong></span> <span class='ocrx_word' id='word_1_694' title='bbox 2848 4397 3042 4464; x_wconf 76' lang='grc' dir='ltr'>Θηϐῶν</span> <span class='ocrx_word' id='word_1_695' title='bbox 3069 4398 3165 4466; x_wconf 80' lang='grc' dir='ltr'><strong>μὲν</strong></span> <span class='ocrx_word' id='word_1_696' title='bbox 3191 4396 3534 4466; x_wconf 73' lang='grc' dir='ltr'>ὁρμώμενος.</span> <span class='ocrx_word' id='word_1_697' title='bbox 3563 4402 3603 4448; x_wconf 89' lang='lat' dir='ltr'><strong>U</strong></span> <span class='ocrx_word' id='word_1_698' title='bbox 3633 4395 3687 4446; x_wconf 81' lang='grc' dir='ltr'>δὲ</span> <span class='ocrx_word' id='word_1_699' title='bbox 3715 4395 3821 4463; x_wconf 80' lang='grc' dir='ltr'>βίος</span> <span class='ocrx_word' id='word_1_700' title='bbox 3850 4393 4003 4458; x_wconf 82' lang='grc' dir='ltr'><strong>αύ</strong></span> 
     </span>
    </p>
   </div>
   <div class='ocr_carea' id='block_1_100' title="bbox 2411 4482 4006 4560">
    <p class='ocr_par' dir='ltr' id='par_1_100' title="bbox 2411 4482 4006 4560">
     <span class='ocr_line' id='line_1_100' title="bbox 2411 4482 4006 4560; baseline -0.005 -21"><span class='ocrx_word' id='word_1_701' title='bbox 2411 4486 2479 4560; x_wconf 80' lang='grc' dir='ltr'>ἦν</span> <span class='ocrx_word' id='word_1_702' title='bbox 2499 4490 2711 4558; x_wconf 70' lang='grc' dir='ltr'>ἡμέρας</span> <span class='ocrx_word' id='word_1_703' title='bbox 2761 4487 2859 4556; x_wconf 82' lang='grc' dir='ltr'><strong>μέν</strong></span> <span class='ocrx_word' id='word_1_704' title='bbox 2891 4489 3069 4548; x_wconf 84' lang='grc' dir='ltr'>λίθους</span> <span class='ocrx_word' id='word_1_705' title='bbox 3108 4490 3170 4537; x_wconf 79' lang='grc' dir='ltr'><strong>ἐκ</strong></span> <span class='ocrx_word' id='word_1_706' title='bbox 3219 4490 3317 4555; x_wconf 82' lang='grc' dir='ltr'>τῆς</span> <span class='ocrx_word' id='word_1_707' title='bbox 3351 4486 3523 4544; x_wconf 82' lang='grc' dir='ltr'>πέλας</span> <span class='ocrx_word' id='word_1_708' title='bbox 3561 4484 3842 4550; x_wconf 75' lang='grc' dir='ltr'>θαλάσσης</span> <span class='ocrx_word' id='word_1_709' title='bbox 3877 4482 4006 4534; x_wconf 86' lang='grc' dir='ltr'>συλ-</span> 
     </span>
    </p>
   </div>
   <div class='ocr_carea' id='block_1_101' title="bbox 2414 4578 4004 4650">
    <p class='ocr_par' dir='ltr' id='par_1_101' title="bbox 2414 4578 4004 4650">
     <span class='ocr_line' id='line_1_101' title="bbox 2414 4578 4004 4650; baseline -0.006 -17"><span class='ocrx_word' id='word_1_710' title='bbox 2414 4584 2616 4650; x_wconf 82' lang='grc' dir='ltr'>λέγειν,</span> <span class='ocrx_word' id='word_1_711' title='bbox 2644 4585 2734 4635; x_wconf 65' lang='lat' dir='ltr'><strong>xui.</strong></span> <span class='ocrx_word' id='word_1_712' title='bbox 2768 4581 2990 4634; x_wconf 74' lang='grc' dir='ltr'>οἰκίδιον</span> <span class='ocrx_word' id='word_1_713' title='bbox 3030 4581 3246 4647; x_wconf 75' lang='grc' dir='ltr'>ἑκάστῳ</span> <span class='ocrx_word' id='word_1_714' title='bbox 3286 4579 3395 4629; x_wconf 70' lang='grc' dir='ltr'>ἔτει</span> <span class='ocrx_word' id='word_1_715' title='bbox 3417 4578 3748 4644; x_wconf 74' lang='grc' dir='ltr'>οἰκοδομεῖν,</span> <span class='ocrx_word' id='word_1_716' title='bbox 3773 4578 4004 4626; x_wconf 78' lang='grc' dir='ltr'>κακεῖνο</span> 
     </span>
    </p>
   </div>
   <div class='ocr_carea' id='block_1_102' title="bbox 2415 4663 4006 4744">
    <p class='ocr_par' dir='ltr' id='par_1_102' title="bbox 2415 4663 4006 4744">
     <span class='ocr_line' id='line_1_102' title="bbox 2415 4663 4006 4744; baseline -0.006 -18"><span class='ocrx_word' id='word_1_717' title='bbox 2415 4676 2506 4744; x_wconf 75' lang='grc' dir='ltr'><strong>ὲᾷν</strong></span> <span class='ocrx_word' id='word_1_718' title='bbox 2540 4674 2618 4742; x_wconf 78' lang='grc' dir='ltr'>τῷ</span> <span class='ocrx_word' id='word_1_719' title='bbox 2652 4674 2725 4742; x_wconf 86' lang='grc' dir='ltr'>μὴ</span> <span class='ocrx_word' id='word_1_720' title='bbox 2755 4672 3038 4741; x_wconf 83' lang='grc' dir='ltr'>δυναμένῳ</span> <span class='ocrx_word' id='word_1_721' title='bbox 3068 4671 3274 4732; x_wconf 77' lang='grc' dir='ltr'>κτίζειν</span> <span class='ocrx_word' id='word_1_722' title='bbox 3295 4685 3308 4698; x_wconf 75' lang='grc' dir='ltr'><strong>ο</strong></span> <span class='ocrx_word' id='word_1_723' title='bbox 3354 4667 3573 4735; x_wconf 85' lang='grc' dir='ltr'>νύκτωρ</span> <span class='ocrx_word' id='word_1_724' title='bbox 3603 4667 3659 4717; x_wconf 80' lang='grc' dir='ltr'><strong>δὲ</strong></span> <span class='ocrx_word' id='word_1_725' title='bbox 3688 4663 3878 4732; x_wconf 72' lang='grc' dir='ltr'>σειρὰς</span> <span class='ocrx_word' id='word_1_726' title='bbox 3939 4665 4006 4716; x_wconf 91' lang='grc' dir='ltr'><strong>ἐκ</strong></span> 
     </span>
    </p>
   </div>
   <div class='ocr_carea' id='block_1_103' title="bbox 2417 4758 4002 4836">
    <p class='ocr_par' dir='ltr' id='par_1_103' title="bbox 2417 4758 4002 4836">
     <span class='ocr_line' id='line_1_103' title="bbox 2417 4758 4002 4836; baseline -0.006 -19"><span class='ocrx_word' id='word_1_727' title='bbox 2417 4770 2630 4836; x_wconf 79' lang='grc' dir='ltr'>φύλλων</span> <span class='ocrx_word' id='word_1_728' title='bbox 2659 4767 2901 4832; x_wconf 81' lang='grc' dir='ltr'>φοίνικος</span> <span class='ocrx_word' id='word_1_729' title='bbox 2927 4763 3170 4823; x_wconf 79' lang='grc' dir='ltr'>πλέκειν,</span> <span class='ocrx_word' id='word_1_730' title='bbox 3195 4763 3290 4814; x_wconf 78' lang='grc' dir='ltr'>καὶ</span> <span class='ocrx_word' id='word_1_731' title='bbox 3335 4760 3602 4827; x_wconf 77' lang='grc' dir='ltr'>σπυρίδας</span> <span class='ocrx_word' id='word_1_732' title='bbox 3641 4759 3838 4827; x_wconf 77' lang='grc' dir='ltr'>ἐργαζε</span> <span class='ocrx_word' id='word_1_733' title='bbox 3853 4758 4002 4812; x_wconf 80' lang='grc' dir='ltr'>σθαι.</span> 
     </span>
    </p>
   </div>
   <div class='ocr_carea' id='block_1_104' title="bbox 2421 4849 4006 4924">
    <p class='ocr_par' dir='ltr' id='par_1_104' title="bbox 2421 4849 4006 4924">
     <span class='ocr_line' id='line_1_104' title="bbox 2421 4849 4006 4924; baseline -0.011 -10"><span class='ocrx_word' id='word_1_734' title='bbox 2421 4860 2518 4924; x_wconf 78' lang='grc' dir='ltr'><strong>Ἐξ</strong></span> <span class='ocrx_word' id='word_1_735' title='bbox 2555 4861 2597 4911; x_wconf 82' lang='grc' dir='ltr'>δ’</span> <span class='ocrx_word' id='word_1_736' title='bbox 2632 4857 2848 4924; x_wconf 79' lang='grc' dir='ltr'>ούγγίαι</span> <span class='ocrx_word' id='word_1_737' title='bbox 2877 4857 3040 4922; x_wconf 81' lang='grc' dir='ltr'>ἄρτου</span> <span class='ocrx_word' id='word_1_738' title='bbox 3074 4851 3140 4924; x_wconf 84' lang='grc' dir='ltr'>ἧν</span> <span class='ocrx_word' id='word_1_739' title='bbox 3178 4854 3326 4921; x_wconf 83' lang='grc' dir='ltr'>αὐτῷ</span> <span class='ocrx_word' id='word_1_740' title='bbox 3357 4854 3389 4921; x_wconf 83' lang='grc' dir='ltr'>ἠ</span> <span class='ocrx_word' id='word_1_741' title='bbox 3442 4851 3641 4919; x_wconf 81' lang='grc' dir='ltr'>τροφὴ,</span> <span class='ocrx_word' id='word_1_742' title='bbox 3680 4849 3774 4900; x_wconf 77' lang='grc' dir='ltr'>καὶ</span> <span class='ocrx_word' id='word_1_743' title='bbox 3805 4849 4006 4900; x_wconf 78' lang='grc' dir='ltr'>ἀπόδε-</span> 
     </span>
    </p>
   </div>
   <div class='ocr_carea' id='block_1_105' title="bbox 2420 4939 4005 5021">
    <p class='ocr_par' dir='ltr' id='par_1_105' title="bbox 2420 4939 4005 5021">
     <span class='ocr_line' id='line_1_105' title="bbox 2420 4939 4005 5021; baseline -0.008 -17"><span class='ocrx_word' id='word_1_744' title='bbox 2420 4969 2553 5021; x_wconf 89' lang='grc' dir='ltr'>σμος</span> <span class='ocrx_word' id='word_1_745' title='bbox 2591 4951 2841 5018; x_wconf 72' lang='grc' dir='ltr'>λαχάνων</span> <span class='ocrx_word' id='word_1_746' title='bbox 2869 4947 3101 5003; x_wconf 80' lang='grc' dir='ltr'>λεπτῶν.</span> <span class='ocrx_word' id='word_1_747' title='bbox 3130 4944 3222 4996; x_wconf 69' lang='grc' dir='ltr'>καὶ</span> <span class='ocrx_word' id='word_1_748' title='bbox 3255 4944 3399 5010; x_wconf 84' lang='grc' dir='ltr'>ὕδωρ</span> <span class='ocrx_word' id='word_1_749' title='bbox 3436 4944 3616 4994; x_wconf 79' lang='grc' dir='ltr'>ποτόν.</span> <span class='ocrx_word' id='word_1_750' title='bbox 3664 4941 3757 4991; x_wconf 82' lang='grc' dir='ltr'>Ἐκ</span> <span class='ocrx_word' id='word_1_751' title='bbox 3790 4941 3912 4990; x_wconf 88' lang='grc' dir='ltr'>νέου</span> <span class='ocrx_word' id='word_1_752' title='bbox 3943 4939 4005 4992; x_wconf 79' lang='grc' dir='ltr'>δὲ</span> 
     </span>
    </p>
   </div>
   <div class='ocr_carea' id='block_1_106' title="bbox 2416 5032 4004 5114">
    <p class='ocr_par' dir='ltr' id='par_1_106' title="bbox 2416 5032 4004 5114">
     <span class='ocr_line' id='line_1_106' title="bbox 2416 5032 4004 5114; baseline -0.008 -19"><span class='ocrx_word' id='word_1_753' title='bbox 2416 5045 2515 5114; x_wconf 83' lang='grc' dir='ltr'>τὴν</span> <span class='ocrx_word' id='word_1_754' title='bbox 2555 5042 2811 5108; x_wconf 84' lang='grc' dir='ltr'>τοιαύτην</span> <span class='ocrx_word' id='word_1_755' title='bbox 2875 5040 3264 5107; x_wconf 69' lang='grc' dir='ltr'>ἀσπασάμενος</span> <span class='ocrx_word' id='word_1_756' title='bbox 3325 5037 3562 5098; x_wconf 81' lang='grc' dir='ltr'>διαιταν,</span> <span class='ocrx_word' id='word_1_757' title='bbox 3604 5032 3776 5102; x_wconf 82' lang='grc' dir='ltr'>ταύτῃ</span> <span class='ocrx_word' id='word_1_758' title='bbox 3828 5033 4004 5097; x_wconf 79' lang='grc' dir='ltr'>συνῆν</span> 
     </span>
    </p>
   </div>
   <div class='ocr_carea' id='block_1_107' title="bbox 2416 5124 4004 5203">
    <p class='ocr_par' dir='ltr' id='par_1_107' title="bbox 2416 5124 4004 5203">
     <span class='ocr_line' id='line_1_107' title="bbox 2416 5124 4004 5203; baseline -0.009 -14"><span class='ocrx_word' id='word_1_759' title='bbox 2416 5139 2519 5190; x_wconf 73' lang='grc' dir='ltr'>ἀεί.</span> <span class='ocrx_word' id='word_1_760' title='bbox 2555 5135 2774 5203; x_wconf 84' lang='grc' dir='ltr'>Καίπερ</span> <span class='ocrx_word' id='word_1_761' title='bbox 2799 5133 2852 5185; x_wconf 80' lang='grc' dir='ltr'><strong>δὲ</strong></span> <span class='ocrx_word' id='word_1_762' title='bbox 2885 5135 2962 5194; x_wconf 85' lang='grc' dir='ltr'>εἰς</span> <span class='ocrx_word' id='word_1_763' title='bbox 2993 5131 3126 5200; x_wconf 79' lang='grc' dir='ltr'>βαθὺ</span> <span class='ocrx_word' id='word_1_764' title='bbox 3161 5133 3333 5200; x_wconf 73' lang='grc' dir='ltr'>γῆρας</span> <span class='ocrx_word' id='word_1_765' title='bbox 3362 5128 3584 5193; x_wconf 73' lang='grc' dir='ltr'>ἐλάσας,</span> <span class='ocrx_word' id='word_1_766' title='bbox 3611 5127 3732 5179; x_wconf 83' lang='grc' dir='ltr'>οὐδέ</span> <span class='ocrx_word' id='word_1_767' title='bbox 3767 5124 4004 5178; x_wconf 76' lang='grc' dir='ltr'>ποτ’ἐπὶ</span> 
     </span>
    </p>
   </div>
   <div class='ocr_carea' id='block_1_108' title="bbox 2420 5214 4008 5296">
    <p class='ocr_par' dir='ltr' id='par_1_108' title="bbox 2420 5214 4008 5296">
     <span class='ocr_line' id='line_1_108' title="bbox 2420 5214 4008 5296; baseline -0.009 -19"><span class='ocrx_word' id='word_1_768' title='bbox 2420 5225 2576 5296; x_wconf 78' lang='grc' dir='ltr'>ῥιπὸς</span> <span class='ocrx_word' id='word_1_769' title='bbox 2630 5224 2662 5290; x_wconf 79' lang='grc' dir='ltr'>ἢ</span> <span class='ocrx_word' id='word_1_770' title='bbox 2694 5223 2881 5290; x_wconf 85' lang='grc' dir='ltr'>κλίνης</span> <span class='ocrx_word' id='word_1_771' title='bbox 2945 5219 3288 5287; x_wconf 79' lang='grc' dir='ltr'>καθευδήσας</span> <span class='ocrx_word' id='word_1_772' title='bbox 3323 5216 3624 5285; x_wconf 82' lang='grc' dir='ltr'>ἐωράθη,ἢ</span> <span class='ocrx_word' id='word_1_773' title='bbox 3673 5218 3800 5276; x_wconf 64' lang='grc' dir='ltr'>τοὺς</span> <span class='ocrx_word' id='word_1_774' title='bbox 3832 5214 4008 5276; x_wconf 66' lang='grc' dir='ltr'>πόδας</span> 
     </span>
    </p>
   </div>
   <div class='ocr_carea' id='block_1_109' title="bbox 2419 5308 4008 5384">
    <p class='ocr_par' dir='ltr' id='par_1_109' title="bbox 2419 5308 4008 5384">
     <span class='ocr_line' id='line_1_109' title="bbox 2419 5308 4008 5384; baseline -0.006 -16"><span class='ocrx_word' id='word_1_775' title='bbox 2419 5317 2504 5368; x_wconf 83' lang='grc' dir='ltr'>ἐπ’</span> <span class='ocrx_word' id='word_1_776' title='bbox 2534 5317 2713 5368; x_wconf 84' lang='grc' dir='ltr'>ἀνέσει</span> <span class='ocrx_word' id='word_1_777' title='bbox 2744 5315 2906 5384; x_wconf 74' lang='grc' dir='ltr'>δῆθεν</span> <span class='ocrx_word' id='word_1_778' title='bbox 2939 5313 3205 5375; x_wconf 77' lang='grc' dir='ltr'>ἐκτείνας,</span> <span class='ocrx_word' id='word_1_779' title='bbox 3258 5313 3287 5381; x_wconf 78' lang='grc' dir='ltr'>ἦ</span> <span class='ocrx_word' id='word_1_780' title='bbox 3323 5312 3467 5363; x_wconf 75' lang='grc' dir='ltr'>ἑκὼν</span> <span class='ocrx_word' id='word_1_781' title='bbox 3496 5311 3689 5363; x_wconf 68' lang='grc' dir='ltr'>ἑαυτὸν</span> <span class='ocrx_word' id='word_1_782' title='bbox 3718 5311 3794 5370; x_wconf 73' lang='grc' dir='ltr'><strong>εἰς</strong></span> <span class='ocrx_word' id='word_1_783' title='bbox 3829 5308 4008 5360; x_wconf 87' lang='grc' dir='ltr'>ὕπνον</span> 
     </span>
    </p>
   </div>
   <div class='ocr_carea' id='block_1_110' title="bbox 2420 5404 4002 5480">
    <p class='ocr_par' dir='ltr' id='par_1_110' title="bbox 2420 5404 4002 5480">
     <span class='ocr_line' id='line_1_110' title="bbox 2420 5404 4002 5480; baseline -0.004 -20"><span class='ocrx_word' id='word_1_784' title='bbox 2420 5411 2639 5480; x_wconf 69' lang='grc' dir='ltr'>τρίψαςο</span> <span class='ocrx_word' id='word_1_785' title='bbox 2664 5410 2695 5477; x_wconf 78' lang='grc' dir='ltr'>ἦ</span> <span class='ocrx_word' id='word_1_786' title='bbox 2717 5410 2826 5476; x_wconf 72' lang='grc' dir='ltr'>γὰρ</span> <span class='ocrx_word' id='word_1_787' title='bbox 2855 5409 3230 5475; x_wconf 79' lang='grc' dir='ltr'>ἐργαζομένῳ,</span> <span class='ocrx_word' id='word_1_788' title='bbox 3262 5408 3295 5476; x_wconf 79' lang='grc' dir='ltr'>ἢ</span> <span class='ocrx_word' id='word_1_789' title='bbox 3326 5407 3421 5456; x_wconf 69' lang='grc' dir='ltr'><strong>καὶ</strong></span> <span class='ocrx_word' id='word_1_790' title='bbox 3453 5406 3711 5466; x_wconf 57' lang='grc' dir='ltr'>πολλάκις</span> <span class='ocrx_word' id='word_1_791' title='bbox 3739 5404 4002 5467; x_wconf 76' lang='grc' dir='ltr'>ἐσθῖοντι,</span> 
     </span>
    </p>
   </div>
   <div class='ocr_carea' id='block_1_111' title="bbox 2429 5495 4006 5568">
    <p class='ocr_par' dir='ltr' id='par_1_111' title="bbox 2429 5495 4006 5568">
     <span class='ocr_line' id='line_1_111' title="bbox 2429 5495 4006 5568; baseline -0.005 -19"><span class='ocrx_word' id='word_1_792' title='bbox 2429 5501 2568 5568; x_wconf 75' lang='grc' dir='ltr'>μετὰ</span> <span class='ocrx_word' id='word_1_793' title='bbox 2609 5497 2806 5563; x_wconf 83' lang='grc' dir='ltr'>πολλῆς</span> <span class='ocrx_word' id='word_1_794' title='bbox 2833 5496 2949 5565; x_wconf 87' lang='grc' dir='ltr'>βίας</span> <span class='ocrx_word' id='word_1_795' title='bbox 2976 5498 3003 5546; x_wconf 88' lang='grc' dir='ltr'>ὁ</span> <span class='ocrx_word' id='word_1_796' title='bbox 3030 5495 3192 5556; x_wconf 80' lang='grc' dir='ltr'>ὕπνος</span> <span class='ocrx_word' id='word_1_797' title='bbox 3221 5495 3368 5563; x_wconf 77' lang='grc' dir='ltr'>αὐτῷ</span> <span class='ocrx_word' id='word_1_798' title='bbox 3396 5496 3644 5562; x_wconf 84' lang='grc' dir='ltr'>ἐπεχείτο</span> <span class='ocrx_word' id='word_1_799' title='bbox 3663 5532 3674 5554; x_wconf 85' lang='grc'><strong>,</strong></span> <span class='ocrx_word' id='word_1_800' title='bbox 3705 5495 3798 5544; x_wconf 74' lang='grc' dir='ltr'><strong>ἐπὶ</strong></span> <span class='ocrx_word' id='word_1_801' title='bbox 3819 5495 4006 5556; x_wconf 87' lang='grc' dir='ltr'>τόσον,</span> 
     </span>
    </p>
   </div>
   <div class='ocr_carea' id='block_1_112' title="bbox 2424 5587 4008 5658">
    <p class='ocr_par' dir='ltr' id='par_1_112' title="bbox 2424 5587 4008 5658">
     <span class='ocr_line' id='line_1_112' title="bbox 2424 5587 4008 5658; baseline -0.004 -16"><span class='ocrx_word' id='word_1_802' title='bbox 2424 5593 2545 5643; x_wconf 82' lang='grc' dir='ltr'>ὅσον</span> <span class='ocrx_word' id='word_1_803' title='bbox 2580 5589 2745 5658; x_wconf 79' lang='grc' dir='ltr'>μῦσαι</span> <span class='ocrx_word' id='word_1_804' title='bbox 2773 5592 2896 5651; x_wconf 78' lang='grc' dir='ltr'>τοὺς</span> <span class='ocrx_word' id='word_1_805' title='bbox 2929 5589 3240 5657; x_wconf 58' lang='grc' dir='ltr'>ὀφθαλμούς</span> <span class='ocrx_word' id='word_1_806' title='bbox 3270 5603 3284 5617; x_wconf 83' lang='grc'><strong><em>⁸</em></strong></span> <span class='ocrx_word' id='word_1_807' title='bbox 3310 5589 3384 5650; x_wconf 85' lang='grc' dir='ltr'><strong>ὡς</strong></span> <span class='ocrx_word' id='word_1_808' title='bbox 3426 5587 3686 5649; x_wconf 72' lang='grc' dir='ltr'>πολλάκις</span> <span class='ocrx_word' id='word_1_809' title='bbox 3726 5587 4008 5646; x_wconf 75' lang='grc' dir='ltr'>ἐσἿίοντος</span> 
     </span>
    </p>
   </div>
   <div class='ocr_carea' id='block_1_113' title="bbox 2423 5680 4007 5751">
    <p class='ocr_par' dir='ltr' id='par_1_113' title="bbox 2423 5680 4007 5751">
     <span class='ocr_line' id='line_1_113' title="bbox 2423 5680 4007 5751; baseline -0.003 -17"><span class='ocrx_word' id='word_1_810' title='bbox 2423 5687 2488 5751; x_wconf 80' lang='grc' dir='ltr'>τῇ</span> <span class='ocrx_word' id='word_1_811' title='bbox 2516 5685 2609 5734; x_wconf 85' lang='grc' dir='ltr'><strong>τοῦ</strong></span> <span class='ocrx_word' id='word_1_812' title='bbox 2645 5683 2812 5736; x_wconf 86' lang='grc' dir='ltr'>ὕπνου</span> <span class='ocrx_word' id='word_1_813' title='bbox 2853 5682 2942 5751; x_wconf 78' lang='grc' dir='ltr'>βία</span> <span class='ocrx_word' id='word_1_814' title='bbox 2971 5683 3067 5751; x_wconf 83' lang='grc' dir='ltr'><strong>τὴν</strong></span> <span class='ocrx_word' id='word_1_815' title='bbox 3099 5682 3303 5751; x_wconf 74' lang='grc' dir='ltr'>τροφὴν</span> <span class='ocrx_word' id='word_1_816' title='bbox 3343 5682 3633 5732; x_wconf 79' lang='grc' dir='ltr'>ἐκπίπτειν</span> <span class='ocrx_word' id='word_1_817' title='bbox 3659 5680 3753 5732; x_wconf 80' lang='grc' dir='ltr'>τοῦ</span> <span class='ocrx_word' id='word_1_818' title='bbox 3791 5681 4007 5748; x_wconf 76' lang='grc' dir='ltr'>στόμα-</span> 
     </span>
    </p>
   </div>
   <div class='ocr_carea' id='block_1_114' title="bbox 2424 5773 4007 5845">
    <p class='ocr_par' dir='ltr' id='par_1_114' title="bbox 2424 5773 4007 5845">
     <span class='ocr_line' id='line_1_114' title="bbox 2424 5773 4007 5845; baseline -0.004 -17"><span class='ocrx_word' id='word_1_819' title='bbox 2424 5793 2535 5834; x_wconf 72' lang='grc' dir='ltr'>τος.</span> <span class='ocrx_word' id='word_1_820' title='bbox 2584 5777 2690 5827; x_wconf 85' lang='grc' dir='ltr'>Καί</span> <span class='ocrx_word' id='word_1_821' title='bbox 2749 5776 2866 5827; x_wconf 80' lang='grc' dir='ltr'>ποτ’</span> <span class='ocrx_word' id='word_1_822' title='bbox 2924 5775 3155 5845; x_wconf 77' lang='grc' dir='ltr'>ἀμέτρῳ</span> <span class='ocrx_word' id='word_1_823' title='bbox 3213 5773 3302 5842; x_wconf 74' lang='grc' dir='ltr'>βία</span> <span class='ocrx_word' id='word_1_824' title='bbox 3363 5773 3438 5841; x_wconf 81' lang='grc' dir='ltr'><strong>τῷ</strong></span> <span class='ocrx_word' id='word_1_825' title='bbox 3472 5774 3625 5839; x_wconf 84' lang='grc' dir='ltr'>ὕπνῳ</span> <span class='ocrx_word' id='word_1_826' title='bbox 3667 5773 4007 5838; x_wconf 69' lang='grc' dir='ltr'>κατάσχετος</span> 
     </span>
    </p>
   </div>
   <div class='ocr_carea' id='block_1_115' title="bbox 2427 5863 4010 5941">
    <p class='ocr_par' dir='ltr' id='par_1_115' title="bbox 2427 5863 4010 5941">
     <span class='ocr_line' id='line_1_115' title="bbox 2427 5863 4010 5941; baseline -0.004 -21"><span class='ocrx_word' id='word_1_827' title='bbox 2427 5868 2684 5937; x_wconf 69' lang='grc' dir='ltr'>γεγονὼς,</span> <span class='ocrx_word' id='word_1_828' title='bbox 2714 5870 2803 5918; x_wconf 72' lang='grc' dir='ltr'><strong>ἐπὶ</strong></span> <span class='ocrx_word' id='word_1_829' title='bbox 2832 5868 2984 5941; x_wconf 61' lang='grc' dir='ltr'>ῥιπὸς</span> <span class='ocrx_word' id='word_1_830' title='bbox 3035 5865 3213 5918; x_wconf 76' lang='grc' dir='ltr'>πεσὼν</span> <span class='ocrx_word' id='word_1_831' title='bbox 3242 5865 3417 5917; x_wconf 79' lang='grc' dir='ltr'>ἔλαθε.</span> <span class='ocrx_word' id='word_1_832' title='bbox 3450 5866 3624 5918; x_wconf 55' lang='lat' dir='ltr'><strong>[lolii</strong></span> <span class='ocrx_word' id='word_1_833' title='bbox 3651 5863 3696 5918; x_wconf 85' lang='grc' dir='ltr'>δ’</span> <span class='ocrx_word' id='word_1_834' title='bbox 3724 5867 3811 5916; x_wconf 72' lang='grc' dir='ltr'>ἐπὶ</span> <span class='ocrx_word' id='word_1_835' title='bbox 3830 5881 4010 5927; x_wconf 61' lang='grc' dir='ltr'>τουτί-ι»</span> 
     </span>
    </p>
   </div>
  </div>
