4288 6438
297 427 398 490 697

1248 428 1852 490 ECCLESIASTIC/E
1896 429 2286 491 HISTORIA!
2329 431 2478 489 LIB.
2525 430 2629 490 XI.

3446 430 3557 493 698

298 542 611 612 ἀσχάλλων,
646 545 832 616 ἡρέμα
882 547 1239 617 ὲπιστραφεὶς
1271 549 1374 617 ἔφη
1408 552 1466 602 ἐν
1496 549 1681 616 ἑαυτῷ
1702 564 1717 580 ι
1758 568 1777 597 ο
1819 549 1879 601 ΕΙ
1908 551 1956 607 Α
1988 572 1991 591 ι

1867 550 1879 598 l
1908 551 1956 607 Α
1988 547 2207 615 quando
2234 548 2443 617 ingenti
2474 549 2523 601 vi
2564 550 2741 602 somni
2774 564 3091 618 oppressus.
3123 549 3176 603 in
3207 558 3439 621 tegetem
3473 552 3557 605 ln-

294 640 425 697 τοὺς
476 638 745 706 ἀγγέλους
780 639 1224 708 παρασκευάσεις
1266 642 1474 701 ὑπνεῐν,
1518 639 1728 702 πείσεις
1766 641 1873 709 ἄρα

292 732 389 783 καὶ
436 732 526 784 τὸν
572 734 880 785 σπουδαῖον.
921 753 941 785 ι
978 733 1274 801 Ὑπέφαινε
1320 734 1364 786 δ’
1391 730 1501 787 οἷον
1545 734 1577 805 ἢ
1612 734 1750 803 πρὸς
1781 734 1873 785 τὸν

292 822 466 876 ῦπνον
502 825 693 889 αὐτὸν,
728 825 759 894 ἢ
799 826 937 898 πρὸς
965 826 1056 879 τὸν
1081 828 1315 896 δαίμονα
1349 828 1439 879 τὸν
1468 826 1720 896 ἐμποδὼν
1744 828 1873 881 καθ-

294 916 588 983 ιστάμενον
609 920 725 977 ταῖς
748 921 1067 982 σπουδαίαις
1093 921 1201 973 τῶν
1230 920 1481 988 πράξεων
1506 922 1870 988 διαλέγεσθαι.

290 1007 447 1059 Οῦτω
472 1009 529 1059 δὲ
562 1010 698 1077 πρὸς
752 1011 813 1062 τὸ
853 1012 1011 1079 σῶμα
1058 1011 1480 1081 διαμαχόμενον,
1518 1017 1760 1082 προσιών
1790 1014 1872 1077 τίς

288 1115 460 1164 φησιν
482 1116 496 1130 ο
527 1118 545 1149 ι
582 1101 701 1153 Ἵνα
724 1103 776 1153 τί
797 1103 856 1153 τὸ
886 1105 976 1156 σόν
1006 1107 1345 1167 ἀποκτείνεις
1368 1106 1660 1175 ἐπιτρίϐων
1686 1107 1867 1175 σῶμα,

287 1184 334 1242 ὦ
360 1191 568 1259 πάτερς
596 1212 613 1243 ι
646 1194 737 1247 τὸν
758 1195 803 1247 δ’
833 1196 1263 1264 ἀποκρίνασθαι,
1298 1216 1316 1249 ι
1345 1198 1473 1251 Ὀτι
1504 1216 1567 1265 μι
1591 1200 1721 1252 αὐτὸ
1746 1200 1869 1252 11:0-

286 1288 501 1336 κτεῖναι
528 1285 694 1339 θέλει.
736 1305 754 1339 ι
796 1289 929 1355 Περὶ
973 1289 1027 1339 δὲ
1057 1288 1268 1341 διολκον
1300 1289 1398 1360 τὴν
1424 1292 1560 1357 πρὸς
1596 1291 1870 1358 Αἴγυπτον

286 1377 569 1445 Πιάμμων
606 1380 700 1430 καὶ
769 1380 1027 1447 Ἰωάννης
1088 1383 1481 1451 ἔπισημοτάτω
1536 1385 1723 1453 ἤστην,
1777 1389 1869 1440 καὶ

283 1470 503 1522 πολλῶν
532 1471 777 1538 ἀδελφῶν
805 1472 1153 1541 καθηγοῦντο
1189 1476 1401 1543 σεμνῶς
1437 1476 1583 1543 μάλα
1618 1478 1711 1527 καὶ
1746 1479 1870 1530 ἐπι-

287 1562 491 1631 μελῶς.
524 1566 987 1637 Πρεσϐύτεροιδὲ
1022 1570 1112 1619 καὶ
1152 1568 1320 1636 ἄμφω
1352 1566 1511 1640 ἦσαν.
1553 1572 1782 1638 Λέγεται
1813 1572 1867 1625 δὲ

282 1658 377 1707 τὸν
415 1658 725 1727 Πιάμμωνα
762 1661 1040 1729 μυστικῶς
1073 1665 1310 1716 κατιδεῖν
1336 1665 1479 1716 θεῖον
1504 1666 1734 1733 ἄγγελον
1771 1669 1869 1720 σὺν

285 1750 411 1819 ἱερᾷ
444 1752 511 1820 τῇ
549 1752 710 1820 στολῇ
745 1755 895 1821 παρὰ
925 1753 1024 1822 τὴν
1060 1754 1213 1823 ἱερὰν
1239 1757 1521 1823 τράπεζαν
1546 1760 1865 1824 ἐφεστάναι,

284 1843 533 1903 καὶτοὺς
559 1845 832 1914 παρόντας
871 1847 981 1898 τῶν
1014 1849 1267 1918 μοναχῶν
1325 1850 1379 1902 ἓν
1416 1869 1522 1903 τινι
1558 1851 1726 1921 βίῦλῳ
1779 1855 1867 1919 ἐγ-

283 1936 565 2004 γράφειν
623 1938 740 1990 ὅσοι
789 1938 845 1991 δὲ
879 1939 975 2008 τῆς
1010 1942 1281 2006 συνάξεως
1331 1944 1567 2011 ἀπῆσαν,
1624 1945 1865 2009 ἐκείνους

280 2026 341 2078 δὲ
374 2028 481 2095 ἄρα
511 2030 835 2099 ἀπαλείφειν
860 2036 951 2084 καὶ
977 2033 1324 2103 διαγράφειν.
1374 2036 1625 2105 Ἰωάννην
1660 2038 1713 2089 δὲ
1741 2039 1868 2090 θαῦ·

285 2135 423 2187 μασι
456 2120 673 2183 πολλοῖς
724 2122 977 2186 ἐδόξασεν
1011 2126 1038 2176 ό
1090 2127 1244 2189 Θεὸς,
1293 2125 1368 2187 ὡς
1402 2128 1495 2179 καὶ
1532 2128 1729 2190 πολλάς
1761 2130 1866 2181 τῶν

279 2210 457 2265 νόσων
484 2212 764 2279 ἰάσασθαι,
795 2215 964 2278 πόδας
987 2234 1046 2269 τε
1096 2218 1403 2285 ἀλγοῦντας
1450 2219 1676 2283 πολλοὺς
1712 2219 1867 2290 θερα-

280 2301 507 2364 πεῦσαι,
541 2305 635 2354 καὶ
668 2305 845 2367 άλλως
890 2304 1313 2376 διαλελυμένους
1347 2309 1413 2360 τα
1446 2307 1644 2378 ἄρθρα.
1706 2309 1865 2362 Κατά

280 2392 479 2445 τοῦτον
507 2395 563 2449 δὲ
595 2396 685 2447 τὸν
716 2397 908 2466 χρόνον
940 2399 1034 2451 καὶ
1086 2402 1112 2451 ό
1152 2400 1292 2459 θεῖος
1328 2400 1585 2469 Βενιαμὶν
1613 2404 1741 2469 περί
1768 2404 1865 2471 τὴν

282 2488 485 2556 Σκῆτιι
520 2490 665 2556 μάλα
707 2492 1042 2561 ἐφιλοσόφει.
1073 2494 1254 2563 Δῶρον
1288 2494 1332 2547 δ’
1373 2487 1529 2557 οὗτος
1557 2495 1690 2563 πρὸς
1725 2494 1862 2547 Θεοῦ

279 2575 567 2644 εἰληφιναι
621 2578 866 2645 λέγεται,
898 2580 1209 2648 φαρμάκων
1249 2580 1394 2649 δίχα,
1432 2582 1618 2650 ἐπαφῇ
1646 2581 1701 2633 δὲ
1726 2584 1861 2653 μόνῃ

280 2672 491 2738 χειρὸς,
543 2671 575 2739 ἦ
629 2687 735 2722 τινι
785 2671 948 2741 nam
1010 2671 1129 2741 μεθ’
1168 2666 1230 2727 οῦ
1266 2676 1367 2741 τὴν
1406 2674 1569 2742 εὐχὴν
1605 2674 1861 2743 ἔπραττε,

280 2761 458 2813 νόσων
493 2763 765 2813 παντοίων
790 2764 1156 2817 ἀπαλλάττειν
1198 2766 1322 2827 τοὺς
1353 2766 1685 2833 κάμνοντας.
1724 2766 1863 2819 Τοῦ-

278 2870 374 2904 τον
408 2853 465 2904 δέ
500 2870 664 2920 φασιν
684 2853 916 2924 ὕστερον
946 2856 1119 2926 ὑδέρῳ
1167 2858 1556 2926 περιπεσόντα,
1596 2860 1653 2920 ἐς
1675 2856 1862 2910 τοσοῦ-

280 2961 377 2997 τον
410 2947 625 3014 οίδῆσαι
657 2946 718 2999 τὸ
749 2948 931 3017 σῶμα,
979 2949 1054 3011 ῶς
1091 2950 1166 3016 μὴ
1194 2949 1456 3003 δύνασθαι
1504 2950 1594 3001 διὰ
1631 2953 1729 3018 τῆς
1763 2949 1859 3003 τοῦ

277 3036 434 3089 οἴκου
468 3039 645 3107 πύλης
677 3034 720 3106 ᾧ
751 3041 938 3107 διῆγεν
964 3041 1277 3107 ἐξάγεσθαι,
1303 3046 1350 3094 εἰ
1384 3043 1460 3112 μὴ
1489 3044 1752 3113 πρότερόν
1776 3061 1859 3105 τις

278 3130 378 3192 τάς
401 3146 463 3181 τε
518 3132 695 3194 πύλας
727 3133 823 3185 καὶ
871 3134 1229 3202 παραστάδας
1266 3134 1536 3189 καθεῖλεν.
1582 3136 1669 3188 Ἑν
1703 3137 1857 3208 κλίνῃ

1978 640 2125 693 scius
2154 641 2431 695 concidit:
2462 657 2566 709 qua
2603 658 2659 696 re
2688 642 2844 696 valde
2870 651 3206 705 commotus,
3232 642 3553 711 sensimque

1976 747 2312 795 conversus,
2362 734 2501 787 intra
2541 734 2806 804 seipsum,
2872 755 2889 787 ι
2928 734 2985 789 Si
3020 734 3187 789 eifeee
3204 734 3314 793 ris.
3351 735 3551 802 inquit,

1978 833 2038 877 ut
2096 826 2275 893 angeli
2333 841 2585 879 somnum
2640 827 2910 896 capiant,
2939 825 3337 895 persuadebis,
3389 833 3449 878 ut
3498 824 3551 877 id

1979 932 2200 987 quoque
2257 916 2452 982 faciat,
2503 920 2715 973 homini
2770 919 2961 972 virtuti
3017 918 3260 973 navanti.
3312 937 3330 967 ι
3388 916 3552 971 Visus

1977 1022 2161 1064 autem
2209 1022 2291 1064 est
2344 1012 2752 1078 quodammodo
2793 1012 2875 1065 vel
2929 1012 2993 1065 ad
3044 1026 3297 1065 somnum
3348 1010 3550 1077 ipsum,

1973 1103 2057 1155 vel
2086 1104 2149 1155 ad
2185 1104 2491 1156 dminonem
2528 1105 2797 1157 accuratis
2830 1104 3051 1157 virtutis
3082 1102 3388 1156 actionibus
3424 1102 3544 1167 eius

1972 1196 2362 1255 obsistentem,
2416 1196 2532 1249 inec
2584 1197 2770 1250 dicere
2822 1196 3023 1259 verba;
3074 1204 3129 1247 et
3161 1194 3419 1262 quoniam
3480 1192 3547 1246 ad

1970 1301 2095 1341 eum
2139 1288 2358 1340 modum
2392 1302 2516 1340 cum
2567 1301 2803 1353 corpore
2851 1286 3007 1355 quasi
3046 1285 3382 1354 belligerans
3418 1298 3551 1337 con-

1971 1379 2293 1443 flictaretur,
2328 1380 2665 1433 convenimus
2711 1394 2835 1432 eum
2895 1379 3140 1446 quidam,
3185 1398 3202 1428 ι
3241 1377 3382 1443 Quid
3432 1378 3545 1439 ita,

1970 1470 2174 1539 inquit,
2207 1480 2381 1538 pater,
2420 1485 2621 1539 corpus
2655 1482 2808 1523 tuum
2842 1470 3088 1539 afﬂigens
3116 1470 3359 1524 enecas?
3395 1490 3410 1519 ι
3445 1467 3548 1523 Cui

1973 1560 2091 1628 ipse
2124 1562 2409 1627 respondit
2438 1580 2449 1615 :
2488 1580 2505 1612 ι
2536 1560 2693 1626 Quod
2725 1577 2809 1614 me
2836 1562 2886 1615 id
2920 1575 3153 1614 enecare
3177 1561 3485 1614 contendit.
3522 1576 3540 1609 ο

1969 1651 2125 1705 Circa
2161 1653 2438 1721 angustias
2468 1654 2689 1721 νει-ομ)
2716 1662 3010 1721 terraequm
3037 1654 3087 1705 in
3120 1652 3352 1722 :Egypto
3395 1659 3544 1712 sunt,

1969 1759 1997 1796 a
2029 1747 2443 1805 transvehendis
2476 1749 2706 1800 navibus
2740 1748 2983 1809 διολκοὺς
3018 1746 3216 1809 dictas,
3258 1746 3544 1798 l‘iammon

1970 1849 2023 1890 et
2074 1837 2315 1892 Joannes
2354 1841 2587 1895 maxime
2637 1842 2808 1901 clari,
2858 1849 2913 1895 et
2960 1840 3257 1894 multorum
3310 1838 3543 1892 fratrum

1974 1928 2143 1983 duces
2168 1930 2343 1992 fuere,
2367 1948 2489 1985 eum
2521 1934 2809 1986 sanctitate
2834 1943 2889 1987 et
2917 1948 3049 1986 cura
3082 1932 3271 1985 multa.
3300 1930 3545 1997 Uterque

1973 2031 2156 2073 autem
2189 2024 2472 2092 presbyter
2503 2024 2623 2078 fuit.
2661 2025 2834 2079 Porro
2866 2025 3148 2079 Piammon
3189 2026 3242 2076 in
3265 2022 3545 2091 'mysterio

1970 2115 2175 2169 vidisse
2205 2116 2404 2169 dicitur
2431 2119 2683 2186 angelum
2714 2119 2996 2172 ccelestem
3045 2130 3172 2170 cum
3208 2129 3363 2167 sacra
3399 2111 3539 2166 stola

1970 2208 2033 2259 ad
2067 2223 2280 2261 sacram
2316 2226 2559 2263 mensam
2590 2210 2959 2270 assistentem,
2989 2218 3395 2278 prmscntesque
3431 2218 3545 2256 meo

1969 2302 2180 2354 naclios
2213 2300 2264 2355 in
2300 2303 2437 2355 libro
2464 2303 2697 2371 quodam
2732 2302 3084 2355 adnotantem
3113 2317 3126 2352 :
3161 2315 3257 2354 eos
3284 2314 3413 2352 vero
3447 2300 3541 2366 qui

1968 2410 1994 2446 a
2030 2394 2218 2461 synaxi
2252 2403 2303 2448 et
2344 2397 2569 2449 collecta
2603 2398 2902 2459 abessent,
2938 2394 3209 2448 delentem
3258 2403 3422 2460 atque
3461 2393 3544 2443 in—

1968 2484 2283 2539 ducentem.
2317 2487 2585 2541 Joannem
2619 2503 2747 2540 vero
2795 2486 2936 2540 Deus
2972 2488 3045 2539 ita
3088 2485 3370 2537 miraculis
3404 2483 3542 2536 mulo

1972 2578 2039 2629 tis
2069 2579 2382 2640 exornavit,
2419 2589 2478 2631 ut
2502 2580 2857 2648 a‘gritudines
2886 2578 3087 2631 multas
3120 2583 3365 2637 sanaret,
3398 2587 3451 2628 et
3473 2592 3539 2629 ex

1968 2668 2202 2736 pedibus
2232 2678 2397 2737 atque
2437 2672 2600 2723 etiam
2634 2688 2695 2724 ex
2728 2671 2975 2723 articulis
3003 2668 3283 2723 convulsis
3309 2676 3363 2720 et
3390 2667 3539 2720 solu-

1969 2761 2037 2814 tis
2080 2761 2397 2815 laborantes
2430 2772 2669 2816 curaret.
2717 2761 2920 2813 Eodem
2958 2772 3205 2828 tempore
3234 2769 3287 2812 et
3319 2758 3540 2811 divinus

1966 2853 2246 2924 Benjamin
2265 2855 2407 2906 circa
2435 2852 2636 2907 Scetim
2656 2853 2950 2905 admodum
2978 2862 3061 2906 est
3085 2851 3535 2919 philosophatus.

1964 2944 2063 2999 llic
2091 2946 2294 2998 donum
2327 2944 2458 2998 illud
2489 2960 2517 2997 a
2548 2945 2657 2997 Deo
2691 2946 2971 3012 accepisse
3007 2942 3202 3001 fertur,
3243 2951 3299 2995 ut
3328 2942 3539 3009 absque

1962 3036 2398 3098 medicamentis,
2429 3037 2541 3088 sola
2574 3051 2770 3089 manus
2800 3034 3259 3097 contrectatione,
3290 3042 3385 3087 aut
3413 3033 3538 3087 oleo

1962 3127 2232 3197 quodam,
2280 3128 2368 3181 cui
2411 3128 2785 3196 precationem
2819 3126 3086 3184 addebat.
3135 3124 3270 3179 varii
3318 3124 3537 3193 generis

276 3221 337 3274 δὲ
372 3221 583 3273 κεῖσθαι
639 3224 713 3292 μὴ
745 3225 1063 3291 δυνάμενος.
1112 3226 1255 3294 ἀμφὶ
1308 3226 1482 3295 μῆνας
1521 3227 1666 3279 ὀκτὼ
1686 3229 1858 3298 δίφρῳ
1890 3245 1933 3302 c

1842 3248 1858 3280 ›
1890 3245 1933 3302 c
1969 3218 2175 3272 morbis
2220 3228 2452 3287 mgrotos
2500 3219 2774 3272 liberarit.
2830 3218 2985 3272 Hunc
3029 3218 3193 3272 etiam
3227 3218 3417 3270 dicunt
3460 3218 3535 3271 ita

277 3314 606 3384 πλατυτέρῳ
660 3316 938 3385 ἐκάθητο·
992 3318 1086 3369 καὶ
1140 3317 1213 3379 ὡς
1250 3317 1367 3378 ῑοος
1421 3312 1489 3386 ἦν
1520 3318 1667 3385 αὐτῷ
1696 3319 1858 3387 θερα-

275 3408 469 3458 πεύων
496 3410 622 3468 τοὺς
668 3409 999 3479 κάμνοντας,
1032 3411 1192 3470 αὐτὸς
1222 3410 1424 3479 ἣκιστα
1450 3410 1739 3480 ἤσχαλλεν,
1773 3415 1855 3465 ὃτι

278 3500 359 3569 μὴ
383 3501 528 3569 ῥᾴων
560 3502 790 3566 ἐγίνετο.
818 3503 1038 3554 Μᾶλλον
1072 3502 1171 3570 μὲν
1199 3500 1291 3553 οὖν
1331 3504 1424 3553 καὶ
1459 3504 1581 3564 τοὺς
1622 3503 1859 3571 κάμνον-

270 3608 378 3655 τας
405 3599 499 3645 καὶ
540 3594 714 3655 άλλως
749 3596 1075 3662 προσιόντας
1108 3597 1249 3647 κατα
1283 3595 1411 3647 θέαν
1441 3596 1815 3663 παρεμυθεῖτο
1841 3634 1854 3658 ,

273 3692 375 3745 καὶ
403 3690 570 3759 εὐχὴν
594 3688 853 3756 πράττειν
891 3686 1010 3757 ᾔτει
1048 3688 1189 3755 ὑπὲρ
1216 3687 1311 3756 τῆς
1339 3689 1533 3740 ἑαυτοῦ
1557 3688 1754 3757 ψυχῆς,
1784 3688 1858 3754 ὡς

275 3786 449 3855 μηδὲν
472 3784 666 3852 ἐκείνῳ
696 3781 854 3850 μέλον
881 3780 974 3832 τοῦ
1004 3780 1252 3847 σώματος
1280 3795 1292 3809 ·
1323 3781 1458 3851 ὅπερ
1481 3786 1574 3834 καὶ
1600 3783 1858 3835 εὐεκτοῦν

271 3880 433 3931 οὐδὲν
467 3875 672 3943 ὢνησε,
706 3874 801 3926 καὶ
840 3874 1029 3925 νοσοῦν
1062 3873 1213 3925 οὐδὲν
1239 3873 1488 3941 ἔϐλαψεν,
1524 3874 1649 3942 ἔφη.
1690 3875 1775 3925 Ἑν
1802 3875 1855 3929 δὲ

269 3967 455 4032 τούτῳ
478 3964 620 4015 κατὰ
650 3960 748 4030 τὴν
787 3960 991 4029 Σκῆτιν
1024 3960 1251 4028 Μάρκος
1282 3963 1309 4012 ό
1337 3962 1579 4029 ἀοίδιμος
1609 3963 1856 4032 ἀσκητὴς

271 4056 582 4127 φιλοσοφῶν
606 4051 673 4125 ἦν
698 4069 711 4083 ·
745 4053 773 4105 ὅ
812 4069 869 4103 τε
900 4056 1020 4114 νέος
1055 4053 1339 4121 Μακάριος
1368 4069 1382 4083 ·
1417 4055 1552 4123 πρὸς
1582 4055 1625 4105 δ’
1661 4056 1855 4107 ’Λπολ-

269 4152 467 4211 λῶνιος
491 4150 586 4202 καὶ
620 4153 646 4200 ό
682 4146 1010 4217 περιὸόητος
1040 4147 1247 4211 Μωσῆς
1278 4147 1305 4197 ό
1340 4146 1534 4215 Αἰθίοψ
1557 4162 1569 4176 ·
1606 4140 1681 4200 ὧν
1705 4148 1855 4214 ό’μὲν

271 4245 417 4305 θεῖος
469 4243 698 4309 Μάρκος
746 4241 977 4304 είσάγαν
1021 4240 1196 4305 πρᾶος
1238 4242 1330 4289 καὶ
1363 4239 1596 4308 σώφρων
1645 4242 1708 4291 ὲκ
1733 4242 1853 4293 νέου

268 4338 511 4402 ἐγένετο,
537 4334 634 4386 καὶ
662 4334 918 4400 μνήμων,
951 4332 1107 4398 εἰπερ
1145 4346 1248 4394 τις,
1278 4331 1387 4379 τῶν
1414 4329 1573 4382 θείων
1599 4331 1851 4400 Γραφῶν.

282 4427 412 4480 Ἐπὶ
438 4426 594 4477 τόσον
636 4424 692 4479 δὲ
746 4422 997 4492 θεοφιλὴς
1041 4417 1129 4490 ἦν,
1160 4422 1233 4480 ῶς
1263 4424 1353 4473 καὶ
1384 4422 1474 4473 τὸν
1506 4423 1853 4492 περιώνυμον

268 4517 655 4585 πρεσϐύτερον
683 4514 789 4565 τῶν
824 4514 1065 4566 Κελλίων
1097 4514 1387 4580 Μακάριοι]
1434 4514 1532 4564 σὺν
1558 4513 1851 4582 βεϐαιώσει

1967 3318 2155 3378 postea
2201 3326 2319 3363 esse
2357 3326 2497 3379 aqua
2548 3312 2818 3364 intercute
2859 3327 2954 3379 per
2980 3311 3226 3379 corporis
3260 3320 3533 3363 tumorem

1962 3411 2281 3470 gravatum,
2317 3412 2377 3455 ut
2404 3418 2469 3455 ex
2512 3402 2842 3455 domuncula
2886 3405 2939 3455 in
2987 3417 3091 3470 qua
3136 3400 3391 3470 degebat,
3436 3416 3532 3469 per

1962 3494 2165 3547 ostium
2188 3534 2202 3557 ,
2253 3494 2355 3548 nisi
2396 3495 2547 3563 prius
2584 3510 2689 3547 una
2726 3511 2846 3548 Cltlll
2881 3510 2945 3548 eo
2981 3505 3163 3564 postes
3196 3496 3314 3563 ejus
3348 3493 3533 3547 detra-

1961 3586 2247 3651 herentur,
2278 3588 2429 3639 exire
2466 3602 2573 3639 non
2609 3597 2812 3655 posset.
2848 3586 3062 3639 Etcum
3096 3586 3150 3639 in
3182 3585 3325 3639 lecto
3352 3588 3532 3654 jacere

1961 3677 2239 3745 nequiret,
2269 3677 2492 3731 circiter
2524 3691 2741 3730 menses
2769 3687 2892 3729 octo
2926 3677 2979 3729 in
3010 3676 3204 3729 latiore
3237 3676 3368 3729 sella
3399 3690 3535 3728 cou-

1960 3770 2136 3829 sedit,
2168 3776 2223 3821 et
2258 3782 2409 3821 more
2451 3781 2550 3821 suo
2580 3783 2754 3837 πει-οε
2796 3766 3011 3820 curavit
3040 3784 3051 3819 :
3090 3763 3252 3836 atque
3286 3768 3403 3835 ipse
3444 3770 3533 3819 in-

1958 3861 2114 3913 terim
2134 3860 2279 3930 quod
2305 3861 2625 3915 meliuscule
2646 3876 2754 3914 non
2779 3860 3029 3925 haberet,
3056 3860 3279 3914 minime
3302 3875 3534 3915 succen-

1956 3951 2086 4007 suit.
2118 3954 2232 4007 lmo
2280 3955 2461 4022 potius
2492 3963 2547 4007 et
2574 3964 2811 4023 mgrotos
2854 3962 2908 4007 et
2941 3955 3075 4007 alios
3110 3955 3201 4023 qui
3248 3953 3317 4006 ad
3355 3967 3414 4006 se
3452 3955 3530 4003 vi-

1956 4048 2184 4101 sendum
2218 4048 2532 4109 veniebant,
2568 4050 2887 4102 consolatus
2913 4059 3016 4111 est,
3043 4057 3095 4101 et
3124 4058 3180 4101 ut
3215 4063 3312 4116 pro
3344 4049 3527 4100 animi

1955 4139 2073 4210 ejus
2107 4149 2481 4209 precarentur,
2512 4141 2670 4207 petiit
2702 4159 2713 4193 :
2746 4142 2902 4211 183
2939 4142 3163 4211 perinde
3194 4152 3357 4209 atque
3393 4140 3527 4193 nihil

1957 4233 2023 4286 de
2066 4248 2295 4303 corpore
2329 4233 2598 4288 sollicitus
2629 4246 2793 4297 esset.
2832 4236 2978 4302 quod
3014 4242 3069 4288 et
3102 4234 3341 4287 validum
3386 4234 3527 4287 nihil

1959 4324 2255 4392 profuisse,
2284 4335 2337 4379 et
2364 4343 2566 4396 aegrum
2601 4329 2735 4380 nihil
2767 4329 2869 4381 sibi
2904 4327 3160 4381 nocuisse
3198 4328 3354 4381 dixit.
3386 4327 3525 4380 Tum

1955 4426 2136 4470 autem
2199 4418 2339 4485 apud
2402 4418 2604 4472 Sectim
2666 4435 2887 4487 quoque
2951 4420 3171 4473 celeber
3226 4421 3529 4473 monachus

1952 4506 2167 4563 Marcus
2229 4513 2484 4563 virtutem
2536 4520 2701 4579 atque
2739 4512 2996 4580 pietatem
3035 4510 3327 4565 meditatus
3397 4523 3519 4565 est:

266 4604 713 4675 διτσχυριξεσθαι
750 4603 1047 4671 μηδέποτε,
1078 4604 1170 4652 καὶ
1202 4601 1351 4670 αὐτῷ
1386 4602 1579 4670 ἐπίσης
1611 4606 1719 4666 τοῖς
1759 4605 1853 4657 άλ-
1884 4594 1959 4669 01

1833 4635 1853 4648 .
1884 4594 2143 4671 Djunior
2188 4603 2320 4655 item
2390 4601 2675 4657 Macarius.
2742 4604 3011 4657 Praeterea
3059 4604 3419 4673 Apollonius,
3470 4614 3526 4658 et

265 4699 382 4759 λοις
411 4693 731 4764 μεταδοῦναι
755 4687 830 4744 ὧν
857 4692 1014 4759 Οὲμις
1043 4695 1152 4753 τοῖς
1182 4695 1555 4763 μεμνημένοις
1580 4694 1850 4770 ὲξὶερέων

263 4789 607 4855 λαμϐάνειν·
671 4786 904 4854 ἄγγελον
951 4786 1006 4837 δὲ
1074 4790 1323 4837 κατιέναι
1382 4786 1475 4837 καὶ
1508 4787 1851 4854 μεταδιδόναι

262 4883 419 4950 αὑτῷ
444 4898 457 4910 ·
492 4876 553 4933 οῦ
592 4881 688 4950 ’τὴν
718 4883 874 4948 χεῖρα
910 4880 1041 4947 ἄχρι
1075 4878 1168 4929 τοῦ
1208 4878 1421 4947 καρποῦ
1482 4881 1614 4948 όρᾷν
1654 4881 1848 4932 διετεί-

262 4992 412 5027 νετο.
446 4973 534 5041 Τῷ
562 4972 618 5023 δὲ
650 4973 924 5039 Μακαρὲῳ
951 4970 1126 5039 τούτῳ
1153 4973 1319 5040 γέρας
1346 4967 1413 5041 ἦν
1452 4973 1511 5023 ὲκ
1546 4972 1680 5023 Θεοῦ
1732 4974 1846 5025 δαι-

264 5068 452 5134 μόνων
516 5067 759 5135 κρατεῖν.
812 5065 1093 5132 Πρόφασις
1125 5065 1179 5114 δὲ
1230 5064 1378 5129 αὐτῷ
1406 5064 1498 5116 τοῦ
1536 5065 1845 5131 φιλοσοφεῖν

259 5158 513 5226 ἐγεγόνει
562 5158 722 5226 φόνος
772 5156 830 5208 ὃν
857 5158 953 5223 οὐχ
979 5155 1122 5208 ἑκὼν
1174 5158 1431 5225 ἔπραττε,
1471 5158 1708 5220 Βουπαις
1736 5158 1843 5224 γὰρ

258 5252 367 5319 ήδη
408 5246 481 5301 ὢν
533 5250 661 5319 περὶ
713 5249 811 5317 τὴν
879 5248 1100 5317 Μαρίαν
1150 5248 1348 5317 λίμνην
1380 5249 1623 5320 πρόϐατα
1660 5251 1842 5317 νέμειν

334 5452 412 5519 (Ι)
455 5449 589 5516 Περὶ
631 5447 841 5499 διολκδν
871 5448 970 5513 τῆς
1014 5448 1314 5519 Αἰγύπτου,
1365 5447 1584 5506 Sozom.
1638 5450 1734 5505 lib.
1766 5470 1839 5517 vt,

436 5523 547 5592 ‘2'.)7:
583 5520 874 5592 Διολκὸςό
923 5521 1028 5592 απτ
1085 5518 1316 5585 Aspim;
1379 5519 1501 5592 ἕως
1544 5522 1840 5592 Κεγχρεῶν

252 5587 443 5654 ruﬁo;
485 5591 716 5659 Ilesycli.
776 5588 919 5659 Plui.
970 5590 1059 5639 lib.
1122 5605 1182 5642 v.
1218 5603 1337 5656 cap.
1389 5590 1441 5645 4.
1473 5590 1540 5642 de
1582 5587 1785 5645 Isthmo
1820 5612 1835 5648 :

254 5674 503 5732 Angusta
564 5656 763 5712 cervice
831 5656 1246 5732 Peloponmsum
1321 5660 1574 5728 contingit
1635 5662 1836 5717 Hellas.

255 5729 631 5787 Corinthiacus
658 5733 797 5790 hinc,
831 5729 977 5782 illinc
1022 5732 1307 5781 Surontcus
1342 5733 1645 5798 appellatur
1668 5735 1834 5788 sinus.

259 5807 491 5859 Lee/unc
520 5804 656 5861 hinc,
690 5801 966 5851 Cenem-ca:
1012 5802 1157 5851 illinc
1188 5804 1554 5869 angustiarum
1604 5808 1835 5866 termini,

260 5881 428 5941 longe
472 5883 520 5925 α
574 5873 795 5939 αητὶριῑί
830 5888 1033 5925 narium
1072 5871 1270 5923 ambitu
1303 5911 1314 5934 ,
1352 5888 1481 5940 quas
1530 5876 1835 5941 ηιυθηίίιιιέο

1953 4697 2248 4765 praeclarus
2282 4695 2457 4749 Moses
2488 4695 2762 4764 Althiops.
2800 4696 2877 4750 Ex
2902 4696 3103 4766 quibus
3134 4696 3358 4751 divinus
3385 4698 3524 4750 Mar-

1954 4804 2052 4841 cus
2086 4788 2154 4840 ab
2183 4790 2405 4843 ineunte
2449 4798 2607 4842 aetate
2648 4790 2794 4841 mitis
2826 4790 2981 4843 valde
3007 4799 3057 4842 et
3087 4790 3365 4844 modestus
3390 4790 3521 4843 fui-t:

1953 4884 2214 4933 memoria
2252 4890 2399 4936 tanta
2437 4882 2713 4949 praeditus,
2754 4894 2809 4935 ut
2839 4897 2899 4934 ea
2931 4898 3096 4951 supra
3138 4883 3275 4936 alios
3331 4898 3520 4935 sacras

1952 4972 2187 5027 Litteras
2221 4984 2453 5028 teneret.
2483 4974 2630 5027 Adeo
2658 4985 2839 5029 autem
2868 4976 2977 5029 Deo
3004 4976 3203 5029 charos
3226 4974 3350 5036 fuit,
3373 4986 3430 5027 ut
3454 4975 3521 5027 de

1947 5082 2035 5130 eo,
2079 5082 2178 5122 suo
2204 5068 2373 5136 ipsius
2406 5069 2749 5136 rc5pondens
2781 5069 2990 5123 nomini
3020 5069 3311 5132 Macarius,
3342 5068 3518 5122 Cella-

1950 5177 2068 5213 rum
2119 5161 2438 5232 presbyter,
2490 5177 2613 5214 cum
2662 5162 2811 5234 gravi
2861 5162 3266 5215 asseveratione
3315 5161 3518 5214 contir-

1950 5254 2110 5308 marit
2135 5295 2148 5318 ,
2181 5254 2325 5306 haud
2354 5270 2593 5307 unouaut
2622 5270 2701 5319 se,
2732 5254 2897 5307 sicuti
2924 5254 3069 5317 aliis,
3098 5253 3172 5306 illi
3202 5252 3513 5315 tradidisse,

1945 5459 2197 5530 plaustris
2239 5462 2500 5513 transvehi
2535 5461 2784 5530 prohibet.
2808 5463 2891 5514 Ab
2917 5476 2978 5514 ea
3009 5460 3224 5514 navium
3274 5470 3513 5513 transve-

1945 5530 2126 5600 CIione
2160 5529 2330 5583 Graeci
2383 5547 2473 5585 eas
2517 5536 2794 5600 angustias
2834 5532 3041 5584 διοικον
3088 5542 3301 5585 vocant.
3329 5532 3514 5595 Qualis

1942 5598 2107 5671 etiam
2158 5601 2487 5654 transvectio
2519 5598 2905 5671 adltlgyptum
2945 5615 3065 5666 est,
3119 5602 3187 5655 de
3227 5617 3329 5669 qua
3372 5600 3508 5653 Plin.

1943 5670 2039 5721 lib.
2076 5684 2123 5730 ν.
2148 5684 2269 5736 cap.
2302 5671 2334 5724 9
2367 5687 2381 5723 :
2412 5671 2580 5724 Naves
2614 5672 2867 5733 plicatiles
2901 5676 3129 5739 liumem
3161 5673 3507 5740 transferunt,

1940 5740 2137 5805 quoties
2165 5742 2233 5792 ad
2270 5749 2567 5794 cataractas
2604 5754 2804 5795 uentum
2851 5754 2943 5797 est.
2978 5743 3055 5797 Ad
3090 5760 3251 5802 quem
3285 5752 3514 5799 tortassc

1942 5810 2117 5864 locum
2156 5815 2405 5865 monachi
2442 5814 2528 5866 isti
2563 5814 2766 5868 vixero.
