4288 6438
204 375 308 439 709

1129 378 1736 441 ECCLESIASTICE
1772 375 2159 442 IIISTOBL’E
2200 382 2348 443 LIB.
2393 381 2505 441 Χί.

3337 375 3442 449 746

202 496 422 546 Μέλανα
477 491 677 558 ἐξῶσαι
727 491 1044 556 κατέλαϐον,
1099 489 1254 562 εἷρον
1291 494 1388 562 μὲν
1430 497 1635 548 ἐκεῖνον
1667 497 1776 558 τοῖς
1808 504 1895 556 Α(

1747 498 1776 558 ’ς
1808 504 1849 556 Α
1880 505 1982 550 est.
2015 497 2150 550 Cum
2192 496 2258 551 de
2299 495 2545 550 ecclesiis
2574 494 2887 563 ὁμοουσίου,
2933 495 3440 560 consubstantialis.

204 587 293 651 ιῆς
322 584 620 654 ἐκκλησίας
647 582 861 652 λύχνοις
895 583 1334 652 ἐνασμενίζοντα,
1362 578 1450 636 οἶά
1474 601 1534 650 γε
1572 584 1780 653 ὑπηρε-

199 679 301 731 τῶν
335 677 573 746 ἔσχατον
597 693 610 706 ·
642 674 742 739 τάς
788 692 847 728 τε
875 677 985 745 γὰρ
1029 676 1352 746 θρυαλλίδας
1390 680 1606 746 κατεῖχε
1628 719 1642 741 ,
1687 678 1798 756 καῖ

198 769 503 839 ἐπίρῤυπος
535 764 606 838 ἦν
638 767 738 837 τὴν
785 769 989 838 ἐσθῆτά
1045 786 1105 823 τε
1145 772 1237 824 καὶ
1270 771 1368 840 τὴν
1395 769 1571 839 ζώνην
1593 785 1607 800 ’
1651 757 1807 840 περλβ

197 859 265 911 δὲ’
304 858 400 912 τοῦ
446 859 750 912 ἐπισκόπου
787 858 1105 928 πυθόμενοι,
1161 859 1561 928 ἀποκρίνασθαι
1617 860 1778 913 αὑτὸν

198 951 389 1004 τοῦτον
452 951 724 1019 μηνύσαιν
779 952 1007 1020 ἀγαγεῖν
1050 953 1106 1004 δέ
1134 953 1257 1014 τοὺς
1292 953 1487 1022 ἄνδρας
1522 955 1674 1025 παρὰ
1721 955 1780 1006 τὸ

197 1045 588 1096 ἐπισκοπεῖονο
653 1045 747 1096 καὶ
784 1040 872 1096 οἶά
918 1060 980 1112 γε
1006 1045 1072 1114 τῇ
1105 1043 1208 1114 ὁδῷ
1244 1045 1616 1114 κεκμηκότας,
1667 1046 1781 1106 τοῖς

197 1135 383 1188 ἐνοῦσι
410 1134 630 1204 θρέψαι,
668 1135 946 1204 τράπεζαν
981 1135 1382 1203 παραθέμενον.
1419 1134 1572 1187 Μετὰ
1597 1134 1653 1187 δέ
1680 1135 1780 1204 τὴν

197 1229 408 1300 τροφὴν
439 1230 760 1298 νιψάμενος,
785 1228 1018 1290 ἐκείνοις
1040 1229 1148 1297 γὰρ
1177 1229 1478 1293 διηκονεῖτο
1511 1229 1782 1296 ἑστιωμέ-

197 1339 311 1385 νοις
335 1359 352 1379 .
385 1320 579 1374 ἑαυτὸν
632 1322 1018 1389 κατεμήνυσεο
1053 1321 1180 1381 τοὺς
1217 1320 1262 1371 δ’
1307 1323 1365 1372 ἐν
1413 1319 1650 1388 θαύματι
1689 1319 1782 1371 τὸν

197 1416 369 1485 ἄνδρα
398 1414 797 1483 πεποιηκότας,
835 1413 1079 1481 δηλῶσαι
1117 1411 1176 1464 οὗ
1218 1412 1377 1482 χάριν
1403 1407 1538 1483 ἧκον
1562 1428 1576 1443 ο
1609 1414 1674 1481 τῇ
1717 1427 1778 1477 γε

202 1508 314 1574 μὴν
338 1506 477 1574 πρὸς
500 1507 663 1558 αὐτὸν
688 1505 825 1558 αἰδοῖ
847 1505 1029 1557 ἄδειαν
1056 1503 1204 1573 αὐτῷ
1237 1505 1417 1573 φυγῆς
1448 1506 1747 1572 παρασχεῖν
1765 1519 1780 1532 ο

203 1599 299 1649 τὸν
333 1598 378 1650 δ’
412 1597 690 1667 ἀποδοχῆς
751 1583 1062 1663 ἀξιώσαντα
1115 1595 1520 1669 ἀποκρίνασθαι
1585 1593 1658 1663 μὴ
1720 1593 1782 1646 ἂν

199 1685 426 1738 ἑλέσθαι
450 1686 626 1738 ταυτα
661 1685 774 1746 τοῖς
803 1684 1073 1752 ὀμόφροσι
1111 1683 1220 1736 τῶν
1263 1682 1447 1751 ἱερέων
1481 1681 1697 1744 παθεῖν,
1725 1681 1785 1731 τὸ

198 1780 406 1833 ἄκοντα
454 1777 592 1845 πρὸς
631 1776 728 1846 τὴν
775 1775 1073 1846 ὑπερορίαν
1127 1773 1392 1842 ἀφῖχθαι·
1446 1771 1562 1824 ἀλλ’
1604 1772 1786 1824 ἑκοντὶ

1883 587 2008 641 fidei
2055 587 2373 641 defensores
2408 587 2785 655 exigerentur,
2815 597 2980 656 atque
3022 603 3088 641 eo
3133 589 3225 658 qui
3271 590 3448 659 ipsum

1879 695 2100 748 quoque
2149 680 2449 749 ejicerent.
2504 678 2898 740 advenissent.
2949 693 3276 748 repererunt
3323 697 3450 736 eum

1881 770 2051 825 veluti
2087 783 2372 824 servorum
2404 780 2712 824 extremum
2746 770 2991 824 ecclesia:
3019 773 3262 828 lucernis
3294 774 3455 830 ador-

1882 861 2079 915 nandis
2116 861 2368 914 hilariter
2399 861 2835 915 incumbentem.
2883 861 3260 917 Lucernarum
3305 869 3452 919 enim

1882 955 2063 1008 lineos
2097 953 2372 1008 funiculos
2413 956 2464 1006 in
2512 954 2768 1007 manibus
2816 954 3071 1015 habebat,
3110 967 3259 1009 veste
3292 959 3453 1012 simul

1882 1055 1936 1098 et
1965 1046 2186 1114 cingulo
2234 1046 2574 1100 sordidatus.
2625 1046 2802 1116 Atque
2837 1062 2963 1099 cum
3015 1047 3091 1101 illi
3137 1049 3455 1119 episcopum

1885 1139 2263 1206 requirerent,
2311 1139 2680 1191 indicaturum
2727 1155 2785 1192 se
2827 1140 2906 1192 eis
2955 1139 3107 1192 illunt
3154 1143 3455 1209 respondit,

1885 1245 2091 1298 eosque
2138 1231 2191 1282 in
2227 1231 2450 1284 domum
2488 1232 2860 1299 episcopalem
2910 1233 3068 1286 duxit
3110 1253 3122 1285 :
3157 1243 3320 1300 atque
3366 1236 3456 1286 ubi

1885 1323 1929 1376 is
1985 1323 2066 1376 eis
2130 1323 2197 1376 de
2253 1324 2337 1376 via
2399 1323 2596 1385 fessis,
2650 1339 2833 1378 nn-nsa
2895 1325 3180 1394 apposita.
3217 1341 3313 1394 pro
3376 1341 3460 1378 re-

1882 1431 2001 1467 rum
2041 1416 2284 1468 tettuiutn
2327 1414 2481 1480 eopia
2517 1415 2701 1467 cibum
2753 1414 3030 1475 dedisset,
3089 1427 3252 1483 atque
3288 1416 3458 1469 eden-

1887 1505 2034 1558 tibus
2075 1505 2468 1564 ministrasset,
2501 1504 2713 1558 sublata
2750 1521 2935 1558 mensa
2975 1521 3170 1558 manus
3212 1507 3366 1563 lavit.
3407 1520 3460 1559 et

1887 1598 2126 1665 scipsum
2160 1596 2242 1650 eis
2294 1595 2581 1649 indicarit.
2612 1596 2688 1648 Illi
2722 1597 2898 1649 virum
2928 1597 3206 1658 admirati,
3240 1610 3460 1654 causam

1888 1689 2156 1744 adventus
2205 1688 2288 1742 sui
2338 1700 2466 1742 eum
2512 1689 2908 1750 ostendissent,
2967 1692 3247 1744 remittere
3301 1707 3360 1744 se
3413 1692 3460 1743 ei

1888 1782 2164 1843 exsilium,
2189 1790 2412 1848 propter
2436 1781 2804 1833 reverentiam
2829 1781 2968 1848 ejus.
2996 1781 3278 1835 dixerunt.
3305 1782 3461 1847 Quod

195 1873 301 1942 τὴν
345 1871 636 1941 ὑπερόριον
683 1870 973 1938 ὑπομεῖναι
1009 1867 1210 1936 φυγήν.
1241 1861 1315 1918 Οὖ
1361 1866 1421 1936 δὴ
1456 1864 1776 1931 γενόμενος,
1820 1865 1856 1918 Β

1765 1907 1776 1927 .
1820 1865 1856 1918 Β
1889 1880 2241 1942 posteaquam
2281 1872 2600 1939 accepisset,
2653 1872 2733 1925 eis
2795 1873 3100 1940 respondit,
3156 1890 3260 1927 non
3311 1876 3458 1927 Idem

200 1965 288 2019 ἆτ’
341 1968 404 2017 ἐκ
471 1963 594 2016 νέου
645 1961 722 2032 τῷ
763 1961 1078 2030 φιλοσοφεῖν
1108 1959 1433 2028 εἰθισμένος,
1484 1958 1570 2010 διὰ
1600 1957 1778 2025 πὰσης

201 2055 410 2123 ἀρετῆς
440 2054 595 2123 ἥκων
636 2052 963 2120 περιϐόητος
1005 2047 1097 2120 ἦν.
1133 2051 1307 2102 Σόλων
1340 2049 1396 2102 δέ
1429 2049 1517 2102 τὸν
1553 2051 1783 2117 ἐμπορι-

199 2148 302 2200 κὸν
356 2146 472 2216 βίον
528 2145 1024 2216 ἁπαρνησὰμενος,
1068 2145 1158 2194 τδν
1203 2142 1382 2210 τίμιον
1439 2142 1782 2212 μαργαρίτην

201 2241 417 2293 ὠνεῖτο.
449 2238 586 2290 ’Υπὺ
619 2239 729 2306 γὰρ
756 2236 835 2305 τῷ
865 2234 1076 2303 ἀδελφῷ
1105 2235 1312 2288 Μέλανι
1350 2234 1576 2295 καὶτοῖς
1600 2234 1780 2284 ἐκεῖσε

199 2325 550 2388 διδασκάλοις
600 2323 660 2376 τὸ
717 2321 866 2393 βιοῦν
913 2321 1317 2392 μεταθέμενος,
1371 2321 1466 2372 καὶ
1511 2317 1783 2387 ἐπιμελῶς

202 2418 549 2478 παιδευθεὶς,
571 2417 652 2470 ὅτι
671 2414 930 2481 πλείστην
952 2413 1080 2484 περὶ
1103 2413 1164 2464 τὸ
1183 2411 1335 2464 Θεῖον
1355 2410 1664 2476 ἐπεδείξατο
1686 2409 1784 2479 τὴν

204 2515 454 2584 σπουδήν
479 2530 491 2542 ο
527 2513 764 2582 μάλιστα
793 2511 839 2564 δ’
867 2507 934 2576 ἦν
968 2510 1174 2578 ἀγαθὸς
1189 2512 1300 2569 τοῖς
1327 2509 1495 2572 πέλας
1523 2508 1786 2576 ἁπλότητι

205 2612 331 2681 βίου
385 2610 691 2681 χρώμενος.
729 2605 1002 2658 Τοιούτων
1042 2603 1098 2656 δὲ
1135 2602 1532 2671 καθηγεμόνων
1572 2603 1633 2652 τὸ
1667 2601 1787 2654 κατ’

201 2705 387 2776 ἀρχὰς
423 2706 457 2774 ή
511 2698 979 2768 Ῥινοκουρούρων
1015 2695 1284 2761 ἐκκλησία
1337 2693 1601 2763 ἐπιτυχὴς
1635 2710 1788 2761 γενο-

205 2799 378 2868 μένη,
430 2797 521 2846 ἐπὶ
555 2791 690 2845 πολὺ
725 2790 819 2842 τοῦ
873 2787 1068 2864 χρόνου
1110 2787 1366 2856 διήρκεσε
1395 2786 1506 2846 τοῖς
1548 2785 1606 2849 ἐξ
1636 2784 1788 2846 ἔθους

203 2890 478 2961 χρωμένη
515 2887 761 2955 Θεσμοῖς,
794 2882 888 2935 καὶ
916 2881 1138 2948 ἀγαυῶν
1165 2879 1371 2950 ἀνδρῶν
1404 2880 1660 2949 εὐφορίαν
1688 2895 1792 2948 πη-

204 2986 483 3052 γὰξουσα.
530 2983 596 3032 Ὃ
627 2979 682 3032 δὲ
733 2974 938 3043 ξενίζον
981 2969 1126 3044 εἶχεν
1159 2975 1192 3044 ή
1227 2973 1452 3042 τοιαύτη
1484 2973 1750 3041 ἐκκλησία
1775 3012 1789 3035 ,

205 3078 306 3130 καὶ
335 3075 446 3128 τῶν
473 3073 649 3127 ἄλλων
682 3071 953 3139 ἐπίσημον
980 3069 1235 3138 μάλιστα,
1264 3066 1452 3134 ὅτιπερ
1469 3065 1577 3124 τοῖς
1606 3063 1791 3116 αὐτόθι

207 3168 499 3238 κληρικοῖς
530 3164 686 3233 κοινή
736 3179 794 3215 τε
829 3158 897 3227 ἦν
928 3163 1161 3229 οῖκησις,
1207 3161 1298 3213 καὶ
1332 3157 1584 3224 τράπεζά
1613 3173 1670 3208 τε
1698 3158 1793 3209 καὶ

205 3261 408 3329 ἀγωγὴ
444 3258 537 3309 καὶ¹
580 3255 762 3308 δίαιτα
803 3255 920 3321 μία.
955 3254 1048 3306 καὶ
1080 3254 1254 3304 πάντα
1279 3251 1343 3318 δὴ
1380 3252 1449 3302 τὰ
1482 3248 1665 3301 λοιπά.
1700 3247 1800 3300 Το-

210 3355 396 3408 σαῦτα
427 3354 519 3404 καὶ
553 3351 684 3418 περλ⁸
715 3348 825 3401 τῶν
864 3346 1352 3416 Ῥινοκουρούρων.

1889 1982 1967 2031 se,
2001 1968 2144 2035 quod
2176 1967 2266 2019 alii
2302 1967 2716 2020 consentientes
2756 1966 2860 2020 sibi
2899 1968 3144 2036 episcopi
3180 1965 3461 2031 fecissent,

1891 2061 2318 2113 commissurum
2351 2074 2494 2122 esse,
2528 2072 2586 2114 ut
2625 2062 2830 2113 inritus
2866 2062 3042 2114 solum
3078 2060 3257 2113 exsilii
3299 2075 3463 2113 causa

1890 2161 2150 2217 verteret,
2185 2152 2279 2205 sed
2315 2165 2408 2205 sua
2438 2161 2634 2220 sponte
2663 2154 2716 2206 in
2746 2152 3004 2205 exsilium
3031 2153 3258 2205 iturum.
3285 2152 3463 2219 Atque

1891 2259 2014 2298 eum
2070 2244 2142 2296 ibi
2191 2255 2358 2303 esset.
2395 2246 2561 2298 veluti
2609 2245 2703 2312 qui
2754 2244 2823 2296 ab
2868 2242 3234 2296 adolescentia
3277 2259 3464 2296 mona-

1891 2336 2041 2389 Sticze
2077 2335 2438 2404 phi1050phiae
2467 2337 2824 2398 assuevisset,
2864 2337 3012 2388 omni
3050 2351 3248 2404 genere
3286 2322 3465 2389 virtu?

1897 2432 1964 2482 tis
2021 2429 2316 2497 prmclarus
2371 2430 2665 2483 admodum
2717 2429 2842 2483 fuit.
2902 2430 3068 2482 Solon
3121 2442 3328 2489 autem.
3373 2430 3462 2483 ubi

1897 2532 2220 2574 mercatura:
2267 2521 2656 2582 renuntiasset,
2712 2523 3008 2590 pretiosam
3065 2531 3338 2574 mercatus
3382 2530 3466 2574 est

1898 2616 2268 2682 margaritam.
2318 2614 2450 2667 Nam
2522 2614 2622 2667 sub
2669 2613 2836 2668 fratre
2895 2614 3032 2668 Mela
3081 2617 3309 2684 ejusque
3356 2614 3461 2667 loci

1898 2707 2171 2773 magistris
2206 2706 2440 2759 fideliter
2485 2717 2646 2773 atque
2679 2706 2969 2775 diligenter
3006 2708 3257 2770 edoctus,
3296 2717 3469 2759 muta-

1900 2801 2043 2850 tione
2075 2798 2197 2850 vitae
2225 2797 2521 2865 plurimum
2558 2797 2607 2848 iu
2662 2797 2823 2850 rebus
2851 2797 3054 2850 divinis
3085 2798 3251 2851 studii
3287 2807 3468 2851 ostcn-

1897 2888 1999 2950 dit,
2041 2897 2096 2941 et
2144 2902 2354 2940 morum
2402 2887 2754 2954 simplicitate
2795 2902 2918 2956 erga
2975 2888 3255 2955 proximos
3293 2889 3468 2944 bonus

1899 2980 2130 3031 maxime
2171 2977 2293 3029 fuit.
2329 2975 2570 3030 Ecclesia
2607 2977 3006 3031 Rhinocorura:
3039 2982 3326 3048 postham
3359 2990 3467 3032 tam

1897 3067 2147 3136 egregios
2196 3067 2429 3135 primum
2485 3066 2654 3120 duces
2709 3077 2863 3121 nacta
2915 3081 3020 3132 est,
3070 3071 3232 3139 longo
3268 3071 3468 3124 deinde

1903 3169 2149 3227 tempore
2178 3159 2459 3212 consuetis
2486 3160 2974 3214 coostitutionibus
3005 3161 3080 3214 uti
3121 3163 3386 3228 perrexit,
3416 3170 3471 3214 et

1909 3253 2053 3304 viros
2102 3253 2392 3319 praeclaros
2441 3251 2690 3319 protulit.
2745 3251 2883 3305 lllud
2937 3267 3102 3320 porro
3151 3268 3375 3317 novum,
3418 3261 3473 3305 et

1909 3343 2052 3396 inter
2085 3343 2188 3395 alia
2233 3345 2468 3396 maxime
2497 3343 2708 3412 insigne
2735 3343 2788 3396 in
2819 3343 3050 3397 ecclesia
3079 3359 3139 3396 ea
3173 3343 3294 3407 fttit,
3328 3343 3472 3408 quod

208 3450 409 3507 clerici
434 3447 508 3501 ibi
535 3445 1197 3509 domicilium,mensam,
1263 3457 1479 3496 morum
1539 3441 1874 3505 institutum,
1912 3449 1967 3493 et
2016 3439 2233 3492 dia-tam
2288 3452 2476 3506 unm,
2532 3439 2745 3507 aliaque
2792 3438 2930 3492 adeo
2979 3439 3160 3493 omnia
3210 3439 3474 3493 haberent

206 3547 556 3611 communia.
592 3543 714 3598 Haec
743 3545 809 3598 de
839 3543 1250 3596 lthinocurura.

813 3657 1054 3712 ΚΕΦΔΛ.
1099 3656 1226 3712 ΛΘ’.

211 3759 359 3825 Περὶ
389 3751 508 3809 τῶν
533 3753 604 3805 ἐν
621 3753 996 3825 nudarat/r11
1023 3747 1330 3825 ιιονᾳχῷν,
1370 3746 1615 3825 Ἠᾳρχᾶ,
1638 3746 1796 3825 Ἐπί-

286 3820 514 3897 έρανίου
554 3823 660 3897 (of)
699 3822 983 3897 Διιένσιῖρου,
1045 3820 1371 3887 Σαλαμίνη,
1440 3821 1792 3886 Ἄμμωνίου,

287 3891 593 3951 Σιλόανοῦ
615 3891 712 3944 καὶ
745 3892 1068 3958 Ζαχαρίου.

285 4010 379 4065 Ἐν
419 4010 478 4062 δέ
511 4007 686 4078 τούτῳ
734 4007 829 4059 καὶ
866 4005 1004 4056 κατὰ
1039 4003 1401 4072 Παλαιστίνην
1436 4002 1566 4054 πολύ
1607 4020 1658 4055 τι
1685 4004 1799 4054 στί-

211 4121 319 4171 φος
356 4101 668 4169 φιλοσόφων
699 4097 850 4168 ἤνθει
881 4097 1112 4164 ἀνδρῶν.
1148 4095 1269 4146 Ἔτι
1299 4096 1407 4163 γὰρ
1438 4096 1702 4162 περιῆσαν
1727 4093 1798 4162 τῷ

212 4198 321 4268 βίῳ
354 4195 408 4247 οι
442 4193 584 4245 κατὰ
619 4191 716 4261 τὴν
758 4189 1140 4242 Κωνσταντίου
1173 4187 1452 4255 βασιλείαν
1488 4190 1617 4254 ημῖν
1652 4186 1801 4256 εἰρη-

215 4290 403 4358 μένοι,
461 4288 528 4356 τῇ
571 4285 836 4353 μοναχικῇ
881 4279 1126 4349 πολιτείᾳ
1161 4280 1255 4332 καὶ
1287 4278 1564 4347 ἐπιστήμῃ
1594 4276 1801 4344 ἐμπρέ-

211 4395 442 4440 ποντες.
477 4377 587 4429 Καὶ
632 4376 783 4428 ᾶλλοι
812 4373 857 4425 δ’
901 4374 996 4425 ἐπὶ
1038 4375 1248 4433 τούτοις
1296 4368 1647 4437 συνήκμαζον
1677 4370 1799 4428 ταῖς

209 4474 448 4526 ἐκείνων
478 4466 711 4534 ἀγαθαῖς
741 4463 1068 4524 συνουσίαις,
1105 4465 1160 4524 ἐς
1201 4461 1333 4513 πολύ
1366 4478 1416 4513 τι
1456 4462 1643 4530 χρῆμα
1685 4461 1803 4510 ἐπι-

2346 3649 2500 3719 191
2542 3646 2767 3703 CAPUT
2808 3647 3049 3701 XXXIX.

1903 3743 1979 3798 De
2013 3742 2309 3796 Palestina:
2337 3742 2623 3800 monachis,
2657 3740 2911 3810 Hgsyclta,
2936 3740 3228 3810 Epiphanio
3258 3738 3471 3810 Cyprio,

2042 3811 2627 3875 Salamine,Ammunio
2653 3849 2667 3870 .
2702 3809 2933 3879 Sylvano
2970 3821 3015 3861 et
3047 3808 3331 3863 Zacharias}

1974 3995 2033 4048 In
2057 3994 2344 4048 Palaestina
2367 4008 2586 4062 quoque
2616 4009 2681 4046 eo
2711 4004 2955 4060 tempore
2989 3992 3210 4060 plurimi
3238 3990 3472 4046 floruere

1905 4089 2135 4144 solitarii
2169 4087 2501 4156 philosophi.
2536 4086 2729 4140 Adhuc
2757 4086 2904 4139 enim
2931 4086 3256 4152 superstites
3286 4098 3468 4150 emut,

1906 4196 2067 4252 quos,
2101 4195 2224 4233 cum
2253 4178 2322 4233 de
2352 4178 2695 4233 Constantini
2737 4177 2970 4246 imperio
2998 4177 3469 4244 agerentuSLdixi-

1907 4289 2031 4328 mus
2073 4271 2304 4327 scientia
2331 4279 2387 4324 et
2425 4269 2534 4323 vita
2567 4270 2869 4321 monastica
2898 4266 3240 4335 eil‘ulgentes.
3277 4265 3384 4320 Sed
3419 4277 3475 4321 et

1907 4365 1996 4419 alii
2026 4379 2148 4418 cum
2184 4363 2292 4416 illis
2325 4361 2593 4415 institutis
2624 4359 2843 4412 illorum
2877 4358 3146 4421 enituere,
3179 4358 3272 4426 qui
3304 4359 3476 4412 virtu-

1909 4458 1978 4510 tis
2020 4456 2291 4524 profectu.
2343 4467 2453 4506 non
2506 4450 2820 4520 paenitenda
2866 4449 3025 4502 laude
3061 4459 3114 4503 et
3157 4450 3326 4517 gloria
3364 4465 3481 4502 nio-

205 4564 458 4622 διδόντες
481 4559 578 4626 τῆς
613 4559 813 4628 ἀρετῆς
839 4570 855 4586 ·
889 4556 979 4607 καὶ
1011 4553 1395 4623 προσετίθεντο
1427 4554 1540 4613 τοίς
1564 4548 1800 4603 ἐνταῦθα
1837 4557 1878 4610 D

1782 4567 1800 4599 ι
1837 4557 1878 4610 ι)
1909 4546 2146 4600 nasteria
2175 4544 2486 4598 'auxerunt.
2536 4542 2744 4595 [lorum
2792 4541 3100 4608 praecipuus
3151 4539 3258 4592 fuit
3305 4539 3475 4608 llesy-

223 4652 700 4727 φροντιστηρίοις,
734 4651 794 4702 οὐ
853 4647 949 4716 τὴν
977 4645 1246 4717 τυχοῦσαν
1287 4644 1540 4697 εῠιιλειαν
1598 4643 1802 4704 τούτοις

226 4746 594 4818 πορίζοντεςο
646 4736 720 4796 ὧν
786 4741 1093 4810 πρώτιστος
1159 4738 1396 4806 Ἡσυχᾶς
1457 4732 1545 4807 ἦν,
1592 4736 1804 4799 ἑταῖρος

206 4842 292 4894 ὢν
355 4843 412 4902 ἐς
446 4839 514 4890 τὰ
546 4835 784 4905 μάλιστα
811 4832 890 4902 τῷ
940 4833 1314 4901 παμμεγίστῳ
1356 4830 1453 4896 τὴν
1500 4830 1640 4880 κατὰ
1669 4827 1803 4877 Θεὸν

209 4932 411 5005 βιοτὴν
468 4927 742 4995 Ἰλαρίωνι
766 4942 778 4954 ·
811 4923 945 4993 πρὸς
975 4923 1031 4975 δὲ
1065 4923 1156 4974 καὶ
1184 4923 1211 4972 ὁ
1261 4919 1428 4980 πολὺς
1474 4918 1572 4988 τήν
1603 4915 1800 4985 ἀρετὴν

228 5019 581 5090 Ἐπιφάνιος,
616 5015 674 5078 ὃς
706 5013 888 5081 πολλῷ
919 5012 1096 5082 χρόνῳ
1123 5009 1349 5078 ὕστερον
1383 5010 1476 5061 καὶ
1506 5008 1607 5076 τῆς
1629 5009 1687 5057 ἐν
1704 5006 1804 5058 Σα-

207 5116 409 5181 λαμῖνι
445 5109 544 5178 τῆς
579 5106 809 5174 Κύπρου
841 5101 1133 5170 ἐκκλησίας
1160 5100 1258 5167 τὴν
1291 5097 1592 5168 ἐπιτροπὴν
1624 5095 1797 5164 ἔσχεν.

223 5206 290 5257 '0
329 5204 428 5270 μὲν
459 5198 553 5251 οὖν
585 5197 826 5265 Ἠσυχᾶς
855 5195 916 5247 τὸ
933 5196 1031 5262 τῆς
1055 5193 1280 5262 ἡσυχίας
1307 5191 1670 5260 ἐργαστήριον
1705 5187 1802 5240 ἐπὶ

216 5292 606 5364 1’ἀζης,’ἐνοα
643 5289 706 5359 δὴ
744 5289 838 5341 καὶ
866 5287 893 5339 ὁ
938 5287 1158 5354 ἑταῖρος
1194 5283 1294 5336 εἴτ’
1347 5283 1440 5335 οὖν
1483 5282 1802 5344 διδασκαλος

211 5390 320 5444 καὶ
376 5386 675 5453 σύμπνους
728 5379 878 5448 αὐτῷ
938 5374 1212 5448 Ὶλαρίων,
1259 5371 1426 5447 εἶχεν.
1464 5375 1521 5427 '0
1552 5376 1609 5428 δὲ
1660 5376 1801 5443 ἱερὸς

227 5478 556 5544 Ἐπιφάνιος
607 5474 734 5543 περ)⁸
781 5472 977 5541 κώμην
1019 5470 1140 5523 τινὰ.
1186 5468 1564 5538 Βησανδούκην
1605 5467 1798 5534 δνομα,

208 5575 343 5626 ὅθεν
374 5570 470 5622 καὶ
498 5566 728 5638 ὥρμητο
748 5604 762 5628 ,
792 5562 958 5632 νομοῦ
1000 5561 1529 5628 Ἐλευθερουπόλεως
1551 5576 1563 5588 ⁸
1605 5559 1699 5627 νέᾳ
1747 5558 1802 5610 δὲ

212 5664 466 5729 πάμπαν
488 5659 554 5726 τῇ
583 5656 770 5726 ἡλικίᾳ
794 5653 1038 5724 ἀρίστοις
1060 5652 1404 5721 χρησάμενος
1430 5649 1794 5712 διδασκάλοις,

207 5756 314 5808 καὶ
333 5745 591 5811 παιδείας
620 5749 782 5817 χάριν
808 5746 1139 5816 μονσστικῆς
1163 5744 1260 5796 οὐκ
1283 5743 1563 5812 ἐλάχιστον
1600 5740 1800 5803 ἀνύσας

209 5849 274 5900 ἑν
302 5844 572 5911 Αἰγύπτῳ
603 5841 814 5911 χρόνον,
847 5838 1000 5906 παρα
1027 5853 1085 5887 τε
1117 5837 1228 5898 τοῖς
1265 5835 1439 5888 ἐκεῖσε
1474 5833 1538 5904 δὴ
1569 5834 1662 5886 καὶ
1691 5834 1800 5886 Πα-

1910 4639 2067 4700 chas,
2102 4635 2368 4690 llilarioni
2410 4635 2511 4693 illi,
2557 4633 2668 4685 vita
2701 4646 2763 4684 ea
2804 4646 2924 4699 qua:
2957 4630 3261 4683 secundum
3308 4630 3476 4684 Deum

1907 4739 2011 4794 est,
2061 4731 2222 4799 longe
2276 4725 2770 4798 prxstantissitno,
2827 4722 3031 4775 sodalis
3093 4721 3475 4779 charissimus.

1907 4826 2038 4879 item
2080 4825 2279 4876 virtute
2317 4821 2609 4889 prteclarus
2636 4815 2994 4885 Epiphanius.
3030 4815 3124 4882 qui
3156 4814 3320 4882 longo
3354 4825 3480 4884 post

1909 4925 2151 4982 tempore
2198 4911 2444 4966 ecclesia:
2493 4908 2805 4962 Salaminia:
2859 4906 2909 4957 in
2961 4904 3141 4973 Cypro
3177 4896 3480 4972 episcopus

1906 5006 2142 5078 praefuit.
2203 5003 2272 5057 Et
2331 5000 2612 5068 Hesycbas
2670 4997 2890 5066 quidem
2944 4997 3149 5064 quietis
3206 4995 3478 5049 ollicinam

1905 5099 2046 5166 apud
2077 5097 2272 5152 Gazam
2306 5092 2561 5152 instituit,
2582 5090 2774 5144 eodem
2808 5104 2916 5157 quo
2947 5088 3151 5141 sodalis
3182 5102 3278 5140 seu
3315 5088 3482 5157 magi-

1904 5202 2039 5253 ster,
2071 5192 2123 5243 in
2150 5189 2312 5242 rebus
2333 5183 2592 5238 omnibus
2617 5195 2804 5236 secum
2834 5183 3183 5235 consentiens
3207 5180 3478 5243 Hilarion,

1904 5285 2062 5347 loco;
2091 5296 2244 5335 sacer
2279 5287 2460 5331 autem
2492 5275 2857 5343 Epiphanius,
2892 5273 3038 5327 circa
3073 5273 3364 5341 quemdam
3394 5274 3475 5326 vi-

1906 5390 2029 5429 cum
2066 5371 2459 5432 Bcsanducem,
2495 5365 2837 5436 prwfectura:
2870 5365 3338 5433 Eleutlter0polis,
3380 5366 3472 5416 ubi

1906 5465 2070 5518 etiam
2095 5469 2249 5516 Ortus
2273 5459 2470 5512 fuerat.
2496 5456 2592 5510 llic
2624 5458 2676 5511 in
2705 5455 2878 5524 prima
2909 5465 3068 5508 aetate
3093 5453 3314 5522 epttntis
3342 5469 3478 5507 usus

1904 5552 2358 5626 praceptoribus,
2379 5558 2433 5604 et
2462 5551 2731 5605 doctrinae
2758 5548 3078 5603 monastica:
3107 5547 3282 5615 gratia
3315 5546 3475 5614 longo

1911 5656 2153 5715 tempore
2174 5647 2226 5702 in
2253 5643 2484 5713 [Egypto
2503 5652 2764 5700 moratus,
2781 5639 2921 5706 apud
2939 5637 3220 5708 Egyptios
3237 5640 3398 5694 simul
3423 5654 3478 5695 et

1907 5739 2243 5802 Palaestinos,
2279 5755 2372 5808 per
2410 5737 2630 5791 virtutis
2657 5733 2920 5792 studium,
2953 5731 3220 5798 insignem
3245 5732 3479 5798 adeptus

1905 5828 2079 5884 fuerat
2102 5828 2316 5883 laudem
2342 5844 2356 5879 :
2380 5841 2480 5882 nec
2503 5825 2682 5880 minus
2716 5821 2877 5876 etiam
2897 5823 3036 5891 apud
3061 5821 3308 5891 Cypiios,
3336 5825 3478 5892 apud
