4278 6438
735 481 841 543 715

736 596 897 660 tium,
930 591 1178 663 ﬂagravit
1213 592 1401 645 odium
1452 609 1464 643 :

735 698 977 751 utentes,
1010 687 1103 743 sed
1142 700 1336 757 magno
1362 685 1545 739 animo
1577 682 1754 737 illatas
1784 680 2013 748 injurias
2043 686 2097 730 et
2125 674 2309 743 plagas

738 780 1102 849 excipientes.
1132 777 1319 845 Qualis
1358 774 1683 833 Valentinus
1716 773 1807 827 ille
1848 772 1971 827 fuit.
2013 783 2174 837 quem
2212 761 2306 817 alii

735 875 1087 936 Emesenum,
1122 873 1213 927 alii
1246 870 1598 926 Arethusium
1632 881 1831 940 genere
1866 865 2032 918 fuisse
2067 857 2309 914 tradide-

736 978 884 1023 runt.
925 967 993 1023 Et
1038 966 1175 1021 alter
1204 966 1254 1019 ei
1296 962 1638 1033 cognominis
1680 959 2005 1021 monachus,
2040 964 2097 1009 et
2125 953 2309 1007 Theo-

735 1060 1045 1131 dorus,.qni
1083 1060 1247 1114 ambo
1278 1075 1307 1113 a
1344 1058 1509 1113 Tittis
1536 1056 1657 1110 vico
1694 1053 2028 1124 praefectura“:
2054 1050 2309 1118 Apamea:

737 1154 958 1210 oriundi
1008 1155 1185 1209 fuere.
1224 1152 1357 1207 Item
1390 1152 1632 1227 Marosas
1672 1146 1926 1203 Nechelis
1958 1152 2136 1207 ortus,
2174 1140 2306 1194 Bas-

736 1264 852 1311 sus,
892 1247 1178 1309 Bassones,
1224 1255 1279 1301 et
1324 1244 1549 1304 Paulus,
1594 1240 1687 1299 cui
1732 1240 1907 1311 patria
1959 1237 2062 1291 fuit
2106 1230 2309 1287 Telini~

737 1358 832 1398 sus
864 1342 964 1413 (Ι).
1010 1340 1107 1397 llic
1141 1357 1264 1397 cum
1303 1340 1491 1395 multis
1526 1340 1582 1391 in
1629 1337 1766 1392 locis
1802 1336 1974 1390 multa
2008 1329 2309 1386 monacho-

737 1451 859 1488 rum
911 1433 1166 1489 coenobia
1210 1432 1562 1493 instituisset,
1615 1440 1667 1484 et
1712 1428 1971 1498 praeclare
2022 1423 2205 1493 plures
2239 1417 2308 1473 ad

740 1527 1140 1598 philosophiam
1183 1525 1323 1579 hanc
1353 1521 1779 1579 consectandam
1808 1519 2134 1573 cohortatus
2169 1511 2308 1565 fuis-

736 1628 841 1682 set,
866 1618 1216 1688 postmodum
1249 1617 1302 1670 in
1332 1616 1552 1685 regione
1581 1614 1667 1669 cui
1701 1626 1898 1666 nomen
1923 1616 2007 1663 est
2030 1606 2311 1675 Jugatum,

740 1715 952 1785 insigne
1018 1723 1075 1767 et
1125 1711 1473 1781 splendidum
1541 1707 1939 1762 monachorum
1996 1697 2310 1756 construxit

738 1808 1100 1872 domicilium,
1142 1816 1306 1874 atque
1355 1802 1429 1857 ibi
1483 1790 1651 1854 vitam
1702 1799 1755 1852 in
1806 1802 2092 1850 senectute
2141 1789 2308 1844 multa

739 1899 936 1953 ﬁnivit.
981 1897 1317 1951 Monstratur
1360 1908 1428 1947 eo
1460 1893 1581 1947 loco
1618 1891 1812 1951 adhuc,
1862 1884 2009 1957 quod
2051 1882 2313 1936 omnibus

740 2001 927 2047 notum
974 1999 1102 2053 est,
1160 1987 1478 2056 sepulcrum
1522 1985 1661 2051 ejus.
1711 1979 1919 2033 Omnes
1961 1990 2093 2029 vero
2142 1986 2314 2043 prope

738 2100 881 2157 quos
935 2082 1316 2138 rccensuimus
1371 2078 1648 2139 monachi,
1706 2070 1936 2141 longmvi
1990 2068 2145 2123 fuere
2197 2083 2210 2118 :
2260 2062 2313 2116 id

739 2177 886 2249 quod
915 2176 1276 2243 dispositione
1313 2182 1369 2226 et
1412 2167 1753 2240 providentia
1803 2164 1893 2218 Dei
1943 2159 2074 2215 mihi
2108 2157 2313 2212 factum

738 2284 863 2326 esse
904 2270 1141 2330 videtur,
1174 2264 1429 2320 videlicet
1473 2272 1533 2317 ut
1578 2270 1685 2314 tam
1735 2257 1996 2311 diuturno
2035 2259 2089 2305 et
2119 2256 2315 2303 exacto

739 2365 867 2418 vitae
899 2362 1155 2416 instituto
1187 2358 1590 2412 incrementum
1629 2349 1825 2419 religio
1864 2352 2089 2415 caperet
2120 2360 2133 2395 :
2168 2337 2313 2409 quod

742 2470 850 2509 non
877 2452 1046 2522 Syros
1077 2461 1313 2512 tantum,
1340 2446 1436 2502 sed
1465 2454 1521 2500 et
1556 2444 1752 2498 Persas
1783 2450 1948 2507 atque
1984 2434 2316 2490 Sarracenos

741 2546 1012 2618 plurimos
1059 2542 1125 2597 ad
1176 2541 1337 2595 tidem
1388 2549 1631 2592 nosti-am
1680 2532 1971 2602 pertraxit,
2015 2537 2068 2582 et
2115 2526 2319 2580 Graeca:

746 2637 1159 2711 superstitionis
1198 2641 1501 2689 sectatores
1533 2628 1779 2697 plerique
1824 2633 1884 2678 ut
1915 2620 2125 2675 cultum
2157 2631 2318 2671 suum

743 2735 1105 2803 abnegarent,
1151 2727 1360 2784 eﬂecit.
1415 2725 1492 2778 Ex
1541 2720 1743 2791 quibus
1784 2715 2040 2769 omnibus
2094 2707 2318 2780 plurimi

744 2800 997 2893 persoasi
1031 2828 1182 2883 sunt,
1219 2824 1277 2871 ut
1323 2810 1728 2882 ρίιηοδομιιὶειηι
1780 2800 2134 2860 monasticam
2167 2814 2318 2854 sum-

747 2930 971 2984 mopere
998 2912 1269 2974 colerent,
1295 2917 1351 2963 et
1377 2910 1442 2960 ad
1478 2920 1666 2959 eorum
1694 2916 1832 2970 quos
1867 2897 2029 2951 modo
2054 2894 2315 2955 diximus,

743 3007 1055 3077 exemplum
1129 3005 1521 3058 monachorum
1584 2994 1969 3051 sodalitatibus
2037 2993 2315 3058 praeirent.

746 3101 950 3158 Facilis
997 3108 1178 3151 autem
1224 3092 1545 3163 conjectura
1583 3097 1687 3153 est,
1721 3086 1825 3139 hoc
1862 3099 2035 3153 genus
2076 3081 2321 3150 philoso-

749 3195 890 3260 phiae
921 3192 998 3258 (2)
1032 3189 1191 3243 initio
1233 3186 1359 3240 inde
1394 3192 1637 3251 sumpto,
1685 3178 1751 3231 ad
1798 3176 2017 3230 Galatas
2055 3188 2228 3241 usque
2266 3181 2321 3226 et

747 3283 1123 3352 Cappodoccs,
1188 3278 1561 3338 ﬁnitimosque
1615 3269 1695 3323 eis
1752 3266 2004 3336 populos,
2062 3263 2192 3317 item
2252 3261 2318 3316 ad
2349 3298 2392 3355 c

749 3377 1024 3433 Euxinum
1084 3373 1344 3432 Pontum,
1404 3363 1739 3435 Bithyniam,
1799 3371 1855 3412 et
1907 3356 2317 3423 Hellespontum

751 3461 1097 3541 pervenisse,
1144 3464 1237 3535 qni
1290 3475 1423 3516 sane
1477 3456 1779 3526 antiquitus
1820 3450 2125 3505 doctrinam
2164 3448 2323 3502 Chri-

752 3564 984 3617 stianam
1040 3555 1402 3629 ﬂagrantibus
1454 3552 1655 3605 animis
1701 3545 2148 3614 conzpleclentes,
2201 3554 2323 3609 per-

754 3654 955 3707 multos
1007 3650 1205 3704 divina:
1244 3645 1407 3715 hujus
1443 3638 1809 3712 philosophia:
1858 3635 2103 3688 habuere
2152 3644 2325 3685 secta-

752 3758 923 3802 tores.
968 3743 1213 3808 Quorum
1265 3738 1451 3808 plures
1500 3733 1551 3787 in
1604 3726 1992 3786 communibus
2029 3722 2325 3777 domiciliis

755 3855 853 3910 per
890 3840 1053 3891 urbes
1092 3844 1147 3888 et
1184 3832 1337 3885 vicos
1386 3827 1729 3885 habitarunt,
1766 3822 1849 3875 vel
1888 3817 2035 3887 quod
2080 3815 2324 3869 nondum

757 3932 1151 3988 traditionibus
1199 3938 1255 3981 et
1300 3923 1569 3992 exemplis
1619 3934 1812 3973 eorum
1851 3915 1945 3984 qui
1997 3914 2129 3967 dicti
2174 3921 2322 3976 sunt,

754 4026 1143 4084 assuevissent,
1208 4017 1365 4089 195
1394 4028 1477 4070 vet
1509 4013 1653 4083 quod
1688 4020 1912 4081 propter
1946 4007 2142 4062 hiemis
2170 4020 2327 4073 aspe-

757 4121 978 4174 ritatem
1027 4115 1278 4181 regiones
1322 4110 1448 4169 illae,
1490 4116 1544 4161 ct
1579 4105 1816 4158 maxime
1861 4101 2087 4161 Pontus,
2119 4098 2327 4164 Cappa-

758 4213 939 4276 docia,
972 4221 1029 4265 et
1053 4209 1284 4271 Galatia,
1318 4214 1509 4259 natura
1554 4198 1928 4270 frigidissimae
1971 4194 2104 4254 sint,
2135 4190 2326 4261 proin-

760 4311 938 4374 deque
988 4319 1095 4357 non
1150 4301 1309 4355 facile
1355 4295 1575 4365 plurimi
1608 4294 1664 4347 in
1696 4290 1828 4347 solis
1862 4289 1935 4343 ibi
1969 4287 2103 4342 locis
2131 4285 2329 4353 degere

762 4410 1006 4471 possent.
1040 4397 1431 4451 Verumtamen
1475 4404 1585 4442 non
1618 4384 1844 4441 omnino
1884 4389 2100 4435 mentes
2139 4390 2327 4432 earum

760 4496 829 4547 ab
871 4486 1208 4561 ejuscemodi
1258 4479 1601 4553 pliilOSOphis
1644 4476 1799 4531 vacui
1856 4473 2030 4528 luere.
2060 4471 2330 4538 Tempore

761 4601 1001 4653 namque
1039 4579 1391 4650 procedente,
1438 4569 1750 4627 vehementi
1795 4579 1958 4638 atque
1988 4565 2204 4619 ardenti
2246 4577 2331 4616 re-

1943 461 2359 531 NIL‘EPllOlll
2412 459 2758 521 CALLlSTI

1500 604 1607 644 non
1652 587 1777 642 illos
1807 585 2030 656 quidem
2063 579 2305 633 vindicta
2338 588 2382 644 Α

2342 588 2382 644 Α
2415 572 2480 643 ἧν
2502 618 2516 639 ,
2552 578 2754 644 ἥκιστα
2792 574 2890 643 μὲν
2922 572 3103 642 ἀμύνῃ
3138 569 3444 641 χρωμένοις
3467 609 3483 632 ,
3516 564 3767 636 εὐψύχως
3799 564 3859 617 δέ
3890 564 3993 624 τὰς

3881 448 3987 512 716

2415 670 2821 739 ἐπιφερομένας
2850 665 3037 734 ὕϐρεις
3060 681 3118 716 τε
3149 664 3242 715 καὶ
3264 660 3481 730 πληγὰς
3505 658 3837 728 δεχομένοις.
3865 649 3994 713 Οἷος

2415 763 2772 823 Οῷαλεντῖνος
2808 761 3013 822 ἐκεῖνος
3046 752 3148 829 ἦν,
3183 756 3241 809 ὃν
3269 756 3321 809 oi
3362 755 3462 825 μέν
3497 751 3827 819 Ἐμισηνὸν,
3863 750 3911 799 οἱ
3948 746 3995 797 δ’

2427 854 2771 925 Ἀρεθούσιον
2806 854 2865 904 τὸ
2900 852 3055 919 γένος
3090 858 3229 902 εἰναι
3262 849 3448 916 ελεγον
3474 862 3487 875 ·
3526 845 3624 897 καὶ
3655 844 3750 895 τὸν
3782 843 3995 908 ἕτερον,

2414 948 2565 1019 αὐτῷ
2607 949 2663 1001 δὲ
2706 947 3040 1017 6μώνυμον⁰
3092 944 3188 997 καὶ
3229 941 3546 1010 Θεόδωρονο
3592 937 3642 990 οἳ
3689 935 3780 987 καλ⁵
3828 933 3999 1001 ἄμφω

2414 1041 2524 1096 ἀπὸ
2572 1039 2783 1094 Τιττῶν
2818 1039 2929 1105 ¹’τοῦ
2963 1036 3258 1103 Ἀπαμέων
3301 1031 3583 1103 ιὼρμῶντο
3636 1025 3805 1096 νομοῦ
3832 1041 3848 1056 ’
3902 1028 4000 1076 καὶ

2413 1132 2695 1202 Μαρώσαν
2730 1130 2821 1183 τὸν
2855 1130 2919 1183 ἐκ
2960 1126 3239 1197 Νεχείλων
3264 1142 3281 1157 ο
3316 1127 3410 1177 καὶ
3455 1124 3688 1185 Βάσσον,
3723 1122 3815 1174 καὶ
3860 1120 3999 1171 Βασ-‹

2417 1226 2613 1295 σώιην,
2644 1226 2736 1277 καὶ
2766 1222 2997 1286 Παῦλον,
3025 1214 3068 1288 ᾧ
3098 1220 3296 1289 πατρὶς
3324 1216 3592 1285 Τελμισδς
3619 1211 3709 1286 ἦν.
3741 1206 3911 1275 Οὗτος
3942 1211 3999 1263 δε

2414 1322 2619 1384 πολλὰς
2663 1319 2943 1380 συνοικίας
2989 1317 3245 1389 μοναχῶν
3285 1316 3426 1369 κατᾶ
3465 1314 3758 1384 διαφόρους
3801 1312 4000 1370 τόπους

2417 1415 2853 1481 συστησάμενος,
2880 1411 2974 1465 καὶ
3002 1411 3185 1472 καλῶς
3212 1410 3303 1461 ἐπὶ
3332 1409 3391 1461 τὸ
3418 1407 3735 1476 φιλοσοφεῖν
3763 1403 4001 1473 προτρέ-

2413 1509 2519 1577 ψας
2540 1548 2554 1573 ,
2589 1505 2816 1572 ὕστερον
2850 1502 2950 1573 τὴν
2986 1504 3044 1565 ἐς
3076 1503 3137 1553 τὸ
3174 1500 3449 1567 Ἰουγάτον
3482 1496 3625 1549 οὕτω
3659 1493 4000 1562 καλούμενον

2415 1599 2618 1670 χωρίον
2655 1598 2917 1666 λαμπρὰν
2957 1593 3050 1645 καὶ
3088 1589 3365 1659 περιφανῆ
3402 1586 3682 1640 συνοικίαν
3717 1599 3998 1651 καταστη-

2418 1692 2650 1761 σάμενος
2691 1686 2965 1759 μοναχῶν,
3004 1687 3184 1739 ἐκεῖσε
3220 1683 3284 1751 δὴ
3317 1682 3412 1735 καὶ
3444 1681 3536 1732 τὸν
3574 1679 3692 1749 βίον
3727 1674 4001 1727 ἀπέλιπεν

2416 1789 2495 1851 είς
2538 1785 2673 1855 βαθὺ
2714 1783 2892 1853 γῆρας
2935 1781 3157 1844 ἐλάσας.
3201 1778 3487 1831 Δείκννται
3526 1776 3583 1827 δέ
3621 1774 3717 1825 καὶ
3757 1772 3787 1823 ὀ
3827 1771 4003 1837 τάφος

2416 1878 2627 1932 ἐκείνου
2664 1875 2832 1929 είσέτι
2866 1875 3001 1926 πᾶσι
3038 1869 3356 1939 κατάδηλος.
3393 1865 3590 1935 Σχεδὸν
3621 1864 3677 1917 δὲ
3711 1863 3808 1916 καὶ
3839 1862 4001 1922 ὅσους

2342 1949 2389 2008 Β
2419 1976 2524 2027 τῶν
2553 1971 2807 2044 μοναχῶν
2831 1966 3138 2039 διήλθομεν,
3173 1962 3465 2035 μακρόϐιοι
3495 1961 3698 2021 πάντες
3722 1958 3998 2025 ἐγένοντο.

2422 2067 2527 2121 Καί
2577 2084 2668 2136 μοι
2716 2065 2862 2117 δοκεῖ
2906 2064 2965 2114 τὸ
3008 2060 3181 2120 οὕτως
3228 2056 3463 2110 ἐπιπολὺ
3513 2051 3862 2119 διαγενέσθαι
3903 2049 3998 2101 τοῦ

2405 2160 2612 2234 ,χρόνου
2646 2157 2999 2225 οἰκονομῆσαι
3030 2154 3090 2206 τὸ
3119 2152 3275 2206 Θεῖον
3296 2192 3310 2217 ,
3344 2150 3420 2211 ὼς
3456 2148 3521 2201 ἂν
3553 2149 3586 2218 ἡ
3622 2144 3890 2216 θρησκεία
3920 2144 4001 2204 εἰς

2420 2253 2664 2305 ἐπίδοσιν
2695 2248 3071 2319 προχωρήσοι.
3129 2245 3211 2316 Τῇ
3243 2245 3355 2313 γὰρ
3383 2239 3622 2311 τοσαύτῃ
3653 2238 3874 2308 ἀκριϐεῖ
3904 2238 4001 2289 ἐπὶ

2424 2345 2637 2414 μακρὸν
2663 2343 2910 2410 πολιτεία
2938 2340 2999 2392 οὑ
3029 2339 3239 2407 Σύρους
3268 2335 3452 2406 μόνον,
3478 2333 3617 2388 ἀλλὰ
3646 2332 3741 2384 καὶ
3772 2328 4000 2400 Περσῶν

2418 2439 2516 2491 καὶ
2559 2433 2895 2506 Σαρακηνῶν
2929 2433 3057 2494 τοὺς
3100 2430 3388 2491 πλείστους
3414 2427 3553 2497 προς
3587 2425 3687 2496 τὴν
3725 2426 4002 2492 σφετέραν

2423 2530 2608 2587 πίστιν
2657 2528 3068 2582 καθείλκυσαν’
3126 2525 3223 2577 καὶ
3256 2521 3525 2590 Ἓλληνας
3573 2524 3653 2572 ὅτι
3708 2516 4003 2579 πλείστους

2422 2622 2765 2696 ἀρνήσασθαι
2798 2622 2857 2673 τὸ
2877 2621 3080 2673 οἰκεῖον
3103 2614 3522 2683 παρεσκεύασαν
3560 2612 3744 2672 σέϐας.
3784 2610 3895 2661 Καὶ
3938 2610 4003 2661 ἐκ

2420 2720 2624 2773 τούτων
2657 2719 2876 2771 πάντων
2907 2713 3195 2773 πλείστους
3238 2708 3531 2777 μοναδικῆς
3566 2704 3887 2775 φιλοσοφίας
3922 2704 4005 2767 εἰς

2421 2810 2590 2879 ἀκρον
2625 2806 2798 2860 ἐλθεῖν
2835 2806 3079 2859 ἔπεισαν,
3116 2800 3210 2852 καὶ
3246 2799 3471 2866 στίφους
3514 2797 3769 2865 μοναχὼν
3806 2793 4005 2859 ἐπίσης

2422 2901 2607 2963 αὐτοῖς
2654 2894 3099 2966 καθηγήσασθαι.
3134 2894 3351 2946 "Evn-ct
3400 2892 3457 2943 δέ
3507 2888 3873 2958 συμϐάλλειν,
3926 2885 4005 2948 ὡς

2423 2994 2634 3048 ἐκεῖθεν
2678 2993 2713 3062 ἡ
2755 2993 2982 3058 τοιαύτη
3031 2986 3315 3056 ἀρξαμένη
3361 2983 3649 3053 φιλοσοφία
3701 2983 3795 3035 καὶ
3843 2982 4005 3052 μέχρι

2423 3084 2679 3146 Γαλατῶν
2710 3082 2803 3135 καὶ
2842 3077 3232 3134 Καππαδοκῶν
3264 3078 3362 3129 καὶ
3392 3078 3499 3128 τῶν
3532 3075 3750 3143 ὁμόρων
3781 3076 3965 3135 αὐτοῖς
3988 3112 4003 3136 ,

2425 3179 2519 3232 καὶ
2554 3174 2686 3245 περὶ
2711 3176 2800 3226 τὸν
2833 3172 3083 3237 Εὔξεινον
3114 3172 3308 3223 πόντον
3338 3170 3432 3222 καὶ
3467 3169 3720 3221 Βιθυνίαν
3751 3166 3844 3219 καὶ
3880 3166 4006 3218 Ἐλ-

2424 3272 2720 3341 λήσποντον
2752 3268 2982 3336 ἔφθανεν
3006 3282 3020 3297 ·
3056 3265 3103 3316 οἳ
3137 3265 3199 3334 δὴ
3231 3266 3293 3316 ἐκ
3324 3262 3554 3315 παλαιοῦ
3584 3264 3644 3314 τῦ
3676 3262 3849 3329 δόγμα
3880 3260 4008 3329 θερ-

2432 3365 2545 3435 μῶς
2578 3361 2993 3433 πρεσϐεύοντες,
3030 3359 3259 3421 πολλοὺς
3290 3360 3419 3418 τοὺς
3450 3356 3589 3408 κατὰ
3620 3355 3753 3408 Θεὸν
3784 3357 4005 3422 φιλοσοο

2429 3463 2706 3530 φήσαντος
2748 3456 2943 3524 ἔσχον·
2980 3449 3052 3507 ὢν
3086 3453 3135 3505 oi
3181 3451 3396 3513 πλείους
3440 3449 3582 3502 κατὰ
3627 3448 3903 3509 συνοικίας
3947 3447 4008 3499 ἐν

2429 3548 2617 3601 πόλεσι
2650 3546 2740 3597 καὶ
2770 3542 2983 3613 κώμαις
3014 3542 3223 3613 ᾤκουν,
3260 3543 3373 3609 ἄμα
3409 3539 3507 3609 μὲν
3538 3539 3596 3590 τὸ
3632 3540 3799 3608 μήπω
3831 3554 4010 3605 παρα-

2429 3642 2574 3695 δόσει
2612 3641 2644 3706 ἢ
2681 3638 2872 3698 τύποις
2912 3635 2975 3706 δή
3009 3653 3149 3688 τισιν
3183 3634 3485 3702 εἰθισμένοι
3522 3632 3629 3685 τῶν
3665 3631 3897 3698 πρόσθεν
3933 3625 4011 3681 εἷ-

2430 3751 2515 3785 ναι
2540 3749 2551 3762 ·
2585 3732 2713 3792 ἴσως
2740 3730 2794 3781 δὲ
2824 3732 2917 3781 καὶ
2941 3729 3045 3780 ὑπὸ
3071 3728 3167 3797 τῆς
3192 3726 3285 3779 τοῦ
3314 3718 3583 3794 χειμῶνος
3611 3724 4007 3792 χαλεπότητος,

2431 3826 2594 3895 φύσει
2622 3824 2979 3893 ψυχροτάτων
3012 3823 3179 3873 ὄντων
3210 3822 3315 3871 τῶν
3348 3821 3473 3887 τῇδε
3508 3819 3735 3889 χώρων,
3769 3817 3865 3869 καὶ
3898 3820 4009 3887 μαο

2431 3921 2589 3972 λιστα
2621 3919 2727 3969 τῶν
2762 3917 2864 3971 ἀνὰ
2896 3917 2986 3968 τὸν
3024 3915 3220 3966 Πόντον
3256 3914 3636 3966 Καππαδοκῶν
3670 3929 3728 3965 τε
3764 3914 3857 3965 καὶ
3902 3912 4013 3964 Fa-

2431 4012 2609 4064 λατῶν
2633 4052 2646 4073 ,
2684 4011 2784 4063 οὐκ
2824 4009 3052 4077 εὐχερὲς
3096 4003 3161 4075 ἦν
3199 4006 3301 4058 ἀνὰ
3334 4004 3431 4075 τὴν
3468 4005 3672 4072 ἔρημον
3708 4005 4011 4072 διατρίϐειν

2431 4105 2559 4164 τοὺς
2601 4102 2912 4159 πλείστους.
2946 4101 3034 4162 Ὠς
3075 4099 3277 4152 ἐπίπαν
3312 4098 3420 4167 γάρ
3457 4097 3577 4150 οῦδὲ
3618 4099 3825 4167 ἄμοιρα.
3864 4093 4011 4168 ἦσαν

2432 4199 2501 4251 τὰ
2542 4198 2645 4266 ὅρη
2679 4196 2789 4248 τῶν
2827 4194 3083 4248 τοιούτων
3121 4192 3448 4261 φιλοσόφων.
3490 4191 3741 4259 Προϊόντι
3782 4191 3891 4259 γὰρ
3927 4192 4011 4261 τῷ

2433 4294 2611 4361 χρόνρ
2648 4293 2712 4359 τῇ
2759 4288 2968 4357 σφοδρᾷ
3009 4287 3143 4355 περὶ
3174 4285 3235 4339 τὸ
3265 4284 3421 4337 Θεῑον
3458 4285 3550 4335 καὶ
3586 4284 3762 4352 θερμῇ
3800 4286 4011 4354 σπουδῇ

2433 4384 2491 4434 ἐν
2524 4380 2762 4449 δευτέρῳ
2798 4382 2864 4430 τὰ
2898 4378 2989 4429 τοῦ
3023 4376 3227 4444 ψύχους
3262 4371 3425 4443 ἦσαν.
3462 4376 3585 4435 Ἰὀῐς
3620 4376 3662 4427 δ’
3691 4378 3871 4428 ἐκεῖσε
3910 4376 4015 4448 μέ-

2437 4490 2554 4544 ρεσι
2586 4471 2772 4524 πολλοὶ
2808 4470 2905 4539 μὲν
2937 4474 3031 4521 καὶ
3061 4470 3212 4522 ἄλλοι
3245 4468 3485 4535 δοκίμως
3516 4466 3781 4532 ἐϐίωσαν,
3813 4466 4014 4537 ὥσπερ

2437 4581 2526 4634 μοι
2560 4564 2653 4617 καὶ
2681 4561 2914 4632 ἀλλαχοῦ
2945 4565 3161 4630 εἴρηται
3183 4576 3196 4589 °
3234 4560 3373 4628 μετὰ
3399 4559 3454 4612 δὲ
3482 4559 3607 4622 τοὺς
3640 4561 3771 4629 περὶ
3803 4561 4015 4613 eam-

764 4695 883 4731 rum
914 4652 1233 4728 divinarum
1274 4668 1463 4723 studio
1509 4666 1680 4735 frigus
1721 4662 1885 4717 etiam
1926 4660 2114 4714 cessit.
2153 4660 2329 4724 Atque
2362 4678 2392 4733 Ε

2362 4678 2403 4733 ί)
2436 4658 2547 4709 (nov
2575 4656 2669 4709 καὶ
2693 4658 2785 4706 τὸν
2815 4655 2977 4706 πολὺν
3007 4654 3101 4705 καὶ
3132 4652 3306 4721 μέγαν
3338 4652 3614 4703 Βασίλειον
3643 4654 4014 4723 δοκιμώτατοι

762 4775 817 4827 in
866 4771 950 4826 eis
1000 4766 1248 4837 partibus
1297 4778 1422 4819 cum
1471 4758 1625 4814 multi
1664 4756 1755 4811 alii
1809 4753 2067 4824 praeclare
2120 4754 2325 4808 vixere.

762 4861 1228 4933 quemadmodum
1264 4855 1394 4912 alibi
1446 4870 1476 4908 a
1516 4867 1602 4906 me
1652 4852 1859 4904 dictum
1902 4858 1987 4900 est
2018 4861 2032 4909 ;
2067 4854 2179 4897 tum
2211 4849 2333 4912 post

764 4956 1113 5014 liustathium
1149 4960 1205 5007 ct
1245 4948 1506 5003 Basilium
1540 4958 1817 5013 magnum,
1853 4956 1963 5010 prze
1994 4941 2204 4993 caneris
2238 4950 2330 4989 ce~

762 5050 944 5102 lcbres
981 5049 1213 5100 maxime
1250 5044 1424 5105 fuere,
1454 5037 1717 5092 Leontius
1754 5035 1845 5089 ille
1878 5036 1979 5100 (ἦ),
2013 5034 2099 5087 cui
2133 5031 2331 5085 deinde

762 5140 1086 5209 Ancyranus
1112 5134 1440 5188 commissus
1478 5139 1561 5183 est
1600 5128 1952 5196 episcopatus
1992 5140 2004 5176 :
2044 5132 2099 5174 et
2143 5121 2331 5189 l'iapi-

762 5236 910 5300 dius,
941 5236 1032 5300 qui
1067 5226 1419 5300 quantumvis
1453 5238 1641 5286 senex,
1678 5218 1971 5273 admodum
2006 5218 2204 5270 multas
2232 5230 2330 5283 pro

761 5321 1021 5395 episcopo
1074 5322 1215 5375 rexit
1242 5319 1405 5379 urbes
1432 5315 1531 5387 (4).
1565 5313 1789 5369 Praefuit
1821 5326 1949 5365 vero
1977 5308 2331 5362 nobiliSsima:

761 5421 929 5474 etiam
965 5417 1039 5471 illi
1073 5412 1327 5482 h05pitali
1370 5409 1579 5471 domui,
1607 5407 1694 5460 cui
1724 5419 2031 5474 cognomen
2068 5412 2151 5456 est
2183 5401 2331 5454 Basi-

763 5513 865 5567 lias
906 5527 920 5563 :
965 5526 1089 5563 nam
1133 5525 1163 5561 a
1208 5504 1410 5559 Basilio
1460 5515 1656 5570 magno
1702 5498 2025 5554 Caesariensi
2072 5498 2331 5565 episcopo

766 5613 1142 5678 constructum
1185 5610 1489 5668 pauperum
1539 5592 1899 5655 domicilium,
1950 5605 2074 5644 cum
2129 5603 2328 5643 nomen

767 5699 890 5771 ejus
921 5696 1156 5758 obtinet,
1198 5699 1308 5743 tum
1340 5687 1407 5741 ad
1440 5698 1685 5755 tempera
1717 5682 1884 5737 multa
1918 5682 2200 5750 perdurat.
2225 5684 2334 5733 An-

840 5836 918 5902 (l)
947 5832 1161 5887 Somni.
1200 5824 1525 5902 'l'clmissum
1555 5824 1736 5877 vicum
1770 5836 1892 5876 esse
1924 5822 2083 5902 dicit".

838 5892 914 5975 (εἰ)
944 5905 1160 5975 δοκοίη.
1190 5898 1255 5975 ad
1292 5908 1506 5950 atatem
1538 5909 1733 5975 __usque
1758 5908 1917 5975 suam
1952 5902 2006 5945 et
2034 5892 2330 5948 Theodosii

764 5962 1009 6031 iunioris
1030 5971 1323 6040 imperium
1342 5962 1725 6022 nonnullosex
1755 5962 1906 6017 hisce
1934 5966 2216 6019 monachis
2240 5971 2335 6019 du-

2435 4748 2541 4801 τῶν
2570 4748 2741 4800 ἄλλων
2773 4748 3019 4813 ἐγένοντο
3046 4745 3291 4807 Λεόντιης
3322 4746 3523 4807 ἐκεῖνος
3555 4738 3599 4813 ᾧ
3629 4748 3683 4808 ἐς
3715 4746 3945 4816 ὕστερον
3979 4752 4012 4818 ἠ

2434 4841 2543 4893 τῶν
2580 4838 2937 4907 Ἀγκυρανῶν
2971 4838 3255 4907 ἐπετράπη
3297 4840 3575 4907 ἐπισκοπή
3606 4854 3619 4867 ’
3659 4841 3751 4891 καὶ
3794 4841 4018 4911 ιΙραπί-

2434 4934 2566 4996 διος,
2607 4932 2662 4993 ὃς
2708 4933 2909 5001 καίπερ
2955 4933 3223 5000 γηραλέος
3268 4934 3412 5001 μάλα
3452 4932 3766 5000 γενόμενος,
3809 4936 4012 4999 πολλας

2436 5028 2738 5081 ἐπεσκόπει
2780 5025 3269 5093 πόλειςμιιροέστη
3312 5025 3368 5078 δὲ
3410 5025 3504 5078 καὶ
3538 5027 3632 5079 τοῦ
3676 5030 4019 5096 Enniani.

2436 5139 2529 5174 του
2565 5120 2861 5188 πτωχείου,
2893 5113 2935 5186 ᾧ
2969 5118 3254 5179 Βασιλείας
3285 5117 3572 5187 ἐπώνυμον
3602 5116 3669 5191 ἦν
3694 5140 3708 5152 -
3747 5122 4017 5193 Βασιλείῳ

2436 5215 2543 5283 γὰρ
2575 5214 2646 5281 τῷ
2680 5214 2819 5266 πάνυ
2852 5215 3193 5283 Καισαρείας
3224 5216 3507 5284 ἐπισκόπῳ
3540 5220 4015 5282 κατασκευασθὲν,

2438 5308 2530 5360 καὶ
2560 5309 2658 5377 τὴν
2686 5309 2895 5360 ἐκείνου
2928 5308 3282 5377 ἐκληρώσατο
3315 5309 3526 5378 κλῆσιν,
3557 5312 3613 5374 ἐς
3646 5312 3785 5364 πάνυ
3820 5316 4019 5386 πὸρρω

2438 5401 2883 5470 περιγενόμενον.
2928 5399 3015 5451 Ἐν
3053 5401 3238 5466 μέντοι
3270 5403 3335 5470 τῇ
3376 5401 3651 5472 Ἀντιόχου
3690 5404 3876 5457 πολλοι
3916 5410 4020 5460 καὶ

2437 5494 2582 5547 ἄλλοι
2610 5492 2905 5561 διέλαμπ>ν
2926 5509 2937 5522 ·
2968 5493 3024 5543 ἐν
3051 5485 3131 5555 οἷς
3162 5492 3299 5562 μετὰ
3331 5493 3618 5547 Ἰουλιανόν
3646 5496 3741 5549 καὶ
3772 5497 4022 5566 Ἀφραά-

2438 5605 2537 5655 την
2564 5590 2769 5640 ἐκεῖνον
2798 5588 3077 5656 Μαριανός
3103 5605 3161 5640 τε
3191 5588 3283 5641 καὶ
3312 5588 3569 5654 Εὐσέϐιος
3594 5586 3735 5662 ἦσαν
3754 5631 3769 5656 ,
3799 5591 4023 5647 "and.

2438 5680 2550 5743 διὸς
2594 5697 2654 5733 τε
2705 5682 2796 5733 καὶ
2847 5681 3144 5751 Συμεώνης
3198 5683 3291 5735 καὶ
3328 5683 3670 5756 Ἀϐραάμης,
3722 5686 3817 5739 καὶ
3863 5686 4027 5743 ἄλλοι

2438 5839 2584 5879 rasse
2615 5824 2827 5877 scribit.
2861 5824 2957 5877 lib.
2992 5838 3217 5894 vr,_cap.
3246 5826 3334 5882 5i.

2510 5896 2586 5964 (5)
2621 5894 2838 5964 Sozom.
2874 5896 3037 5950 habet
3071 5892 3197 5949 Leo.

2514 5969 2589 6037 (ὁ)
2624 5963 2747 6019 Soz.
2775 5967 2914 6022 vict;
