4278 6438
297 445 404 513 ἸΠ

1208 436 1816 500 -ΕρριΕδιΑδτιιείιΕ
1857 432 2242 493 lllS’l‘UllIAi
2289 431 2430 491 LIB.
2478 431 2583 493 Χῖ.

3429 431 3536 494 ’118

299 560 440 628 πρὸς
471 558 712 620 τούτοις,
747 555 796 608 οἳ
831 556 1107 625 ἀκήρατον
1138 553 1198 607 τὸ
1232 552 1353 607 κατ’
1375 550 1560 606 εἰκόνα
1589 547 1867 611 διέσωζον.
1895 547 1945 607 Α
1971 559 1988 598 t

1853 585 1867 600 .
1895 547 1945 607 Α
1971 545 2186 599 tiochite
2221 545 2378 597 multi
2409 545 2500 599 alii
2532 547 2785 599 euituerc
2817 545 3092 604 monachi.
3127 544 3180 598 in
3227 543 3426 615 quibus
3455 560 3540 600 se-

312 652 403 706 Ὲν
440 651 497 704 δὲ
536 650 616 719 τῷ
662 650 1054 718 παρακειμένῳ
1093 646 1212 716 δρει
1250 647 1315 714 τῇ
1363 643 1546 709 πόλει,
1585 642 1614 695 6
1655 639 1870 701 πολλοῖς

299 743 562 813 λειμῶσιν
577 744 857 810 ’ὠράἱστο,
887 742 1094 810 Πέτρος
1120 741 1146 792 6
1173 738 1422 806 Γαλάτης
1447 735 1708 804 διέπρεπε
1730 775 1746 799 ,
1777 733 1872 786 καὶ

295 841 325 893 6
351 838 527 907 τούτῳ
553 835 847 906 ὁμώνυμος
868 878 883 899 ,
915 837 942 887 6
970 833 1266 900 Αίγύπτιος
1291 843 1304 859 ·
1344 828 1620 896 Ῥωμανός
1649 843 1707 879 τε
1729 865 1745 888 ,
1779 825 1871 878 καὶ

298 929 536 997 Σευῆρος
567 927 661 980 καὶ
691 928 898 995 Ζήνων,
931 925 1022 976 καὶ
1054 922 1258 990 Μωσῆς
1289 921 1382 973 καὶ
1411 919 1650 988 Μάλχος.
1684 916 1874 969 Πολλοὶ

298 1023 354 1074 δὲ
389 1026 481 1074 καὶ
511 1021 665 1074 ἄλλοι
698 1017 997 1087 τηνικαῦτα
1025 1010 1166 1085 ἦσαν
1197 1015 1296 1076 τὰς
1324 1013 1422 1080 τῆς
1457 1010 1756 1080 μοναχικῆς
1787 1026 1875 1076 φι-

299 1111 557 1178 λοσοφίας
594 1108 850 1178 ἀφιέντες
886 1103 1264 1176 μαρμαρυγὰς
1291 1119 1306 1134 °
1343 1105 1402 1155 ὲν
1438 1103 1536 1172 μὲν
1569 1104 1632 1168 τῇ
1672 1101 1876 1152 Χαλκι-

299 1204 435 1255 δέων
463 1203 654 1271 ὲρήμῳ
677 1199 901 1260 ’Δῦιτος
934 1198 1026 1252 καὶ
1059 1195 1376 1264 Μαρκιανὸς
1411 1195 1501 1246 καὶ
1534 1193 1875 1262 Ἀδραάμης,

302 1296 397 1346 καὶ
430 1294 564 1344 πολύ
599 1309 651 1342 τι
685 1290 813 1343 ἄλλο
848 1289 1047 1356 πλῆθος
1082 1289 1182 1339 οὐκ
1216 1286 1590 1354 εὐαρίθμητον
1612 1323 1627 1346 ,
1662 1283 1877 1349 σώματι

304 1385 532 1453 παθητῷ
566 1385 664 1454 τὴν
697 1383 884 1450 ἀπσοῆ
931 1382 1076 1450 ζωὴν
1113 1379 1498 1448 μετερχόμενοι
1525 1394 1538 1406 ·
1576 1377 1633 1432 ἒν
1665 1392 1728 1442 γε
1774 1376 1880 1442 μὴν

303 1481 368 1546 τῇ
398 1477 696 1542 Ἀπαμέων
723 1474 1032 1544 ’Δγαπητὸς
1067 1473 1158 1524 καὶ
1192 1472 1489 1540 Συμεώνης
1522 1469 1616 1521 καὶ
1652 1467 1877 1526 ιιαῦλος.

309 1573 576 1630 Πούπλιος
623 1570 751 1624 δ’ὲν
799 1569 1167 1636 Ζευγματέων
1213 1563 1562 1632 ἐφιλοσόφει·
1613 1562 1670 1613 ιν
1718 1560 1775 1612 δὶ
1817 1561 1881 1628 τῇ

307 1665 604 1732 Κυρεστῶν
621 1663 925 1732 Ἀκεψιμᾶς
948 1663 976 1715 6
1003 1660 1354 1727 πανεύφημος
1377 1671 1390 1686 ·
1416 1656 1473 1719 ὃς
1497 1654 1727 1724 οἰκίσκῳ
1755 1651 1885 1721 βρα-

304 1761 522 1828 χυτάτῳ
559 1757 871 1825 καθεῖρκτο,
908 1756 966 1805 ὲν
995 1746 1040 1821 ᾧ
1076 1751 1471 1822 ἑξηκοντούτην
1504 1750 1692 1819 χρόνον
1725 1747 1885 1808 ὁσίως

304 1851 582 1918 διήνυσεν,
613 1848 740 1902 οὔτε
770 1849 849 1911 εἰς
879 1848 1068 1914 λόγους
1098 1846 1250 1915 ἥκων
1281 1843 1405 1897 τινί.
1433 1839 1540 1894 ἿΙν
1569 1842 1625 1894 δὲ
1656 1839 1732 1909 τῷ
1765 1839 1884 1890 τότε

307 1943 405 1995 καὶ
442 1944 784 2011 Ζευγμάτιος
815 1944 844 1993 6
879 1941 1045 2001 πολὺς
1066 1980 1080 1998 .
1113 1937 1174 1999 6;
1206 1938 1304 2005 τὴν
1336 1936 1459 2004 ὄψιν
1492 1932 1881 2006 ἀφῃρημένος.

305 2036 367 2088 ού
403 2033 646 2103 καλύδην
672 2032 834 2102 ᾤκει,
868 2032 1000 2085 ἀλλά
1033 2030 1249 2102 περιῄει
1281 2029 1466 2098 κύκλῳ
1496 2028 1555 2079 τὸ
1584 2025 1885 2095 ἀκραιφνὲς

305 2130 408 2196 τῆς
459 2129 697 2188 πίστεως
749 2123 1156 2191 καταγγέλλων.
1193 2115 1295 2174 Ὧν
1345 2119 1411 2191 δὴ
1459 2121 1559 2187 τὴν
1611 2117 1890 2170 πολιτείαν

305 2221 510 2289 ἄριστα
540 2220 682 2272 κατὰ
716 2219 885 2288 μέρος
919 2216 1153 2273 ἑκάστου
1182 2213 1527 2283 Θεοδώρητος
1559 2215 1586 2266 6
1615 2212 1801 2282 Κύρου
1833 2213 1891 2264 ὲν

307 2316 374 2383 τῇ
412 2314 645 2381 φιλοθέῳ
681 2313 894 2381 ἱστορίᾳ.
930 2306 1296 2378 συνέγραψεν.
1331 2307 1550 2359 Τούτων
1583 2304 1638 2358 δὲ
1672 2307 1893 2359 πάντων

308 2409 468 2477 κοινὴ
511 2406 778 2468 πολιτεία,
823 2406 897 2466 ὡς
939 2405 1135 2466 εἰπεῖν,
1177 2397 1265 2473 ἦν,
1309 2402 1407 2470 τῆς
1452 2401 1550 2471 μὲν
1592 2399 1768 2469 ψυχῆς
1811 2401 1894 2452 ὅτι

307 2504 560 2555 πλεῖστον
589 2497 1000 2568 ἐπιμελεῖσθαι,
1033 2497 1126 2548 καὶ
1155 2495 1360 2562 ταύτην
1392 2493 1528 2564 πρὸς
1561 2492 1891 2560 ἀπαλλαγὴν

307 2597 419 2650 τῶν
450 2595 660 2648 ἐνθένδε
693 2592 892 2655 ἐθίζειν
920 2605 934 2620 ·
966 2591 1059 2643 τὸν
1089 2590 1146 2642 δέ
1183 2604 1243 2657 γε
1277 2587 1448 2640 πολὺν
1482 2587 1669 2647 αὐτοῖς
1702 2586 1894 2653 χρόνον

309 2691 448 2755 εύχῇ
475 2704 532 2738 τε
567 2689 660 2738 καὶ
691 2684 918 2752 νηστείᾳ
949 2687 1045 2741 καὶ
1076 2680 1265 2751 ὕμνοις
1289 2678 1366 2748 τῷ
1381 2678 1529 2746 Θείῳ
1559 2679 1895 2747 προσήκουσι

305 2781 654 2851 διατρίὸεινο
704 2779 956 2846 σώματος
1003 2776 1061 2828 δὲ
1109 2773 1460 2826 παντάπασιν
1508 2770 1752 2838 ἀμελεῖν,
1803 2770 1897 2822 καὶ

308 2876 412 2941 τῆς
443 2875 535 2924 ἐπὶ
562 2870 737 2940 τούτῳ
767 2868 1049 2938 ῥᾳστώνης
1076 2883 1134 2918 τε
1164 2866 1259 2918 καὶ
1286 2862 1607 2931 ἐπιμελείας
1629 2876 1645 2890 '
1675 2861 1898 2931 χρειμά-

312 2986 425 3020 των
451 2967 507 3019 δε
539 2966 633 3018 καὶ
661 2964 759 3032 τῆς
794 2966 921 3032 περὶ
946 2962 1013 3014 τὰ
1047 2961 1348 3030 πράγματα
1379 2957 1634 3026 ἀσχολίας
1667 2957 1898 3022 πάμπιν

313 3058 720 3140 ἀπεξε-ιῶσθαι,
770 3056 861 3110 καὶ
912 3056 1046 3126 πρὸς
1097 3055 1197 3123 τὴν
1248 3050 1372 3106 κατ’
1401 3050 1669 3120 ἀγγέλους
1715 3049 1899 3118 βιοτὴν

312 3151 681 3220 ἁμιλλᾶσθαι.

1971 637 2214 694 cundum
2252 638 2531 692 lulianum
2571 645 2629 692 et
2659 637 2991 705 Aphrautcm
3034 637 3215 702 illum,
3264 638 3544 693 Marianos

1975 731 2080 785 fuit
2127 743 2180 786 et
2231 730 2524 794 Eusebius,
2595 730 2867 784 Palladius
2912 743 2968 784 ct
3014 730 3338 801 Symeones,
3372 731 3545 786 Abra-

1977 825 2167 878 hames
2199 832 2255 877 et
2286 824 2376 877 alii
2413 824 2656 891 insuper,
2703 823 2797 890 qui
2832 824 3101 891 integrum
3129 834 3293 891 atque
3325 823 3546 884 immor-

1981 921 2113 982 tale,
2150 919 2204 973 id
2240 920 2380 988 quod
2415 919 2484 973 ad
2523 919 2816 988 imaginem
2846 919 2935 972 Dei
2969 919 3245 974 conditum
3281 930 3388 985 est,
3417 935 3550 973 conv

1979 1023 2272 1072 servarunt
2303 1014 2402 1078 Η).
2439 1014 2494 1064 In
2538 1023 2723 1065 monte
2764 1027 2833 1065 co
2867 1013 3036 1080 pratis
3068 1012 3254 1065 multis
3285 1028 3548 1081 perquam

1980 1122 2221 1170 amoeno,
2257 1106 2349 1172 qui
2383 1106 2504 1158 urbi
2535 1105 2772 1170 adiacet,
2805 1106 3001 1158 Petrus
3028 1105 3216 1159 Galata
3253 1106 3472 1171 enituit,
3499 1117 3553 1158 ct

1983 1199 2331 1267 cognominis
2387 1199 2515 1272 huic
2567 1197 2872 1268 Egyptius.
2928 1196 3196 1252 Praeterea
3249 1196 3550 1260 Romanus,

1981 1305 2039 1348 et
2069 1295 2325 1354 Severus,
2352 1302 2409 1346 et
2443 1292 2611 1352 Zr-uo,
2641 1303 2697 1346 et
2731 1292 2928 1354 Moses,
2963 1301 3018 1345 et
3054 1292 3314 1354 Malchus,
3352 1292 3555 1361 aliique

1987 1389 2142 1440 multi
2171 1403 2237 1441 eo
2265 1398 2510 1454 tempore
2555 1386 2852 1439 mouastica
2887 1386 2960 1440 ibi
3001 1386 3347 1454 philosophia
3375 1386 3558 1454 splen-

1984 1480 2099 1533 didi
2125 1491 2180 1532 et
2213 1479 2449 1532 illustres
2474 1478 2648 1532 luere.
2678 1478 2733 1533 In
2760 1478 3055 1532 solitudine
3085 1477 3384 1544 Chalcidis,
3422 1479 3557 1533 Abi-

1989 1583 2099 1634 tus,
2132 1580 2189 1625 et
2224 1571 2549 1634 Marcianus,
2583 1583 2636 1624 et
2676 1571 3034 1633 Abrahames,
3073 1582 3127 1625 et
3166 1572 3560 1640 quamplurimi

1988 1663 2106 1725 alii,
2139 1678 2246 1716 nou
2279 1661 2442 1716 facile
2467 1665 2573 1717 sub
2603 1678 2894 1716 numerum
2925 1663 3191 1718 cadentes
3224 1667 3300 1733 (2)
3333 1681 3561 1734 corpore

1990 1755 2446 1824 perpessionihus
2497 1755 2771 1817 obnoxio,
2821 1755 2987 1809 sitam
3033 1754 3415 1812 all'ecﬁonihus
3470 1774 3564 1811 va-

1994 1861 2181 1910 cuam,
2228 1845 2544 1900 excoluere.
2594 1846 2730 1900 ltcm
2794 1847 2846 1900 in
2903 1848 3327 1914 Apamcensium
3375 1865 3567 1910 eremo

1992 1939 2267 2007 Agapetus
2303 1950 2359 1992 et
2407 1941 2722 2009 Symeoues,
2763 1950 2820 1992 et
2849 1939 3074 1996 Paulus.
3109 1941 3163 1994 In
3202 1941 3564 2011 Zeugmatcu-

1992 2033 2135 2085 simu
2173 2042 2356 2084 autem
2405 2031 2537 2086 solis
2566 2032 2704 2086 locis
2733 2030 2964 2086 Publius
2997 2043 3052 2088 et
3085 2032 3287 2086 Paulus
3317 2033 3566 2102 philosoq

1993 2125 2145 2194 pliati
2180 2132 2330 2177 sunt.
2370 2124 2503 2178 Item
2546 2124 2600 2178 in
2637 2125 2939 2180 solitudine
2973 2124 3127 2179 urbis
3156 2124 3308 2194 Cyri.
3343 2125 3569 2195 Acepsi-

1995 2233 2112 2271 mas
2151 2217 2243 2272 ille
2287 2217 2783 2284 det-antatissimus,
2825 2219 2916 2287 qui
2969 2217 3023 2272 in
3064 2219 3340 2286 tuguriolo
3373 2219 3567 2290 exiguo

1997 2308 2243 2364 inclusus
2293 2310 2578 2379 sexaginta
2629 2324 2805 2364 annos
2851 2321 3040 2365 sancte
3092 2310 3168 2363 ita
3222 2312 3462 2382 peregit.
3509 2323 3570 2365 ut

1996 2419 2178 2472 neque
2203 2402 2572 2471 conspiceret,
2598 2417 2776 2471 neque
2801 2403 3186 2471 alloqueretur
3212 2420 3567 2474 quemquam.

1999 2498 2124 2554 Fuit
2151 2506 2266 2549 tum
2289 2511 2511 2565 quoque
2549 2511 2781 2566 magnus
2809 2496 2903 2550 ille
2926 2496 3299 2566 Zeugmatius,
3323 2497 3416 2567 qui
3445 2514 3573 2554 ocu-

1998 2587 2068 2642 lis
2108 2597 2326 2656 captus,
2375 2601 2485 2640 non
2519 2587 2573 2640 in
2623 2603 2803 2640 casam
2841 2587 3080 2656 aliquam
3124 2603 3182 2644 se
3211 2590 3448 2656 abdidit,
3479 2593 3573 2648 sed

2001 2680 2119 2734 loca
2166 2679 2433 2749 pleraque
2472 2678 2831 2741 circumiens,
2881 2679 3148 2734 sinceram
3195 2681 3318 2735 lldei
3364 2683 3575 2751 profes-

2001 2771 2220 2824 sionem
2255 2770 2628 2824 aununtiavit.
2659 2771 2904 2836 Quorum
2941 2772 3109 2825 vitam
3150 2773 3427 2842 sigillatitn
3458 2789 3576 2829 om-

2003 2864 2155 2916 nium
2184 2862 2559 2933 pulcherrime
2588 2862 2973 2920 Theudoretus
3002 2863 3126 2936 Cyri
3169 2864 3483 2937 episcopus,
3521 2869 3574 2924 iu

2004 2955 2100 3010 Dei
2150 2956 2456 3010 amantium
2515 2955 2745 3010 historia
2796 2958 3146 3026 conscripsit.
3198 2959 3360 3030 196
3408 2962 3578 3015 Porro

2002 3049 2250 3102 omnium
2287 3049 2521 3109 istorum
2561 3063 2878 3111 commune,
2924 3061 2982 3102 ut
3028 3049 3102 3103 ita
3150 3051 3349 3117 dicam,
3398 3054 3576 3108 consi-

2003 3141 2137 3195 lium
2171 3151 2228 3195 et
2261 3141 2571 3196 institutum
2597 3150 2737 3204 erat,
2780 3152 2839 3196 ut
2869 3157 3031 3211 quam
3059 3144 3350 3199 maximam
3382 3147 3578 3200 anima:

314 3267 512 3305 curam
542 3259 821 3319 gererent,
860 3261 1097 3316 eamque
1130 3259 1161 3298 a
1193 3243 1361 3297 rebus
1406 3252 1463 3296 et
1491 3239 1692 3294 studiis
1738 3239 1899 3310 hujus
1939 3240 2063 3295 vite
2134 3255 2232 3309 per
2295 3239 2717 3294 desuetudinem
2760 3240 3177 3304 abalienarent,
3211 3249 3270 3296 et
3313 3241 3580 3312 longioris

323 3352 455 3401 vite
499 3362 612 3399 sua-
660 3356 880 3411 tempus
933 3341 986 3394 in
1041 3337 1481 3408 precationibus,
1530 3333 1756 3406 jejuniis
1825 3334 2176 3402 liyumisque,
2256 3343 2316 3387 et
2385 3332 2554 3387 Deum
2597 3333 2923 3388 decentibus
2965 3334 3224 3390 laudibus
3293 3351 3582 3390 consume-

325 3453 458 3500 rent
487 3461 504 3495 ι
567 3454 776 3508 corpus
841 3446 1024 3490 autem
1070 3434 1507 3502 deliciarumque
1582 3431 1702 3500 ejus
1744 3441 1802 3484 et
1849 3430 2146 3500 voluptatis
2187 3428 2432 3482 Studium
2472 3431 2839 3500 nrgligerenl,
2885 3445 2988 3484 nec
3058 3445 3164 3484 non
3214 3434 3499 3500 pecuniam
3529 3445 3584 3488 et

319 3539 678 3607 negotiorum
703 3532 1094 3602 occupationes
1127 3530 1356 3584 omnino
1384 3544 1416 3582 a
1446 3543 1506 3583 se
1543 3527 1899 3596 repellerent,
1943 3537 1999 3582 et
2029 3526 2094 3581 ad
2129 3526 2293 3580 vitam
2321 3527 2624 3598 angelicam
2655 3528 2965 3583 imitatione
2993 3529 3414 3584 contenderent.

907 3651 1160 3705 ΚΕΦΔΛ.
1194 3651 1246 3704 Μ
1256 3651 1330 3704 η’.

317 3748 466 3818 Περὶ
495 3747 798 3815 Εὑαγρίου
827 3745 932 3818 τοῦ
955 3742 1325 3818 φιλοσόφου(
1349 3743 1449 3818 φὶ
1487 3741 1592 3795 τοῦ
1626 3741 1774 3806 ,βίου
1807 3743 1905 3793 καὶ

810 3814 922 3883 τῆς
944 3812 1183 3883 ἀγωγῆς
1210 3813 1425 3868 αὐτοῦ.

396 3934 553 3987 Μετὰ
604 3947 669 3999 γε
722 3928 830 3998 μὴν
876 3926 970 3979 τὸν
1021 3925 1198 3994 Σύρον
1227 3923 1470 3994 Ἐφραὶμ
1521 3924 1910 3993 ἑπισημοτάτω

319 4027 626 4096 ἐγενέσθην
656 4022 752 4076 καὶ
781 4023 882 4089 τὴν
914 4018 1035 4073 κατ’
1061 4019 1232 4088 ἄμφω
1269 4018 1592 4087 φιλοσοφίαν
1621 4019 1852 4085 Δίδυμος
1887 4021 1914 4067 6

320 4115 744 4183 Ἀλεξινδρεὺς,
774 4112 870 4164 καὶ
893 4110 1170 4180 ῌύάτριος
1193 4110 1220 4161 6
1246 4108 1566 4176 Αἰγύπτιος.
1593 4109 1758 4164 Ἀλλὰ
1787 4113 1914 4177 περὶ

323 4212 431 4284 μὲν
464 4207 702 4276 Διδύμου
725 4246 740 4269 ,
771 4208 854 4269 τίς
885 4222 941 4258 τε
974 4201 1044 4276 ἦν
1065 4243 1080 4268 ,
1115 4206 1208 4256 καὶ
1237 4203 1336 4256 ὅσα
1367 4204 1784 4272 συγγράμματα
1816 4219 1915 4254 κα·-

323 4301 671 4364 ταλέλοιπεν,
715 4300 771 4350 ὲν
809 4299 874 4367 τῇ
925 4298 1092 4369 ἐνάτῃ
1137 4311 1228 4364 μοι
1273 4295 1587 4363 διείληπται
1625 4293 1736 4346 τῶν
1778 4294 1919 4346 ἱστο-

328 4395 468 4463 ριῶν
493 4410 507 4423 ·
542 4395 675 4462 περὶ
706 4391 765 4443 δὲ
802 4390 1077 4459 Εὑαγρίου
1117 4387 1322 4459 βραχέα
1355 4386 1650 4452 διεξελθεῖν
1681 4387 1914 4449 δίκαιον,

327 4493 377 4544 εξ
413 4487 511 4540 καὶ
541 4486 711 4554 ἄμφω
745 4483 877 4552 περὶ
907 4482 968 4533 τὸ
1001 4481 1150 4547 ὑγιὲς
1185 4480 1286 4547 τῆς
1324 4481 1561 4541 πίστεως
1592 4478 1775 4548 δόγμα,
1806 4495 1917 4547 χω.

327 4580 610 4664 λαίνοντες
651 4575 794 4647 ἦσαν
819 4617 834 4640 ,
880 4574 1088 4645 καίπερ
1130 4573 1362 4626 πλεῖστα
1401 4572 1575 4639 λόγων
1609 4571 1736 4641 βέλη
1780 4572 1921 4625 κατὰ

327 4681 441 4733 τῶν
482 4657 580 4747 si};
623 4673 883 4742 ἀληθείας
924 4671 1176 4739 ἀφιέντες
1217 4667 1448 4736 ἐχθρῶν.
1487 4659 1654 4726 Οὗτος
1699 4657 1923 4731 {6167'}-

333 4789 445 4843 ρων
487 4763 636 4822 εἷλκε
679 4765 742 4818 τὸ
786 4764 962 4832 γένος,
1007 4761 1055 4813 οἳ
1105 4761 1231 4828 περὶ
1279 4761 1368 4809 τὸν
1417 4756 1671 4820 Εύξεινον
1713 4754 1922 4823 (ἀχοῦσι

331 4868 552 4920 πόντον.
592 4861 764 4927 Σοφὸς
800 4858 858 4911 δὲ
899 4859 1022 4909 λίαν
1055 4855 1147 4907 καὶ
1184 4851 1467 4921 ἐλλόγιμος
1502 4851 1530 4900 6
1565 4850 1702 4919 ἀνὴρ
1740 4849 1925 4916 ἐγεγό-

2596 3649 2820 3707 CAPUT
2859 3649 3019 3704 XLll.

2085 3744 2159 3798 De
2208 3739 2436 3813 Evagrio
2483 3744 2793 3824 plrilosOpho
2819 3785 2833 3806 ,
2902 3755 2951 3797 et
3009 3747 3117 3798 vita
3164 3747 3520 3817 institutisque

2733 3831 2869 3884 qus.

2049 3932 2214 4013 .Post
2266 3930 2526 4000 Epitraim
2585 3929 2810 3998 Syrum,
2857 3929 3205 3984 celeberrimi
3260 3934 3312 3986 in
3360 3941 3594 4002 utraque

2015 4025 2366 4096 philosophia
2397 4023 2562 4078 fuere
2627 4022 2887 4092 Didymus
2920 4022 3343 4090 Alexandrinus,
3375 4036 3432 4080 et
3458 4026 3596 4080 Eva—

2017 4121 2167 4188 grius
2196 4118 2502 4173 monachus
2533 4115 2916 4187 Egyptiacus.
2952 4116 3222 4171 Caeterum
3263 4117 3332 4172 de
3369 4119 3596 4189 Didymo

2017 4215 2113 4282 qui
2146 4211 2335 4278 fuerit,
2364 4221 2418 4265 et
2442 4226 2564 4280 qua:
2588 4211 2790 4281 scripta
2819 4219 2943 4280 post
2969 4225 3026 4265 se
3050 4212 3354 4280 reliquerit,
3373 4212 3427 4265 iu
3452 4228 3597 4265 nouo

2021 4304 2267 4358 historiae
2295 4303 2460 4372 hujus
2501 4302 2647 4357 libro
2681 4318 2709 4355 a
2747 4317 2832 4356 me
2878 4313 2961 4357 est
2996 4302 3230 4356 dictum.
3265 4305 3338 4358 De
3368 4303 3597 4373 Evagrio

2022 4405 2210 4449 autent
2265 4410 2482 4464 aaquum
2514 4393 2689 4448 visum
2718 4404 2803 4448 est
2831 4394 2920 4449 hic
2955 4410 3125 4463 pauca
3153 4396 3336 4450 dicere
3366 4413 3383 4452 :
3411 4412 3602 4466 quam-

2027 4490 2107 4543 ris
2147 4489 2312 4542 ambo
2353 4487 2444 4540 isti
2496 4487 2552 4540 in
2586 4500 2718 4541 sana
2753 4486 2880 4540 lidci
2921 4486 3171 4542 doctrina
3203 4486 3599 4550 claudicarcut,

2027 4592 2306 4649 utcunque
2335 4580 2573 4650 plurima
2599 4581 2935 4647 scriptorum
2973 4595 3200 4635 suorum
3237 4581 3341 4635 tela
3373 4581 3427 4634 in
3455 4582 3602 4635 veri-

2029 4672 2160 4727 tatis
2210 4671 2401 4725 hostes
2443 4672 2557 4724 sint
2593 4671 2846 4742 jaculati.
2898 4672 3164 4741 Evagrius
3200 4689 3267 4728 ex
3316 4673 3601 4736 lberibus.

2028 4766 2119 4833 qui
2153 4765 2306 4819 circa
2339 4764 2613 4819 Euxinum
2661 4765 2894 4818 Pontum
2931 4767 3140 4827 colunt.
3177 4783 3350 4838 genus
3396 4770 3550 4824 duxit
3587 4812 3599 4822 .

2031 4860 2113 4910 vir
2142 4859 2368 4926 sapiens
2403 4869 2460 4912 et
2485 4859 2670 4912 clarus
2702 4858 3024 4921 admodum,
3059 4858 3392 4929 inveniendo
3431 4865 3604 4917 subti-

331 4975 452 5016 νει·
499 4958 594 5011 καὶ
630 4955 829 5015 λεπτὸς
877 4954 974 5021 μὲν
1021 4952 1232 5020 νοῆσαι,
1279 4949 1487 5015 φράσαι
1528 4945 1583 4996 δὲ
1626 4946 1688 4996 τὸ
1732 4943 1924 5012 ιοηθὲν
1961 5018 1975 5022 Α

1910 4959 1924 4992 θ
1961 5018 1975 5022 Α
2033 4953 2102 5005 lis
2124 4962 2180 5005 et
2218 4951 2554 5021 ingeniosus.
2587 4965 2642 5004 et
2677 4952 2727 5003 iu
2758 4952 3072 5021 eloquendo
3102 4955 3249 5022 quod
3278 4956 3599 5021 invenisset,

329 5051 429 5105 καὶ
453 5050 577 5104 λίαν
600 5046 796 5108 δεινός.
823 5044 1106 5112 Διάκρισίν
1132 5059 1194 5110 γε
1227 5040 1335 5109 μὴν
1360 5035 1503 5110 εἶχεν
1528 5037 1770 5109 εὐχερῶς
1801 5035 1923 5087 συλ-

331 5146 557 5205 λαϐεῖν,
594 5143 709 5193 ὅσοι
739 5138 850 5190 τῶν
883 5133 1164 5201 λογισμῶν
1200 5133 1232 5202 ἢ
1271 5130 1404 5201 πρὸς
1437 5128 1639 5198 ἀρετὴν
1661 5169 1675 5195 ,
1715 5127 1747 5196 ἢ
1784 5126 1922 5195 πρὸς

332 5239 535 5291 κακίαν
566 5234 755 5303 ἑώρων
779 5249 791 5263 ·
825 5228 1123 5283 ὑποθέσθαι
1157 5227 1199 5277 δ’
1225 5225 1408 5285 ἱκανὸς
1438 5222 1552 5283 πῶς
1586 5221 1763 5290 χρεὼν
1794 5219 1922 5280 τοὺς

337 5333 442 5402 μὲν
477 5325 818 5396 ἐπιτηδεύειν
841 5365 853 5385 ,
888 5323 1016 5383 τοὺς
1050 5320 1094 5372 δ’
1118 5314 1184 5372 αὖ
1222 5315 1592 5387 φυλάξασθαι.
1622 5314 1791 5366 Ἀλλὰ
1823 5314 1924 5382 τὴν

338 5427 444 5497 μὲν
473 5421 702 5477 ἐνοῦσαν
728 5417 879 5487 αυτῷ
905 5416 999 5469 τοῦ
1030 5415 1191 5482 λόγου
1221 5413 1382 5483 χάριν
1410 5411 1466 5463 αἱ
1494 5409 1709 5480 γραφαὶ
1743 5423 1921 5497 παρα-

338 5496 640 5588 στήσουσιν
669 5514 734 5578 ἃς
768 5510 1158 5566 καταλέλοιπεν
1183 5525 1198 5539 ο
1230 5507 1291 5560 τὸ
1321 5506 1378 5558 δὲ
1411 5501 1542 5575 ἦθος
1582 5505 1802 5574 μέτριος
1835 5496 1925 5571 ἦν.

336 5614 527 5678 Τύφου
563 5611 620 5662 δὲ
656 5609 749 5662 καὶ
786 5603 1089 5675 ὑπεροψίας
1126 5598 1379 5671 οὐδαμῶς
1414 5597 1562 5667 αὐτῷ
1595 5613 1648 5649 τι
1692 5595 1926 5664 προσῆν.

415 5731 492 5796 (l)
528 5725 806 5796 Theodor.
838 5723 938 5796 lib,
978 5736 1052 5784 tv,
1086 5718 1338 5796 cap._28.
1421 5788 1430 5796 _
1473 5785 1486 5796 .
1536 5787 1545 5796 _
1582 5785 1592 5795 .
1660 5783 1708 5796 ,Ι
1909 5782 1920 5794 ,

416 5783 494 5868 (ὲῇ
529 5796 637 5850 Sed
662 5803 717 5850 et
737 5794 1060 5868 Christiana:
1085 5783 1192 5860 jam
1224 5788 1451 5868 inde.ah
1473 5783 1800 5868 initiooidem
1829 5783 1923 5868 qui

342 5854 664 5928 monasticae
707 5867 831 5919 vitae
879 5864 1006 5917 linis
1046 5854 1170 5916 est:
1221 5858 1402 5913 carnis
1451 5854 1820 5928 uiortilicatio,
1859 5863 1931 5928 et

341 5925 578 6016 spiritus
603 5947 913 5995 renovatio.
943 5935 1118 6003 Atque
1145 5932 1234 5986 ille
1263 5930 1485 5983 demum
1521 5942 1643 5982 vere
1668 5925 1928 5994 christia-

1961 5018 2001 5069 ι)

2029 5045 2212 5115 gravis
2244 5054 2302 5098 et
2337 5059 2484 5097 acer.
2516 5044 2784 5098 Perfacile
2823 5045 3012 5110 etiam,
3037 5062 3285 5114 quaenam
3315 5049 3607 5119 cogitatio-

2031 5151 2126 5190 nes
2153 5135 2236 5190 vel
2273 5137 2338 5191 ad
2373 5137 2655 5198 virtutem,
2690 5136 2776 5190 vel
2805 5136 2872 5190 ad
2905 5137 3035 5191 vitia
3076 5147 3416 5209 spectarent,
3454 5140 3606 5212 diju-

2032 5229 2238 5283 dicavit
2273 5269 2288 5289 ,
2337 5244 2439 5282 nec
2483 5229 2667 5283 minus
2707 5227 2939 5283 idoneus
2984 5229 3053 5283 ad
3106 5231 3512 5302 subjiciendum
3549 5246 3607 5289 et

2033 5310 2369 5384 docendum,
2403 5330 2462 5373 ut
2507 5321 2614 5374 illae
2663 5321 2884 5389 quidem
2919 5323 3258 5386 excolendae.
3303 5325 3387 5380 ha:
3419 5337 3605 5381 autem

2034 5412 2290 5467 cavendae
2316 5422 2524 5471 essent.
2574 5412 2700 5467 fuit.
2741 5413 2914 5468 l’orro
2948 5430 3068 5470 eam
3101 5431 3223 5485 quae
3254 5417 3309 5470 in
3354 5419 3608 5473 oratione

2036 5506 2155 5575 ejus
2210 5505 2355 5560 inest
2411 5505 2682 5575 gratiam,
2737 5507 2942 5576 scripta
2997 5524 3116 5576 qua:
3171 5509 3346 5563 edidit
3402 5510 3611 5563 indica-

2038 5595 2174 5649 bunt
2229 5598 2330 5666 (5).
2383 5598 2596 5652 Μοτυιιι
2643 5613 2864 5668 quoque
2915 5600 3174 5669 singulari
3233 5603 3610 5656 moderatione

2032 5727 2138 5765 nus
2172 5712 2387 5834 ᾔει,ᾳυί
2417 5710 2483 5764 ad
2512 5723 2750 5767 veterem
2781 5713 3165 5769 monachatum
3193 5718 3611 5786 quamproxiiuo

2037 5797 2167 5834 acce
2209 5793 2270 5834 ll.

2039 5793 2270 5836 accedit.

2037 5797 2270 5836 acceuit.

2113 5855 2189 5924 (5)
2226 5859 2444 5910 δοιυιι).
2476 5854 2571 5908 lib.
2607 5870 2680 5922 νι,
2713 5869 2831 5924 cap.
2869 5856 2978 5927 50,.
