4278 6438
266 434 373 497 πει

827 550 1076 604 ΚΕΦᾹΛ.
1140 549 1270 604 Ml".

266 633 372 689 Οἴα
402 640 435 691 ό
462 638 646 704 αὐτὸς
703 637 996 707 Εὐάγριος
1055 641 1125 692 ἓν
1157 658 1276 694 τισι
1315 640 1430 693 τῶν
1461 643 1840 706 συγγγημμά-

336 725 454 786 τιον
485 709 615 774 περὶ
669 708 790 762 τῶν
817 716 949 763 τότε
982 715 1133 764 κατὰ
1180 713 1347 781 ῥῆμα
1379 709 1627 771 διέξεισι
1656 728 1840 781 μονα-ι

334 793 476 844 κων.

349 905 367 938 ι
410 889 736 957 Ἀναγκαῖον
765 894 856 943 καὶ
899 893 994 955 τὰς
1050 894 1200 958 ὀδοὺς
1250 897 1358 948 τῶν
1398 898 1839 966 προοδευσάντων

268 981 524 1048 μοναχὼν
552 981 729 1050 ὀρθῶς
747 983 1031 1055 διερωτᾷν,
1060 986 1155 1039 καὶ
1187 988 1321 1056 πρὸς
1347 989 1516 1051 αὑτὰς
1548 988 1843 1057 κατορθοῦ-

267 1070 412 1124 σθαι.
447 1072 624 1126 Πολλά
661 1074 770 1144 γάρ
799 1077 944 1128 ἐστιν
974 1077 1064 1129 ὑπ’
1115 1078 1293 1131 αὐτῶν
1347 1081 1581 1150 ρηθέντα
1638 1100 1695 1133 τε
1753 1083 1844 1134 καὶ

264 1162 579 1232 πραχθέντα
610 1164 788 1228 καλῶς
823 1170 922 1217 ’ὲν
969 1163 1048 1229 οἷς
1106 1170 1201 1221 καὶ
1251 1171 1407 1226 τοῦτό
1457 1189 1540 1234 τις
1593 1173 1792 1242 ἔφησεν
1824 1214 1838 1236 ,

262 1253 348 1304 ὅτι
381 1252 478 1323 τὴν
509 1253 805 1341 ξηροτέραν
838 1261 930 1310 καὶ
962 1259 1038 1330 μή
1063 1242 1347 1329 ἀνώμαλον
1398 1263 1623 1327 δίαιταν,
1657 1267 1844 1335 ἀγάπῃ

265 1344 677 1412 συξευχθεῐσαν,
728 1349 924 1402 θᾶττον
970 1352 1204 1418 ἁπάγειν
1235 1353 1327 1404 τὸν
1366 1355 1594 1426 μοναχὸν
1625 1360 1703 1416 είς
1755 1357 1846 1409 τὸν

262 1432 364 1499 τῆς
395 1434 662 1499 ἀπαθείας
707 1439 930 1507 λιμένα.
997 1440 1055 1493 Ὀ
1109 1442 1167 1494 δὲ
1229 1443 1390 1505 αὐτὸς
1441 1447 1845 1513 ταρασσόμενός

263 1540 388 1574 τινα
427 1524 646 1594 νύκτωρ
673 1527 781 1579 τῶν
808 1528 1078 1597 ἀδελφῶν,
1113 1531 1223 1584 τῶν
1252 1534 1553 1601 φασμάτων
1602 1535 1847 1604 ἀπήλλα-

263 1611 381 1676 ξεν,
413 1612 698 1668 ἀσθενοῦσι
729 1618 864 1685 μετὰ
894 1619 1146 1687 νηστείας
1176 1621 1565 1690 ὑπηρετεῖσθαι
1600 1624 1846 1693 προστά-

267 1703 383 1771 ξας.
408 1708 600 1761 Οὐδενὶ
629 1710 738 1780 γάρ
765 1709 959 1776 οὕτως,
990 1713 1287 1782 ἐρωτηθεὶς
1332 1714 1555 1784 ἔφησεν,
1607 1714 1677 1777 ὼς
1716 1717 1848 1785 ὲλέῳ

263 1795 334 1846 τά
374 1797 599 1849 τοιαῦτα
633 1799 1064 1852 κατασϐέννυται
1099 1801 1267 1871 πάθη.
1325 1803 1412 1872 Τῷ
1476 1805 1668 1873 δικαίῳ
1735 1807 1846 1856 Ἀν-

1204 442 1800 503 ECCLESIAS'I‘ICE
1845 444 2232 503 IllS'l'OIII.‘E
2272 442 2419 506 [ΙΒ.
2465 445 2567 504 XI.
3399 439 3504 502 περ

2487 553 2708 610 CAI‘UT
2757 553 2934 607 XLIII.

1945 646 2074 712 Qua’
2112 647 2367 716 Euagrius
2401 647 2452 698 in
2485 646 2790 712 quibusdam
2835 641 2984 716 libris
3011 643 3069 695 de
3111 644 3222 716 ejus
3249 649 3509 716 ,lemporis

2143 715 2408 770 mande/tis
2442 715 2502 768 de
2530 717 2682 768 verba
2714 715 2781 768 ad
2817 715 3024 767 uerbum
3053 715 3341 781 scripserit.

2025 919 2041 950 ι
2071 899 2449 954 Necessarium
2483 913 2703 968 quoque
2731 905 2834 962 est,
2868 897 2981 958 vias
3018 912 3202 950 eorum
3231 897 3323 966 qui
3355 897 3512 953 nobis

1947 991 2265 1060 praeierunt,
2295 991 2689 1046 monachorum
2729 990 2830 1044 rite
2868 990 3169 1057 inquirere,
3210 1000 3265 1044 et
3311 989 3376 1042 ad
3421 1005 3514 1043 eas

1947 1085 2112 1139 vitam
2163 1094 2401 1138 nostram
2458 1098 2809 1152 componere.
2847 1081 3009 1135 Multa
3036 1081 3180 1135 enim
3213 1067 3281 1134 ab
3320 1081 3401 1134 eis
3459 1093 3515 1134 et

1946 1173 2090 1227 dicta
2132 1182 2188 1226 et
2216 1182 2337 1227 acta
2403 1186 2529 1226 sunt
2559 1173 2838 1242 prmclare.
2888 1171 2946 1226 In
2981 1171 3182 1240 quibus
3223 1170 3355 1223 illud
3391 1173 3513 1236 qui-

1947 1264 2069 1317 dam
2098 1264 2270 1320 dixit:
2300 1263 2606 1318 Aridiorem
2638 1273 2690 1318 et
2723 1265 2904 1318 minus
2940 1261 3263 1330 inrequalcm
3293 1261 3509 1314 dia-tam

1947 1356 2201 1410 charitati
2232 1356 2614 1425 coniunctam,
2668 1355 2926 1409 celeriter
2969 1352 3294 1407 monachum
3330 1351 3395 1405 ad
3435 1353 3516 1404 in-

1947 1449 2200 1502 dolentia:
2227 1458 2441 1517 portum
2468 1447 2688 1501 ducere.
2735 1447 2882 1500 Idem
2941 1445 3160 1500 fratrem
3199 1444 3531 1513 quemdam,

1948 1541 2040 1608 qui
2076 1540 2308 1595 subinde
2335 1551 2496 1594 noctu
2541 1555 2740 1608 pavore
2781 1539 3145 1600 turhabatur,
3185 1537 3415 1605 spectris
3446 1536 3516 1587 li-

1951 1633 2180 1696 beravit,
2206 1633 2424 1700 aegrotis
2447 1647 2568 1686 cum
2587 1631 2778 1700 jejunii
2809 1632 2960 1685 cultu
2985 1630 3252 1684 inservire
3277 1630 3512 1696 iussum.

1938 1723 2067 1776 'Non
2100 1725 2203 1777 alia
2229 1723 2373 1777 enim
2430 1739 2485 1777 re
2517 1722 2730 1777 facilius
2751 1764 2765 1784 ,
2796 1723 3166 1791 interrogatus
3205 1720 3515 1787 respondit,

1953 1831 2114 1885 quam
2158 1816 2532 1871 misericordia
2564 1815 2896 1884 ejusccmodi
2947 1823 3185 1879 terrores
3214 1823 3269 1867 et
3293 1821 3517 1882 pertur-

262 1888 447 1956 τωνίῳ
481 1888 755 1958 προσῆλθε
788 1895 888 1951 τις
924 1893 1032 1944 τῶν
1077 1894 1198 1945 τότε
1269 1895 1487 1961 σοφῶν·
1551 1899 1662 1959 καὶ,
1716 1897 1835 1959 Πῶς
1873 1894 1911 1947 Β
1947 1910 1951 1960 1

1873 1894 1911 1947 Β
1947 1910 2195 1963 batioues
2243 1907 2539 1978 exstingui.
2576 1908 2872 1961 Antonium
2919 1906 3132 1961 Iustum
3183 1906 3539 1960 conveniens-

263 1981 672 2049 διακαρτερεῖς,
731 1974 775 2034 ὦ
802 1984 994 2053 πάτερ,
1031 1980 1176 2049 εἷπε,
1214 1984 1309 2055 τῆς
1352 1989 1415 2038 ὲκ
1466 1988 1572 2037 τῶν
1626 1987 1840 2054 βιϐλίων

264 2071 620 2140 παραμυθίας
650 2075 1010 2144 ἐστερημένος
1042 2095 1055 2140 ;
1093 2077 1154 2130 '0
1193 2077 1236 2129 δ’
1273 2079 1579 2141 Ἀντώνιος,
1608 2081 1677 2131 Τὶ
1710 2083 1842 2148 ἐμὸν

266 2162 494 2230 βιϐλίον,
522 2161 566 2216 ὦ
596 2165 873 2234 φιλόσοφε,
904 2166 1123 2239 ἔφησεν,
1158 2170 1188 2238 ἡ
1222 2169 1381 2238 φύσις
1407 2171 1513 2222 τῶν
1543 2176 1844 2238 γεγονότων

266 2259 419 2309 ἐστίν
439 2275 452 2286 ·
485 2259 578 2310 καὶ
613 2259 898 2328 πάρεστιν,
931 2261 1017 2311 ὅτε
1043 2259 1325 2330 βούλομαι,
1353 2265 1476 2324 τοὺς
1504 2264 1691 2328 λόγους
1724 2253 1845 2315 ανα-

267 2348 563 2412 γινώσκειν
588 2350 713 2412 τοὺς
744 2349 836 2403 τοῦ
870 2349 1026 2405 Θεοῦ.
1070 2352 1352 2422 Ἦρώτησέ
1403 2372 1467 2422 με
1533 2355 1592 2407 τὸ
1657 2355 1845 2418 σκεῦος

267 2441 371 2509 τῆς
402 2441 628 2511 ἐκλογῆς
658 2444 751 2495 καὶ
777 2444 1073 2511 Αἰγύπτιος
1107 2446 1284 2515 γέρων
1329 2447 1647 2515 Μακάριος,
1678 2447 1740 2498 Ἰ’ί
1787 2449 1848 2516 δή

270 2552 405 2586 ποτε
439 2537 903 2605 μνησικακοῦντες
945 2539 1042 2604 μὲν
1063 2542 1174 2600 τοῖς
1205 2540 1534 2608 ἀνθρώποις,
1590 2541 1685 2607 τὴν
1719 2558 1850 2608 μνης

275 2632 608 2699 μονευτικὴν
637 2630 866 2700 δύναμιν
916 2633 1015 2700 τῆς
1072 2632 1251 2702 ψυχῆς
1299 2633 1679 2700 ἀφανίζομεν
1738 2633 1852 2685 δαί-

276 2739 406 2791 μοσι
465 2722 524 2774 δὲ
598 2724 1081 2792 μνησικακοῦντες,
1142 2719 1394 2786 ἀϐλαλείς
1452 2725 1780 2794 διαμένομεν
1836 2742 1849 2787 ;

279 2814 474 2886 Καμοῦ
507 2819 640 2885 πρτς
677 2818 778 2884 τὴν
806 2816 1097 2887 ἀπόκρισιν
1125 2816 1498 2885 ἀπορήσαντος
1529 2817 1623 2867 καὶ¹
1667 2833 1845 2884 παρα-

275 2909 568 2970 καλοῦντος
599 2910 690 2961 τὶν
739 2908 897 2976 λόγον
928 2908 1143 2977 μαθεῖν,
1191 2908 1356 2971 Διότι,
1412 2909 1576 2977 φησὶν
1629 2909 1854 2974 ἐκεῖνος,

275 3004 342 3056 τὸ
372 3003 473 3071 μὲν
502 3001 772 3072 πρότερον
799 3000 969 3060 πάθος
1014 3000 1167 3069 παρά
1202 2999 1384 3068 φύσιν,
1409 3000 1469 3051 τὸ
1495 3000 1551 3051 δὲ
1607 2999 1857 3068 δεύτερον

277 3097 422 3150 κατὰ
453 3092 613 3164 φύσιν
644 3093 759 3144 ἐστὶ
796 3091 891 3143 τοῦ
941 3089 1140 3161 θυμοῦ.
1177 3091 1493 3160 ΙΙαρέϐαλον
1525 3089 1645 3141 κατ’
1691 3090 1860 3156 αὐτὴν

1944 2015 2009 2052 ex
2038 2000 2378 2068 sapientibus
2405 1998 2624 2067 quidam
2660 1981 3000 2064 :Qnomodo,
3033 2013 3064 2050 ο
3108 2006 3282 2064 pater,
3312 1995 3516 2064 inquit,

1947 2089 2000 2140 in
2041 2087 2338 2146 monastica
2356 2089 2462 2141 vita
2497 2088 2794 2158 perdurare
2813 2098 2986 2158 potes,
3022 2088 3115 2156 qui
3146 2086 3521 2140 consolatione

1946 2197 2008 2235 ea
2039 2197 2159 2250 quas
2183 2197 2248 2235 ex
2280 2181 2434 2235 libris
2467 2183 2800 2250 percipitur,
2817 2196 3003 2236 careas
3028 2183 3140 2236 ?At
3170 2181 3310 2235 liber
3345 2194 3519 2242 meus,

1948 2289 1981 2325 o
2035 2272 2396 2342 philosophe,
2457 2273 2728 2327 Antonius
2782 2272 3099 2341 respondit,
3156 2283 3348 2325 natura
3405 2271 3521 2339 ipsa

1951 2378 2135 2416 rerum
2169 2371 2481 2418 creatarum
2520 2373 2630 2417 est.
2675 2361 2730 2416 In
2760 2363 2840 2415 eis
2876 2376 2998 2415 cum
3045 2361 3178 2416 mihi
3209 2362 3384 2414 visum
3417 2370 3523 2424 est,

1952 2459 2170 2512 oracula
2210 2459 2302 2513 Dei
2338 2460 2513 2526 legere
2539 2459 2686 2512 licet.
2714 2458 3076 2527 Interrogavit
3121 2474 3206 2512 me
3229 2458 3521 2527 aliquando

1952 2550 2235 2604 electionis
2270 2550 2400 2603 illud
2434 2566 2551 2615 vas,
2576 2565 2739 2604 senex
2763 2547 3049 2619 Egyptius
3067 2549 3353 2610 Macarius,
3377 2548 3518 2613 Quid

1956 2643 2027 2696 ita
2059 2643 2381 2711 injuriarum
2412 2660 2538 2713 erga
2576 2629 2828 2696 homines
2857 2645 3178 2697 memoriam
3196 2643 3518 2695 retinentes.

1958 2735 2063 2786 vim
2129 2735 2324 2788 anima:
2387 2733 2775 2787 reminiscendi
2831 2748 3226 2787 enecaremus:
3261 2734 3525 2788 adversus

1956 2827 2228 2880 dmino-es
2260 2835 2462 2887 autem,
2504 2841 2625 2879 cu2n
2666 2833 3015 2894 acceptorum
3047 2826 3115 2878 ab
3150 2809 3230 2877 eis
3263 2824 3524 2876 malorum

1960 2919 2399 2982 reminiseinmr,
2457 2919 2844 2972 detrimentum
2907 2917 3116 2972 nullum
3163 2917 3529 2970 sentirems?

1957 3009 2093 3065 Cum
2124 3021 2304 3064 autem
2335 3027 2453 3080 ego,
2490 3014 2630 3081 quod
2668 3011 3076 3082 responderem,
3102 3025 3207 3063 non
3243 3009 3525 3071 haberem,

1963 3115 2122 3170 atque
2155 3103 2208 3158 id
2241 3103 2452 3158 discere
2490 3106 2681 3159 vellem
2711 3145 2725 3167 ,
2766 3114 2986 3175 rogatus
3024 3102 3112 3156 ille
3144 3120 3160 3156 :
3207 3101 3525 3170 Propterea.

279 3188 551 3256 σταθερὰν
594 3183 942 3255 μεσημϐρίαν
999 3181 1078 3251 τῷ
1122 3181 1261 3250 ἁγίῳ
1319 3183 1489 3250 πατρὶ
1528 3178 1799 3248 Μακαρίῳ
1889 3198 1968 3294 C1

1889 3237 1931 3294 ρ
1965 3196 2160 3265 inquit,
2189 3198 2333 3266 quod
2369 3198 2516 3266 prior
2547 3197 2636 3252 illa
2671 3197 2886 3252 aﬂ‘ectio
2908 3205 3104 3266 praeter
3136 3202 3406 3255 naturam,
3436 3213 3531 3262 νυ.-

279 3286 376 3336 καὶ
405 3283 525 3334 λίαν
571 3280 674 3332 ὑπὸ
727 3277 827 3346 τῆς
874 3275 1032 3344 δίψης
1077 3274 1440 3344 φλεγόμενος,
1495 3273 1657 3344 ᾔτουν
1719 3271 1860 3340 ὕδωρ

278 3353 427 3429 πιεῖν
454 3389 470 3406 ο
499 3374 528 3426 ό
553 3371 611 3425 δέ.
636 3387 822 3441 φησιν,
864 3367 1186 3438 Ἀρκέσθητι
1219 3369 1286 3437 τῇ
1310 3366 1435 3436 σκιᾷ
1469 3373 1489 3396 ·’
1531 3365 1716 3417 πολλοὶ
1747 3365 1856 3433 γὰρ

277 3465 689 3534 ὁδοιποροῦντες
711 3463 806 3515 νῦν
827 3464 920 3515 καὶ
947 3461 1152 3529 ταύτης
1202 3460 1539 3529 ἐστέρηνται.
1592 3452 1723 3509 Εἶτα
1775 3458 1860 3508 λό-

279 3576 414 3627 γους
450 3575 552 3628 μου
587 3557 721 3627 πρὸς
747 3555 1063 3623 αὑτὸνπερὶ
1107 3552 1436 3620 ἐγκρατείας
1473 3549 1866 3620 γυμνάζοντος,

280 3654 509 3723 Θάρρει,
549 3649 733 3718 φησὶν,
777 3641 822 3700 ὦ
867 3647 1056 3698 τέκνον
1083 3660 1097 3674 °
1144 3645 1201 3696 ἐν
1251 3644 1394 3705 ὅλοις
1439 3643 1641 3695 εἴκοσιν
1693 3642 1867 3693 ἐτεσιν

281 3744 412 3798 οὔτε
436 3743 627 3811 ἄρτου,
648 3739 770 3794 οῠῖε
802 3740 1014 3802 ὓδατος,
1040 3735 1164 3789 οὕτε
1205 3735 1370 3790 ὕπνου
1432 3735 1590 3803 κόρον
1647 3734 1866 3802 εἴληφα.

282 3840 393 3890 Τὸν
424 3838 523 3906 μὲν
577 3836 684 3903 γάρ
738 3835 900 3901 ἄρτον
966 3848 1066 3895 μου
1129 3829 1321 3898 ήσθιον
1377 3826 1645 3896 σταθμῷ·
1697 3829 1758 3879 τὸ
1812 3827 1877 3878 δὲ.

285 3936 438 4002 ὕδωρ
465 3933 648 3985 ἔπινον
678 3931 860 4000 μέτρῳ
891 3945 904 3958 ’
937 3929 1047 3990 τοῖς
1067 3925 1270 3995 τοίχοις
1298 3924 1356 3977 δὲ
1403 3925 1644 3993 ἐμαυτὸν
1699 3939 1875 3990 παρα-

285 4027 530 4089 κλίνων,
584 4021 780 4094 μικρόν
839 4036 894 4073 τι
943 4017 1038 4070 τοῦ
1087 4015 1256 4070 ὕπνου
1305 4016 1466 4085 μέρος
1516 4014 1868 4085 ἀφήρπαζον.

297 4115 589 4188 Ἐμηνύθη
620 4117 728 4169 τινὶ
769 4111 884 4167 τῶν
919 4111 1170 4182 μοναχιῖη
1221 4108 1452 4171 θάνατος
1496 4107 1591 4160 τοῦ
1644 4106 1872 4176 πατρός.

296 4210 362 4264 ὐ
383 4209 438 4262 δὲ
474 4207 610 4277 πρὸς
635 4208 728 4259 τὸν
785 4199 1498 4271 άπαγγείλαντα,.ῐ1αὖσαι,
1522 4199 1676 4266 φησὶ,
1711 4195 1872 4266 βλασ-

289 4303 513 4374 φημῶν.
553 4302 612 4354 '0
638 4301 748 4367 γὰρ
796 4297 928 4368 ὲμὸς
959 4293 1144 4364 πατὴρ
1185 4291 1453 4353 ἀθάνατός
1500 4290 1671 4342 ἐστιν.
1721 4289 1873 4342 Ἐκέ-

291 4393 468 4464 κτητό
513 4409 598 4454 τις
652 4390 764 4442 τῶν
822 4387 1068 4457 ἀδελφῶν
1113 4386 1452 4454 Εὑαγγέλιον
1503 4387 1663 4456 μόνον
1703 4402 1718 4417 ο
1780 4387 1874 4438 καὶ

300 4487 467 4542 τοῦτο
497 4483 785 4552 πωλήσας,
818 4481 1018 4534 ἔδωκεν
1069 4479 1150 4543 εις
1193 4480 1400 4550 τροφὴν
1429 4481 1540 4541 τοῖς
1590 4479 1872 4543 πεινῶσιν,

1967 3289 2164 3342 sterior
2198 3299 2379 3343 autem
2420 3289 2732 3343 eccundum
2773 3298 3022 3342 naturam
3060 3290 3152 3340 irae
3184 3298 3286 3341 est.
3321 3288 3529 3341 Adveni

1965 3380 2258 3448 aliquando
2304 3380 2418 3448 ipso
2464 3379 2803 3434 meridionali
2859 3392 3104 3450 tempore
3156 3379 3220 3432 ad
3265 3388 3526 3441 sanctum

1968 3482 2174 3539 patrem
2225 3469 2639 3536 Macarium;ct
2678 3471 2823 3540 quod
2884 3473 2973 3526 siti
3025 3471 3316 3526 admodum
3375 3471 3534 3523 arde-

1969 3581 2103 3625 rem.
2143 3581 2336 3634 aquam
2386 3565 2453 3618 ab
2484 3580 2548 3620 eo
2583 3565 2735 3631 petii.
2785 3563 2852 3618 Et
2884 3564 2973 3618 ille
3003 3583 3015 3617 :
3041 3563 3363 3618 Contentus
3385 3572 3528 3624 csto,

1971 3645 2168 3723 inquit.
2219 3657 2431 3712 umbra.
2462 3656 2614 3711 Multi
2646 3656 2792 3712 enim
2842 3657 3081 3712 viatores
3110 3663 3164 3709 et
3216 3641 3535 3724 navigantes

1972 3752 2069 3803 hac
2099 3766 2242 3806 nunc
2263 3759 2472 3804 carent.
2505 3749 2711 3804 Deinde
2742 3765 2868 3804 cum
2902 3733 3068 3817 apud.
3098 3762 3226 3802 eum
3276 3748 3438 3800 verba
3466 3747 3536 3799 de

1970 3842 2307 3898 continentia
2333 3851 2388 3897 et
2423 3842 2781 3910 temperantia
2828 3835 3063 3894 facerem
3095 3855 3108 3890 ι
3148 3837 3396 3900 Conﬁde,
3455 3839 3537 3890 iu-

1971 3934 2111 4002 quit,
2132 3918 2176 3987 to
2230 3933 2327 3998 ﬁli,
2371 3944 2425 3987 et
2455 3933 2599 3987 bono
2641 3943 2762 3988 esto
2792 3932 2997 3985 animo.
3034 3929 3148 4000 Ego
3189 3929 3316 3984 totis
3373 3930 3535 3982 annis

1970 4027 2160 4097 viginti
2186 4040 2363 4095 neque
2391 4042 2604 4096 pauent.
2641 4041 2818 4095 neque
2836 4039 3248 4094 aquam,ncque
3272 4037 3523 4076 sonmutn

1971 4119 2038 4171 ad
2074 4117 2376 4172 satietatem
2410 4120 2546 4188 cepi.
2581 4116 2742 4187 199
2768 4116 2968 4171 Panem
2989 4131 3224 4185 namque
3260 4130 3439 4167 meum
3466 4114 3532 4165 ad

1973 4219 2182 4261 certum
2232 4208 2386 4262 libra:
2418 4208 2633 4278 pondus
2662 4205 2894 4272 comedi,
2930 4221 3128 4276 aquam
3164 4211 3229 4258 ad
3272 4206 3538 4258 constitu-

1979 4311 2083 4355 tam
2119 4314 2430 4353 mensuram
2466 4299 2600 4362 bibi,
2636 4308 2692 4353 et
2737 4297 2930 4369 parieti
2958 4297 3259 4352 acclinatus
3288 4297 3540 4363 exiguam

1976 4390 2216 4459 aliquam
2244 4391 2419 4445 somni
2447 4399 2654 4459 partem
2681 4388 3136 4458 rapuiJlonaeho
3153 4387 3370 4443 cuidam
3399 4402 3540 4440 nun-

1979 4484 2088 4537 tius
2119 4483 2268 4536 venit
2315 4482 2381 4536 dc
2436 4482 2601 4551 patris
2645 4489 2836 4544 morte,
2875 4491 3038 4550 atque
3064 4479 3154 4533 ille
3181 4477 3247 4532 ad
3283 4477 3541 4532 nuntian-

293 4581 450 4646 ἄξιον
479 4577 701 4648 μνήμης
725 4571 1193 4642 ἐπιφθεγξάμενος
1216 4573 1368 4641 ῥῆμα
1392 4587 1409 4604 ⁸
1444 4573 1522 4625 Δι’
1558 4572 1719 4624 αὑτὸν
1743 4571 1874 4641 γὰρ,
1909 4579 1949 4634 ο

1846 4594 1874 4634 ’9
1909 4579 1949 4634 D
1983 4586 2088 4644 tem
2115 4592 2128 4627 :
2152 4576 2366 4640 Desine,
2405 4575 2603 4644 inquit,
2641 4573 3037 4641 blasphemare,
3071 4579 3126 4626 et
3148 4570 3312 4640 impie
3350 4571 3535 4639 loqui:

295 4667 457 4738 φησὶ,
493 4663 761 4728 τὸνλόγον
801 4660 1103 4726 πεπώληκα
1137 4659 1249 4710 τὸν
1281 4659 1526 4727 λέγοντα,
1581 4657 1873 4738 Echinada-

293 4731 419 4815 ἐόν
443 4755 519 4810 τὰ
551 4753 922 4821 ὑπάρχοντα,
947 4749 1045 4802 καί
1074 4749 1183 4815 δὸς.
1206 4749 1482 4818 πτωχοῖς.
1517 4751 1584 4802 Ἐ
1595 4731 1676 4802 στί
1706 4751 1763 4804 δέ
1791 4767 1872 4811 τις

296 4855 432 4922 περὶ
464 4848 564 4917 τὴν
588 4841 998 4911 Ἀλεξάνδρειαν
1024 4841 1210 4909 νῆσος,
1234 4841 1355 4893 κατ’
1385 4840 1515 4894 αὐτὸ
1542 4842 1603 4892 τδ
1628 4841 1869 4921 Βόρειον,

297 4945 482 5016 πέραν
513 4940 611 5009 τῆς
640 4937 840 5006 λίμνης
866 4934 1094 5004 κειμένη
1119 4934 1216 5002 τῆς
1247 4933 1593 5002 καλουμένης
1617 4933 1832 5003 Μαρίας
1855 4947 1867 4958 ·

301 5035 592 5110 προσοικεῖ
613 5030 690 5084 δὲ.
724 5025 860 5097 αὐτῇ
905 5027 1157 5096 μοναχὸς,
1220 5024 1320 5094 τῆς
1379 5024 1731 5096 παρεμϐολῆς
1769 5024 1876 5077 τῶν

298 5124 633 5183 Γνωστικῶν
667 5118 1038 5189 δοκιμώτατος
1073 5132 1088 5146 ·
1140 5118 1286 5180 ὅστις
1329 5118 1643 5186 ἀπεφήνατο
1704 5118 1878 5171 πάντα

299 5222 375 5276 τὰ
411 5217 767 5288 πραττόμενα
791 5213 897 5266 ὑπὸ
961 5211 1069 5264 τῶν
1091 5211 1377 5295 ⁸μοναχῷν
1427 5212 1760 5279 πράττεσθαι
1810 5210 1879 5263 δι’

299 5317 494 5376 αἰτίας
526 5311 686 5364 πέντε
707 5324 720 5336 ·
738 5309 825 5360 διὰ
853 5305 1008 5372 Θεὸν,
1029 5304 1116 5357 διὰ
1148 5302 1330 5370 φύσιν,
1353 5303 1438 5355 διὰ
1457 5303 1596 5369 ἔθος,
1627 5303 1692 5356 δι’
1716 5304 1876 5369 άνάγ-

301 5425 438 5477 κην,
475 5405 563 5457 διά
603 5401 764 5473 ἔργον
811 5399 1030 5469 χειρῶν.
1092 5395 1153 5447 ’0
1199 5395 1257 5446 δὲ
1316 5393 1476 5455 αὐτὸς
1524 5395 1674 5459 ἔλεγε
1724 5394 1882 5446 πάλιν

306 5500 445 5571 μίαν
479 5495 579 5567 μὲν
601 5491 741 5546 εἶναι
771 5494 839 5559 τῇ
867 5488 1030 5556 φύσει
1061 5487 1159 5556 τὴν
1205 5487 1402 5555 ἀρετὴν
1427 5501 1442 5515 ο
1499 5485 1886 5537 εἰδοποιεῖσθαι

302 5595 367 5648 δὲ
405 5589 578 5658 αὐτὴν
609 5593 669 5639 ὲν
699 5587 816 5648 ταῖς
841 5584 1106 5654 δυνάμεσι
1133 5580 1232 5649 τῆς
1269 5580 1466 5649 ψυχῆς.
1502 5579 1609 5632 Καὶ
1662 5578 1769 5648 γὰρ
1829 5580 1889 5630 τὸ

307 5686 435 5757 φῶς
470 5684 533 5738 et
563 5681 790 5752 ήλιακὺν
839 5677 1249 5748 ἀσχημάτιστον
1301 5674 1423 5744 μὲν,
1479 5673 1667 5743 φησιν,
1733 5674 1884 5724 ἔστι-

306 5781 429 5839 ut,
458 5778 511 5830 δὲ
542 5777 612 5829 δι’
640 5768 716 5827 ὧν
751 5771 1026 5824 εἰσϐάλλει
1072 5768 1251 5838 θυρίσι
1307 5765 1734 5838 σχηματίζεσθαι
1797 5765 1888 5817 πέ-

395 5893 408 5923 ¹
452 5889 642 5946 Matth.
677 5904 793 5949 xix,
824 5887 913 5940 Ἡ.

1979 4669 2138 4724 Pater
2163 4667 2306 4721 enim
2344 4680 2498 4718 meus
2545 4663 2865 4717 immortalis
2891 4670 2996 4716 est.
3027 4661 3101 4714 Ex
3136 4661 3394 4713 fratribus
3419 4660 3541 4728 qui-

1982 4757 2105 4811 dam
2139 4756 2360 4811 unicum
2393 4753 2667 4824 Evangelii
2695 4753 2894 4807 librum
2923 4752 2979 4806 in
2999 4751 3157 4806 bonis
3175 4754 3289 4804 suis
3315 4749 3540 4804 habuit:

1981 4865 2092 4920 quo
2130 4861 2186 4902 et
2220 4848 2338 4918 ipso
2368 4846 2612 4912 vendito,
2662 4844 2896 4914 pretium
2932 4844 3054 4913 ejus
3081 4844 3148 4897 ad
3178 4841 3538 4898 esurientium

1981 4942 2237 4994 alimenta
2265 4939 2444 5002 dedit,
2482 4936 2745 4992 memoria
2800 4935 3165 5005 dignoverbo
3193 4935 3284 4989 illo
3312 4935 3499 4988 addito
3528 4953 3540 4986 :

1984 5032 2214 5100 Propter
2240 5031 2370 5085 illud
2401 5030 2683 5085 oraculum
2706 5029 2904 5083 librum
2939 5026 3180 5088 vendidi,
3205 5026 3348 5094 quod
3376 5027 3539 5080 dicit:

1995 5121 2242 5177 Vendeea
2265 5139 2381 5193 qua
2410 5122 2582 5183 habes,
2605 5131 2652 5174 et
2683 5122 2750 5173 da
2779 5120 3089 5190 pauperibus
3116 5122 3154 5173 ¹.
3197 5118 3374 5171 Insula
3396 5133 3544 5186 qua:-

1985 5218 2114 5271 dam
2138 5226 2222 5272 est
2240 5218 2385 5271 circa
2418 5213 2834 5277 Alexandriam,
2868 5213 3297 5282 septentrionem
3331 5226 3546 5272 versus.

1990 5311 2130 5364 ultra
2182 5309 2359 5363 lacum
2390 5310 2483 5371 qui
2536 5307 2701 5361 Maria
2727 5307 2926 5360 dicitur
2948 5346 2961 5369 ,
2995 5305 3121 5358 sita.
3154 5303 3371 5359 Habitat
3400 5304 3454 5357 in
3485 5322 3548 5357 ea

1989 5403 2288 5456 monachus
2325 5401 2710 5456 Gnosticorum
2743 5398 2952 5453 ordinis
2994 5398 3391 5452 celeberrimus
3413 5434 3427 5459 ,
3453 5395 3548 5464 qui

1990 5494 2172 5548 omnia
2221 5507 2340 5560 quae
2393 5507 2422 5545 a
2466 5491 2748 5544 monachis
2779 5498 3136 5556 gererentur,
3173 5486 3245 5538 ob
3308 5485 3552 5553 quinque

1993 5601 2186 5640 causas
2250 5584 2362 5638 Iicri
2408 5583 2588 5636 dixit:
2623 5591 2844 5650 prepter
2899 5579 3359 5646 Deum,.propter.
3393 5584 3553 5626 natu-

1997 5695 2131 5738 ram.
2154 5689 2374 5747 propter
2404 5674 2875 5736 cousoetudinem,
2902 5679 3125 5741 propter
3150 5669 3554 5723 necessitatem.

1998 5783 2216 5840 propter
2245 5784 2503 5822 nununm
2539 5783 2692 5836 opus.
2737 5765 2885 5820 Idem
2936 5767 3049 5833 ipse
3083 5777 3248 5815 unum
3284 5775 3401 5813 esse
3423 5756 3598 5812 dixi;
