4278 6438
731 453 837 522 723

1914 454 2335 524 NICEPHORI
2380 453 2726 523 CALHSTI

3863 461 3970 528 1‘24

715 580 911 626 natura
950 572 1475 649 virtutem,ejusquc
1505 578 1733 634 formam
1759 581 1814 634 in
1847 582 2042 634 anima:
2069 581 2278 632 viribus
2311 581 2352 632 Δ
2383 593 2404 641 ς

2311 581 2352 632 Δ
2383 591 2574 641 φυκεν.
2609 579 2798 641 Ἀλλος
2826 579 2881 630 δέ
2910 595 2991 640 τις
3026 579 3134 630 τῶν
3168 580 3440 649 μανικῶν,
3477 577 3578 630 ,ιεά
3616 578 3778 632 τοῦτο
3814 597 3969 646 περι-

713 663 966 735 elligi'ari.
1015 668 1150 722 Nam
1197 681 1251 724 et
1295 671 1477 725 lumen
1509 675 1639 728 solis
1670 674 1746 727 ait
1769 674 1888 728 sine
1920 674 2090 728 forma
2118 689 2242 728 esse
2269 691 2283 725 :

717 756 948 811 fortnam
983 767 1165 815 autem
1218 761 1270 815 id
1302 764 1565 833 recipere,
1613 780 1709 835 per
1730 777 1868 834 quas
1917 776 2188 834 penetrat,
2215 764 2292 819 fe-

720 847 939 901 nostris.
986 848 1140 904 Alius
1181 852 1404 920 quidam
1454 856 1790 908 monachus:
1831 855 2151 923 Propterea,
2202 855 2289 908 in-

718 938 857 1004 quit,
888 940 1198 1010 voluptates
1243 944 1376 998 mihi
1429 945 1693 1000 subtraho
1715 987 1728 1010 ,
1762 957 1822 1000 ut
1849 948 1941 1001 ira:
1971 961 2191 1002 causam
2232 956 2290 1000 et

720 1033 1062 1088 occasionem
1103 1036 1442 1103 pracidam.-
1481 1038 1608 1092 Scio
1669 1040 1814 1093 enim
1875 1041 2021 1095 illam
2075 1056 2292 1110 semper

721 1133 942 1191 propter
983 1127 1298 1195 voluptates
1349 1132 1673 1199 oppugnari,
1703 1145 2052 1201 mentemque
2113 1147 2288 1187 meam

718 1214 1068 1281 perturbare,
1097 1227 1151 1270 et
1176 1221 1542 1288 cognitionem
1586 1222 1756 1288 ipsam
1789 1224 1996 1294 fugare.
2031 1222 2107 1278 Ex
2140 1224 2287 1278 seni-

718 1306 821 1359 bus
868 1308 1030 1361 etiam
1084 1312 1305 1378 quidam
1362 1313 1520 1380 dixit,
1574 1315 1906 1371 Charitatem
1951 1317 2202 1370 ciborum
2237 1326 2292 1370 et

723 1399 1075 1463 pecuniarum
1137 1402 1452 1472 depositum
1510 1422 1732 1463 servare
1799 1410 2035 1464 nescire.
2095 1409 2287 1463 Idem:

721 1492 839 1544 Non
864 1493 999 1558 scio,
1035 1495 1232 1564 inquit,
1261 1497 1450 1552 eadem
1490 1501 1544 1553 in
1583 1516 1641 1555 re
1663 1503 1746 1557 bis
1779 1517 1807 1556 a
1842 1502 2182 1556 daemonibus
2204 1516 2290 1556 me

723 1583 1010 1654 deceptum
1043 1600 1184 1642 esse.
1237 1589 1360 1644 Haec
1414 1592 1481 1646 ad
1518 1594 1742 1647 verbum
1795 1594 2078 1663 Evagrins,
2121 1595 2173 1647 in
2224 1609 2292 1648 eo

724 1678 868 1731 lihro
919 1694 1079 1747 quem
1137 1681 1443 1737 Practicum
1500 1684 1799 1754 inscripsit,
1857 1687 2129 1755 exposuit.
2162 1685 2293 1751 Quae

724 1784 856 1823 vero
890 1772 1057 1825 etiam
1096 1774 1146 1828 in
1179 1775 1432 1845 Gnostilco
1458 1794 1559 1832 suo
1589 1780 1731 1833 dicat
1758 1821 1772 1844 ,
1807 1780 2113 1833 audiamus.
2147 1779 2292 1846 Qua-

726 1871 852 1915 tuor
904 1863 1172 1931 virtutes,
1217 1883 1519 1938 earumque
1564 1872 2031 1927 considerationes
2070 1888 2212 1936 esse,
2261 1888 2288 1925 a

2392 669 2533 740 αιρῶ
2553 669 2651 732 τὰς
2685 672 2899 740 ἡδονὰς,
2934 673 3062 741 ἔφη,
3097 675 3182 724 ἴνα
3211 673 3312 735 τὰς
3344 673 3439 724 τοῦ
3466 670 3639 739 θυμοῦ
3686 670 3973 738 περικόψω

2390 765 2707 833 προφάσεις.
2726 782 2741 797 ο
2776 760 2891 818 οἶδα
2915 767 3024 836 γὰρ
3047 768 3211 820 αὐτὸν
3244 768 3332 820 ἀεὶ
3361 765 3671 835 μαχόμενον
3692 764 3834 834 ὑπὲρ
3858 764 3972 815 τῶν

2391 857 2617 926 ἡδονῶν,
2666 860 2762 911 καὶ
2803 859 3209 929 ἐκταράσσωντά
3259 875 3363 928 μου
3411 858 3504 911 τὸν
3539 856 3684 919 νοῦν,
3732 856 3829 909 καὶ
3870 854 3972 922 τὴν

2389 949 2596 1015 γνῶσιν
2611 951 3016 1005 ἀποδιώκοντι,
3056 948 3249 1018 Ἔλεγε
3278 951 3334 1002 δέ
3383 960 3468 1009 τις
3505 949 3616 1002 τῶν
3673 949 3974 1016 γερόντων,

2390 1043 2472 1096 ὅτι
2516 1044 2581 1096 'H
2615 1045 2803 1111 ἀγάπη
2850 1043 3182 1114 παραθήκας
3236 1043 3542 1113 βρωμάτων
3583 1041 3618 1112 ἢ
3671 1040 3974 1110 χρημάτων

2390 1141 2580 1206 τηρεῖν
2608 1140 2707 1191 οὐκ
2742 1139 3052 1191 ἐπίσταται.
3093 1136 3154 1192 Ὀ
3184 1138 3240 1190 δὲ
3279 1138 3464 1202 αὐτὸς,
3500 1135 3614 1188 υὺκ
3666 1129 3807 1194 οἶδα,
3861 1148 3968 1199 φη-

2394 1230 2499 1288 σὶν.
2528 1232 2607 1291 εἰς
2652 1230 2847 1281 ταυτὸν
2879 1229 2959 1285 δὶς
3017 1228 3124 1280 ὑπὸ
3175 1227 3445 1297 δαιμόνων
3493 1224 3815 1295 ἀπατηθείς.
3882 1223 3973 1274 Ἑν

2398 1318 2498 1386 μὲν
2528 1318 2622 1369 οῦν
2656 1319 2730 1388 τῷ
2764 1319 3236 1388 ἐπιγεγραμμένῳ
3268 1317 3432 1371 αὑτοῦ
3463 1314 3771 1384 Πριικτικῷ
3795 1312 3973 1366 ταῦτα

2393 1412 2533 1463 κατὰ
2568 1409 2712 1474 λέξιν
2734 1411 2898 1480 φησὶν
2923 1411 3192 1478 Εὑάγριος
3215 1429 3229 1441 ·
3283 1404 3368 1463 οἷα
3397 1410 3453 1463 δὲ
3482 1411 3578 1462 καὶ
3610 1412 3669 1462 έν
3698 1407 3775 1477 τῷ
3807 1410 3973 1461 Γνω-

2393 1503 2580 1569 στικῷ
2636 1504 2807 1558 αὐτοῦ
2876 1506 3165 1571 διέξεισιν,
3224 1503 3611 1572 ἁκουσώμεθα.
3686 1502 3973 1567 Τέσσαρας

2392 1596 2593 1664 ἀρετὰς
2638 1598 2732 1648 καὶ
2780 1597 2876 1658 τὰς
2913 1597 3146 1667 θεωρίας
3198 1595 3363 1650 αὐτοῦ
3407 1595 3558 1664 παρὰ
3606 1594 3701 1646 τοῦ
3759 1593 3972 1647 δικαίου

2391 1687 2692 1755 Γρηγορίου
2718 1688 3114 1759 μεμαθήκαμεν
3137 1685 3274 1742 εἶναι
3295 1706 3309 1720 ο
3333 1687 3596 1757 φρόνησιν
3621 1685 3972 1756 καὶάνδρίιν,

2401 1782 2766 1848 σωφροσύνην
2802 1781 2897 1832 καὶ
2929 1781 3295 1850 δικαιοσύνην.
3352 1781 3460 1833 Καὶ
3512 1780 3828 1848 φρονήσεως
3871 1778 3974 1843 μὲν

2395 1872 2554 1940 ἔργον
2581 1872 2764 1941 ἔλεγεν
2786 1868 2923 1925 εἶναι
2953 1875 3012 1926 τὸ
3034 1871 3263 1942 θεωρεῖν
3289 1873 3386 1944 τὰς
3429 1873 3622 1942 νοερᾶς
3667 1871 3760 1924 καὶ
3810 1871 3971 1937 ἁγίας

724 1953 877 2007 Justo
915 1954 1180 2026 Gregorio
1223 1936 1514 2016 didicimus
1547 1981 1562 2018 :
1615 1965 1985 2033 prudentiam,
2013 1965 2294 2020 fortitudi-
2327 1936 2413 2014 ΒΞ

2286 1995 2294 2005 -
2327 1936 2372 1994 Β
2398 1936 2650 2033 δυνάμεις
2679 1936 2795 2032 δίχα
2828 1965 2938 2018 τῶν
2958 1936 3181 2033 λόγων-ο
3214 1936 3436 2026 τούτους
3468 1936 3575 2032 γάρ
3610 1964 3715 2014 ὑπὸ
3738 1963 3836 2031 τῆς
3886 1978 3975 2013 σου

725 2062 869 2106 ncm,
929 2054 1368 2119 temperantiam,
1423 2065 1478 2109 et
1535 2057 1822 2125 justitiam.
1875 2059 1942 2112 Et
1994 2059 2297 2127 prudentie

725 2140 943 2206 quidem
979 2144 1214 2198 ollicium
1242 2162 1361 2200 esse
1394 2147 1440 2201 is
1469 2149 1629 2214 dixit,
1671 2151 2022 2206 considerare
2063 2161 2117 2206 et
2161 2168 2296 2206 con-

726 2234 998 2296 templati,
1047 2237 1226 2291 verbis
1273 2256 1378 2292 non
1412 2241 1701 2305 adhibitis,
1749 2256 1966 2299 sanctas
1998 2255 2053 2298 et
2083 2246 2295 2300 intelle-

724 2327 932 2381 ctualcs
958 2336 1276 2394 potestates.
1330 2330 1435 2384 llas
1488 2349 1722 2403 namque
1750 2351 1778 2388 a
1807 2337 2071 2404 sapientia
2119 2337 2295 2390 mani-

726 2420 909 2472 feslari
939 2423 1180 2479 tradidit.
1225 2425 1584 2482 Fortitudinis
1618 2441 1798 2484 autem
1842 2431 1895 2485 in
1941 2433 2171 2486 veritate
2205 2447 2297 2486 co-

723 2514 892 2580 gnita,
955 2517 1170 2570 etiamsi
1225 2519 1427 2574 bellum
1457 2532 1511 2575 et
1561 2524 1855 2578 discrimen
1900 2526 1997 2580 tibi
2053 2537 2296 2594 paretur,

725 2617 1037 2663 eonStautcr
1072 2628 1442 2680 perseverare,
1493 2633 1669 2686 neque
1709 2618 1775 2672 ad
1803 2634 1888 2673 res
1936 2620 2097 2674 falsas
2125 2631 2299 2673 trans-

729 2702 826 2753 ire.
860 2701 1256 2770 Temperantize
1287 2722 1450 2774 porro
1496 2711 1700 2763 semina
1771 2727 1798 2764 a
1840 2713 2018 2780 primo
2060 2714 2296 2783 agricola

725 2795 865 2858 jar-ta
899 2797 1162 2863 recipere,
1202 2808 1472 2867 posteram
1510 2811 1692 2856 autem
1719 2811 1774 2858 ct
1800 2807 1985 2858 furtim
2021 2822 2295 2875 aspersam

729 2888 796 2936 ah
853 2887 1172 2943 adversario
1229 2903 1527 2947 sementem
1575 2895 1822 2964 rcjicere.
1873 2898 2035 2968 200
2067 2899 2298 2955 Justitite

729 2993 881 3051 vero,
910 2979 1065 3048 juxta
1097 2981 1418 3050 dignitatem
1467 2995 1524 3040 et
1557 2990 2001 3044 commoditatem
2027 2993 2296 3060 cujusque

730 3071 1033 3124 orationem
1087 3072 1473 3144 attemperare,
1513 3079 1598 3133 vel
1628 3082 1862 3136 obscure
1895 3083 2294 3147 annuntiando,

731 3165 814 3216 vel
847 3180 943 3232 per
975 3167 1258 3236 aenigmata
1277 3179 1330 3222 c‘t
1355 3172 1608 3244 ambages
1629 3173 2107 3244 signiticando,vel
2132 3178 2296 3232 etiam

2400 2054 2526 2121 φίας
2558 2053 2847 2121 δηλοῦσθαι
2880 2056 3270 2123 παραδέδωκεν
3307 2069 3320 2082 ·
3355 2054 3576 2122 ἀνδρίας
3607 2052 3662 2104 δὲ
3683 2052 3743 2104 τὸ
3772 2053 3974 2119 ἐγκαρ-

2398 2148 2574 2215 τερεῖν
2605 2147 2715 2209 τοῖς
2747 2146 2930 2208 ἄθλοις
2956 2149 3047 2198 καὶ
3072 2145 3494 2214 πολεμούμενον,
3544 2144 3640 2196 καὶ
3673 2144 3750 2212 μὴ
3797 2141 3976 2210 ἐμϐα-

2399 2239 2577 2291 τεύειν
2606 2241 2684 2301 είς
2719 2240 2786 2290 τὰ
2821 2239 2894 2307 μὴ
2920 2239 3068 2292 δντα.
3130 2240 3238 2290 Καὶ
3280 2239 3340 2289 τὸ
3390 2238 3541 2306 παρὰ
3597 2235 3692 2288 τοῦ
3751 2235 3974 2304 πρώτου

2398 2332 2650 2402 γεωργοῦ
2707 2333 2957 2402 δέχεσθαι
3014 2333 3260 2400 σπέρμα,
3320 2330 3415 2383 καὶ
3482 2328 3820 2382 ἀπωθεῖσθαι
3879 2328 3976 2379 τὸν

2399 2426 2724 2493 ἑπισπορὲα,
2764 2424 2863 2492 τῆς
2902 2423 3255 2491 σωφροσύνης
3285 2422 3416 2476 ἴδιον
3439 2420 3774 2490 ἁπεκρίνατο
3809 2412 3975 2472 εἶναι.

2401 2517 2761 2586 Δικαιοσύνης
2789 2517 2843 2568 δὲ
2872 2515 3036 2567 πάλιν
3059 2516 3119 2567 τὸ
3152 2515 3272 2567 κατ’
3326 2513 3480 2578 ἀξίαν
3535 2513 3762 2564 ἑκάστου
3816 2511 3978 2576 λόγον

2398 2609 2731 2672 ἀποδιδόναι,
2763 2608 2829 2661 τὰ
2887 2609 2986 2676 μὲν
3046 2607 3337 2668 σκοτεινῶς
3382 2605 3852 2672 ἀπαγγέλλουσαν,
3906 2602 3980 2654 τὰ

2398 2701 2454 2753 δὲ
2485 2700 2550 2753 δι’
2579 2701 2920 2769 αἰνιγμάτων
2950 2700 3352 2770 σημαίνουσαν,
3402 2699 3522 2750 τινὰ
3551 2699 3604 2750 δὲ
3668 2697 3764 2748 καὶ.
3813 2711 3981 2763 φανε-

2405 2793 2601 2860 ροῦσαν
2628 2793 2758 2856 πρὸς
2784 2791 3049 2858 ὠφέλειαν
3078 2792 3188 2843 τῶν
3238 2790 3647 2857 ἁπλουστέρων.
3680 2789 3791 2855 Τῆς
3845 2789 3982 2852 ἀλη-

2403 2886 2550 2945 θείας
2585 2888 2611 2935 6
2643 2883 2834 2946 στῦλος
2864 2885 2892 2936 6
2947 2883 3319 2951 Καππαδόκης
3368 2882 3668 2942 Βασίλειος,
3713 2880 3826 2947 Τὴν
3882 2879 3962 2930 ἀπ

2399 2977 2726 3048 ἀνθρώπων,
2746 2977 2935 3045 φησὶν,
2956 2975 3460 3045 ὲπισυμόαίνουσαν
3483 2972 3684 3040 γνῶσιν
3703 2969 3982 3040 προσεχὴς

2405 3070 2600 3140 μελέτη
2625 3071 2720 3123 καὶ
2741 3069 3046 3139 γυμνάσιον
3093 3069 3386 3138 κρείσσονα
3415 3067 3562 3119 ποιεῖ
3600 3079 3613 3094 ⁸
3664 3066 3762 3133 τὴν
3809 3063 3866 3115 δὲ
3914 3064 3979 3115 ἐκ

2402 3163 2538 3216 Θεοῦ
2563 3164 2782 3232 χάριτος
2808 3163 3166 3231 ὲγγινομένην
3219 3160 3536 3228 δικαιοσύνη
3571 3159 3668 3211 καὶ
3704 3156 3981 3226 ἀοργησία

734 3258 1254 3324 aperteindicando,
1277 3261 1342 3316 ad
1361 3264 1752 3334 simpliciorum
1778 3269 2067 3322 utilitatem
2097 3274 2152 3324 et
2172 3286 2296 3340 pro-
2326 3273 2369 3331 C
2406 3273 2423 3308 ³

2293 3303 2296 3310 .
2326 3273 2369 3331 c
2406 3257 2498 3308 καὶ
2528 3255 2700 3316 ἔλεος.
2738 3253 2848 3306 Καὶ
2869 3253 2967 3323 τὴν
3001 3253 3099 3322 μὲν
3133 3253 3412 3322 προτέραν
3452 3252 3678 3304 δυνατὸν
3707 3249 3803 3303 καὶ
3852 3249 3982 3310 τοὺς

733 3346 957 3401 fectum.
981 3346 1232 3405 Veritatis
1257 3361 1436 3407 autem
1462 3356 1713 3411 columna
1746 3356 1976 3413 Basilius
2009 3358 2302 3428 Cappadox

733 3439 868 3493 dixit
897 3441 1316 3512 :Cognitionem
1334 3462 1429 3500 seu
1452 3449 1731 3503 scientiam
1755 3464 1876 3520 quae
1899 3452 1968 3506 ab
1989 3451 2304 3510 hominibus

735 3536 1007 3601 provenit,
1026 3538 1284 3593 continua
1309 3543 1587 3596 meditatio
1614 3546 2005 3600 etexercitium
2030 3547 2299 3618 adauget:

732 3644 852 3680 cum
885 3640 1066 3684 autem
1099 3647 1217 3700 qua:
1257 3634 1426 3702 gratia
1459 3635 1553 3689 Dei
1584 3638 1877 3707 contingit,
1905 3638 2116 3708 justitia
2141 3679 2157 3703 ,
2190 3639 2305 3708 pla-

734 3721 983 3777 eabilitas
1017 3723 1109 3778 ira:
1138 3740 1328 3794 expers
1356 3767 1369 3786 .
1424 3738 1479 3782 et
1510 3728 1905 3783 misericordia.
1968 3729 2031 3784 Et
2064 3732 2302 3799 priorem

735 3813 880 3868 illam
905 3858 918 3880 ,
951 3817 1114 3870 etiam
1151 3820 1245 3887 qui
1281 3819 1664 3876 aﬂectionibus
1703 3822 1923 3876 obnoxii
1973 3834 2121 3888 sunt,
2162 3824 2306 3878 obti-

734 3923 866 3962 nere
901 3919 1157 3977 possunt;
1197 3912 1555 3980 posteriorem
1592 3929 1741 3980 vero,
1772 3916 1864 3984 qui
1901 3915 1969 3969 ab
1999 3916 2304 3971 all'ectioni-

736 4000 838 4052 bus
864 4001 1026 4054 alieni
1060 4013 1207 4066 sunt,
1244 4012 1450 4058 tantum
1485 4006 1840 4074 perspiciunt,
1874 4009 1965 4077 qui
1993 4009 2155 4063 etiam
2183 4024 2308 4079 pre-

735 4094 969 4147 cationis
1036 4105 1280 4164 tempore
1346 4099 1547 4152 mentis
1613 4114 1726 4153 suae
1794 4101 1969 4154 lucem
2038 4117 2132 4156 eos
2199 4103 2302 4156 cir-

735 4186 1162 4254 cumlulgentem
1226 4189 1433 4242 vident.
1487 4189 1602 4243 Lux
1664 4190 1755 4244 illa
1797 4190 2016 4262 Egypli
2083 4203 2306 4248 sanctus

737 4279 1072 4334 Athanasius
1110 4299 1124 4336 :
1154 4281 1418 4348 Mensam,
1462 4282 1660 4351 inquit,
1694 4282 1872 4337 Moses
1899 4283 1965 4336 ad
2021 4285 2303 4341 Borealem

739 4385 949 4442 partem
975 4383 1215 4428 statuere
1231 4375 1416 4444 jussit.
1437 4375 1622 4430 Sciant
1648 4377 1814 4445 igitur
1833 4376 2102 4442 Gnostici,
2130 4388 2185 4432 et
2209 4377 2302 4446 qui

740 4469 982 4524 scientia:
999 4482 1094 4522 seu
1117 4469 1561 4537 contemplationi
1586 4484 1810 4538 operam
1836 4481 2059 4535 navant,
2081 4473 2303 4540 quinam

741 4563 1002 4615 adversus
1059 4575 1154 4614 eos
1200 4560 1546 4615 adversarius
1594 4563 1785 4630 spiret,
1820 4572 1876 4618 et
1941 4565 2299 4619 tentationem

741 4667 956 4705 «unnem
1007 4665 1202 4721 magno
1243 4652 1548 4706 sustineant
1592 4653 1815 4715 animo,
1862 4662 2024 4721 atque
2052 4654 2304 4708 alacriter

740 4746 806 4798 ad
837 4759 897 4799 se
921 4744 1203 4798 venientes
1234 4743 1506 4798 alimentis
1539 4743 1776 4798 foveant.
1812 4744 2194 4799 Thmuitarum
2218 4762 2308 4801 ec-

740 4837 918 4890 clesia:
953 4834 1179 4904 angelus
1218 4835 1306 4888 ille
1367 4834 1629 4903 Serapion
1663 4835 1819 4900 dixit,
1863 4850 2103 4890 mentem
2142 4836 2307 4906 spiri-

743 4928 875 4982 tuali
913 4928 1220 4996 cognitione
1252 4936 1306 4981 et
1328 4927 1556 4981 scientia
1597 4927 1858 4982 imbutam
1894 4928 2134 4996 perfecte
2169 4945 2306 4998 pur-

739 5021 888 5090 gari;
925 5019 1269 5080 charitatem.
1323 5019 1664 5073 ﬂammantes
1703 5020 1795 5074 im
1844 5031 2027 5089 partes
2073 5036 2302 5086 curare;

745 5113 1161 5180 temperantiam
1197 5121 1380 5166 autem
1413 5149 1430 5176 ,
1466 5111 1751 5166 ailluctttes
1784 5113 1950 5166 malas
1983 5113 2312 5182 cupiditates

742 5216 798 5258 et
824 5205 1077 5259 libidines
1102 5207 1314 5260 sistere.
1347 5206 1421 5258 De
1457 5205 1796 5273 providentia
1831 5213 1888 5258 ct
1935 5205 2138 5274 judicio
2163 5221 2307 5260 sem—

746 5314 844 5367 per
893 5308 1066 5352 tecum
1126 5299 1243 5366 ipse
1289 5298 1528 5351 rationes
1578 5305 1792 5365 reputa,
1859 5311 2086 5365 magnus
2114 5297 2205 5351 ille
2254 5307 2309 5352 et

747 5388 942 5454 doctus
993 5385 1184 5439 doctor
1235 5385 1494 5454 Didymus
1550 5385 1661 5446 ait,
1698 5401 1994 5456 earumque
2029 5388 2307 5441 materiam

745 5476 828 5529 fac
866 5487 1041 5531 tecum
1094 5477 1147 5530 in
1205 5477 1462 5529 memoria
1494 5475 1884 5542 circumferas;
1943 5493 2067 5531 nam
2110 5493 2300 5536 omnes

2404 3348 2672 3419 ἐμπαθεῖς
2692 3347 3050 3416 ὑποδέχεσθαι
3083 3362 3099 3377 ⁸
3131 3348 3229 3415 τῆς
3263 3345 3318 3398 δὲ
3346 3344 3604 3416 δευτέρας
3651 3343 3704 3395 οἱ
3742 3342 3980 3402 ἀπαθεῖς

2407 3442 2683 3510 μόνοιείσὶ
2710 3440 2949 3492 δεκτικοί
2988 3455 3004 3470 ·
3039 3438 3091 3490 οἵ
3148 3440 3244 3490 καὶ
3302 3437 3456 3509 παρὰ
3503 3438 3594 3489 τὸν
3650 3435 3842 3505 καιρδν
3879 3433 3982 3501 τῆς

2406 3534 2714 3602 προσευχῆς
2741 3533 2800 3583 τὸ
2835 3532 3032 3584 οἰκεῖον
3082 3530 3284 3597 φέγγος
3335 3528 3431 3580 τοῦ
3485 3528 3574 3580 νοῦ
3631 3525 3986 3595 περιλάμπον

2405 3627 2603 3688 αὐτοὺς
2640 3623 2926 3693 θεωροῦσι.
2957 3621 3076 3674 Τῶν
3129 3620 3440 3688 Λίγυπτίων
3476 3621 3504 3671 6
3535 3620 3688 3687 ἅγιος
3754 3617 3984 3684 φωστὴρ

2419 3715 2895 3783 Ἀθανάσιος,Τὴν
2950 3712 3253 3783 τράπεζαν,
3292 3709 3446 3778 φησὶ,
3498 3707 3738 3776 Μωῦσῆς
3787 3709 3867 3769 είς
3921 3706 3983 3756 τὸ

2408 3809 2631 3881 Βόρειον
2659 3811 2824 3880 μέρος
2859 3808 3056 3877 στῆσαι
3097 3804 3418 3875 προσέταξε.
3448 3803 3878 3856 Γινωσκέτωσαν
3928 3799 3982 3850 οἱ

2407 3903 2706 3956 Γνωστικοὶ
2745 3901 2826 3962 τίς
2856 3901 2884 3951 6
2909 3901 3087 3952 πνέων
3114 3900 3232 3950 ἐστὶ
3262 3899 3381 3949 κατ’
3415 3896 3615 3958 αὐτῶν,
3648 3893 3741 3946 καὶ
3803 3892 3982 3943 πάντα

2407 3995 2715 4066 πειρασμὸν
2751 3993 3011 4062 γενναίως
3032 3993 3474 4060 ύπομενέτωσαν,
3535 3989 3629 4040 καὶ
3664 3987 3798 4056 μετὰ
3851 4001 3980 4053 προ·

2410 4091 2607 4159 θυμίας
2631 4089 2755 4149 τοὺς
2808 4086 3134 4156 προσιόντας
3185 4086 3557 4154 τρεφέτωσαν.
3612 4080 3807 4146 Ἐλεγε
3854 4079 3912 4130 δὲ
3951 4079 3982 4129 6

2407 4183 2505 4252 τῆς
2534 4180 2816 4250 Θμουῖτῶν
2852 4177 3178 4246 Ἐκκλησίας
3210 4176 3439 4244 ἄγγελος
3495 4171 3802 4242 Σ;ραπίων,
3834 4171 3918 4220 ὅτι
3955 4172 3985 4220 6

2408 4274 2532 4336 νοῦς
2577 4273 2675 4341 μὲν
2722 4271 2998 4332 πεπωκὼς
3045 4266 3425 4336 πνευματικὴν
3472 4263 3697 4330 γνῶσιν,
3757 4260 3983 4318 τελείως

2407 4367 2768 4436 καθαίρεται·
2799 4365 2987 4432 ἀγάπη
3008 4364 3064 4416 δὲ
3103 4363 3173 4414 τὰ
3232 4360 3632 4430 φλεγμαίνοντα
3671 4357 3834 4426 μόρια
3883 4354 3979 4406 τοῦ

2408 4463 2581 4530 θυμοῦ
2607 4456 2900 4529 θεραπεύει
2935 4471 2949 4485 °
2983 4452 3225 4523 πονηρὰς
3256 4453 3312 4505 δὲ
3355 4450 3652 4518 ἐπιθυμίας
3684 4447 3978 4518 ἑπιῤῥεοὺο

2411 4568 2509 4611 σας
2538 4550 2749 4618 ἵστησιν
2781 4547 3097 4617 ἐγκράτεια.
3120 4544 3256 4605 Τοὺς
3284 4545 3415 4612 περὶ
3440 4541 3699 4610 προνοίας
3735 4542 3828 4591 καὶ
3859 4539 3980 4607 κρί-

2413 4659 2548 4704 σεως
2577 4641 2717 4692 κατὰ
2742 4641 2939 4691 σαυτὸν
2968 4639 3051 4690 ἀεὶ
3088 4633 3334 4706 γύμναζε
3365 4634 3580 4700 λόγους,
3603 4630 3768 4701 φησὶν
3799 4633 3827 4682 6
3883 4630 3978 4698 μέο

2411 4752 2512 4802 γας
2549 4733 2643 4785 καὶ
2664 4733 2962 4800 γνωστικδς
2992 4729 3312 4790 διδάσκαλος
3339 4727 3572 4792 Δίδυμος
3606 4739 3619 4753 ⁸
3645 4722 3738 4776 καὶ
3769 4722 3978 4775 τούτων

2409 4828 2504 4888 τὰς
2539 4826 2670 4888 ὔλας
2705 4825 2792 4876 διὰ
2823 4823 3044 4892 μνήμης
3073 4822 3259 4890 φέρειν
3315 4818 3624 4887 πειράθητι.
3699 4816 3977 4875 Ἅπαντες

2409 4922 2515 4989 γὰρ
2543 4919 2725 4988 σχεδὸν
2753 4919 2809 4968 ὲν
2834 4917 3042 4977 τούτοις
3073 4911 3468 4982 προσπταίουσι
3504 4926 3520 4942 ⁸
3577 4911 3672 4963 καὶ
3714 4912 3840 4972 τοὺς
3880 4911 3978 4978 μὲν

2411 5016 2536 5082 περὶ
2559 5015 2792 5082 κρίσεως
2825 5011 3015 5078 λόγους
3061 5009 3116 5059 ὲν
3141 5010 3208 5076 τῇ
3260 5005 3496 5073 διαφορᾷ
3553 5005 3662 5055 τῶν
3712 5005 3980 5073 σωμάτων

2410 5104 2618 5158 καὶτοῦ
2654 5106 2859 5172 κόσμου
2888 5103 3159 5170 εὑρήσεις,
3191 5099 3316 5161 τοὺς
3349 5098 3403 5150 δὲ
3431 5088 3578 5166 περῖ
3603 5098 3862 5165 προνοίας
3921 5099 3978 5150 ἐν

2408 5201 2517 5257 τοῖς
2537 5196 2759 5264 τρόποις
2780 5194 2891 5255 τοῖς
2921 5193 3026 5245 ἀπὸ
3054 5191 3251 5253 κακίας
3281 5191 3374 5242 καὶ
3425 5192 3704 5257 ἀγνωσίας
3732 5193 3823 5243 ἐπὶ
3879 5193 3977 5256 τὴν

2409 5283 2684 5362 ἀρετὴν,ᾖ
2710 5288 2801 5339 ἐπὶ
2821 5287 2917 5356 τὴν
2938 5286 3139 5354 γνῶσιν
3161 5285 3308 5352 ἡμᾶς
3333 5284 3721 5352 ἐπανάγουσιν.
3737 5304 3756 5337 ›
3790 5285 3978 5340 Ταῦτα

2414 5382 2513 5451 μὲν
2538 5384 2809 5450 γεύματος
2841 5380 3000 5450 χάριν
3032 5381 3093 5431 ὲκ
3123 5379 3229 5429 τῶν
3262 5376 3536 5446 Εὑαγρίου
3572 5379 3702 5446 ὑμῖν
3737 5381 3979 5448 παρεθέ-

2409 5477 2567 5549 μεθπ..

747 5575 865 5629 fere
897 5576 949 5627 in
993 5574 1077 5628 his
1108 5574 1532 5628 hallucinantur.
1590 5575 1655 5627 Et
1716 5573 2024 5642 doctrinam
2054 5573 2275 5642 quidem
2316 5573 2382 5628 de
2413 5570 2638 5640 judicio,
2699 5568 2752 5621 in
2788 5567 3047 5621 varietate
3087 5579 3400 5636 corporum,
3441 5564 3722 5636 ipsiusque
3751 5566 3974 5630 mundi;

747 5674 812 5723 ,ιε
860 5672 1204 5741 providentia
1253 5680 1464 5733 autem,
1507 5670 1562 5724 in
1613 5641 1858 5725 moribus
1911 5680 2074 5739 atque
2140 5669 2339 5734 modis,
2379 5670 2470 5737 qui
2531 5683 2630 5719 nos
2677 5680 2706 5717 a
2734 5665 2878 5716 vitiis
2919 5673 2972 5717 et
3012 5662 3314 5731 ignorantia
3351 5661 3419 5714 ad
3457 5664 3713 5718 virtutem
3749 5662 3833 5719 vel
3881 5677 3975 5717 co-

746 5767 1043 5837 gnitionem
1095 5765 1325 5828 ducunt,
1373 5764 1637 5820 invenies.
1676 5783 1694 5816 ι
1738 5765 1862 5820 llzec
1888 5773 2077 5835 gustus
2135 5773 2344 5818 tantum
2385 5762 2574 5832 gratia,
2604 5775 2666 5814 cx
2703 5759 2911 5829 Evagrii
2948 5759 3167 5827 scriptis
3197 5759 3570 5829 apposuimus.

2315 5975 2381 5984 .—
