4278 6438
259 411 366 477 725

826 535 1070 588 ΚΕΦΛΛ.
1133 534 1260 587 MA'.

266 627 453 681 Mrel'a
498 627 568 680 ἐν
601 627 862 695 συνόψει
907 630 1022 681 τῶν
1077 628 1410 692 τηνικαῦτα
1466 628 1832 695 περιϐοήτωῖ

335 697 614 763 ἀνδρῶν’
665 693 943 763 ὡςήΘεοῦ
999 700 1250 765 προνοίᾳ
1302 699 1699 766 ἀντιρῤὀπους
1754 693 1831 757 τῷ

328 767 565 835 μεγέθει
599 767 703 820 τοῦ
743 767 1050 834 κλύδωνος
1085 769 1191 822 τοῦ
1225 772 1357 824 τότε
1392 771 1659 837 όχρόνος
1698 766 1830 819 τού-

335 854 478 902 τους
507 837 822 903 ἐπήνεγκε.

330 949 489 1002 Κατὰ
509 949 564 1001 δὲ
582 949 671 1002 τὸν
701 948 866 1002 αὑτὸν
911 949 1102 1018 χρόνον
1132 950 1317 1003 πολλοὶ
1344 953 1437 1005 καὶ
1483 949 1633 1004 ἄλλοι
1665 949 1719 1001 ἓν
1772 966 1829 1000 τε

258 1041 540 1110 διαφόροις
566 1043 886 1104 τόποις.καὶ
922 1043 1306 1111 μοναστηρίοις
1327 1042 1619 1114 διέλαμπον
1695 1042 1830 1096 θαυ-

261 1137 457 1200 μαστοὶ
495 1133 590 1185 καὶ
627 1133 896 1196 θεοφιλεῖς
928 1133 1140 1205 ἄνδρες,
1200 1133 1294 1196 οὓς
1340 1135 1399 1186 ἐν
1463 1136 1620 1202 μνείᾳ.
1669 1135 1727 1184 τό
1768 1149 1830 1199 γε

257 1224 353 1276 νῦν
384 1225 507 1294 ἔχον
533 1226 707 1277 ποιεῖν
738 1226 844 1288 ἔξω
907 1225 999 1277 τοῦ
1049 1224 1424 1292 προκειμένου
1487 1223 1780 1291 γενοίμεθα
1812 1239 1829 1255 ο

257 1317 507 1369 ἑκάστου“
527 1318 621 1369 τόν
678 1335 736 1368 τε
771 1318 883 1387 βίον
915 1319 1006 1370 καὶ
1048 1317 1335 1369 πολιτείαν
1371 1317 1465 1368 καὶ
1523 1317 1618 1368 ὅσα
1673 1317 1832 1385 ἐνήρ-

256 1426 436 1475 γησαν
466 1408 744 1477 θαύματα.
797 1409 859 1462 Ei
908 1410 966 1462 δέ
1008 1427 1084 1479 τῳ
1122 1410 1323 1470 σκοπὸς
1363 1409 1431 1460 τὰ
1480 1408 1605 1474 περὶ
1658 1407 1833 1458 αὐτῶν

257 1501 509 1568 ἃκριῦῶς
549 1502 825 1563 διειδέναι,
858 1502 911 1554 τί
942 1519 1001 1554 τε
1051 1497 1205 1554 εἶπον
1245 1501 1337 1553 καὶ
1403 1500 1645 1570 ἔπραξαν
1698 1499 1833 1569 πρὸς

255 1592 503 1662 τὴντῶν⁹
524 1592 835 1647 ἀκουόντων
860 1591 1155 1658 ὠφέλειαν,
1206 1591 1354 1650 ὅπως
1411 1607 1468 1642 τε
1522 1589 1616 1640 καὶ
1668 1586 1834 1655 θῆρες

256 1680 448 1746 αὺτοῖς
484 1685 862 1754 ὑπετάγησαν,
895 1684 1187 1746 Παλλάδιος
1219 1685 1247 1735 6
1271 1683 1527 1752 Εὑαγρίῳ
1562 1680 1827 1750 μαθητευο

258 1777 374 1840 θεὶς
400 1778 466 1829 τὰ
491 1778 621 1847 περὶ
656 1777 834 1829 αὐτῶν
865 1778 1040 1829 πάντα
1081 1778 1159 1837 εἰς
1191 1777 1249 1827 ἓν
1296 1775 1556 1843 ἁθροίσας
1606 1771 1831 1837 βιϐλίον,

1213 414 1808 476 ΕΟΕῙᾸΞΞΙΛΞΤΙΟᾸΞ
1854 414 2240 474 lllSTOllll-Z
2283 415 2426 476 LIB.
2471 414 2568 475 ΧῘ.

3388 407 3506 474 7‘26

2390 531 2546 599 201
2586 529 2810 586 CAPUT
2858 525 3038 582 xuv.

1939 623 2115 677 Brevis
2151 626 2577 678 commemoratio
2605 633 2858 690 tanquam
2909 623 2962 674 in
2995 635 3201 674 summa
3238 617 3505 674 rlarorum

2005 697 2118 760 ejus
2157 697 2327 748 (etatis
2368 697 2619 757 virorum,
2675 689 2730 746 ut
2758 710 2841 746 eos
2886 692 3062 744 diuina
3096 689 3417 756 providentia
3453 691 3508 741 id

2008 775 2209 834 tempus
2240 774 2493 833 tanquam
2526 764 2766 832 scopulos
2805 772 2991 816 contra
3015 763 3294 814 immensos
3314 764 3505 832 ﬂuctus

2007 847 2053 889 et
2086 833 2416 905 tempestates
2444 833 2646 889 tulerit.

2008 951 2212 1006 Eodem
2261 959 2442 1005 autem
2493 959 2743 1020 tempore
2791 949 2947 1009 multi
2988 950 3148 1004 etiam
3200 947 3292 1001 alii
3335 948 3388 1002 in
3421 945 3506 1001 di-

1933 1045 2112 1100 versis
2150 1046 2283 1102 locis
2333 1054 2390 1102 et
2439 1044 2785 1100 monasteriis
2813 1042 3055 1104 eluxere,
3085 1039 3394 1094 admirandi
3445 1045 3506 1094 et

1935 1137 2030 1192 Dei
2063 1147 2306 1192 amantes
2340 1137 2466 1200 viri,
2498 1151 2636 1206 quos
2684 1147 3115 1189 commemorare
3147 1132 3248 1186 hoc
3294 1132 3416 1186 loco
3455 1130 3502 1184 si

1934 1230 2195 1290 velimus,
2227 1239 2282 1284 et
2313 1229 2577 1298 cujusque
2611 1229 2773 1280 vitam
2803 1267 2817 1291 ,
2854 1241 3035 1280 mores
3069 1234 3123 1279 et
3155 1234 3273 1279 acta
3309 1239 3503 1278 recen-

1935 1338 2076 1388 sere,
2113 1323 2180 1378 ab
2204 1323 2452 1377 instituto
2483 1330 2667 1376 nostro
2697 1321 2858 1388 longe
2876 1315 3501 1390 produceremur.Quod

1936 1418 1979 1471 si
2033 1416 2156 1485 quis
2211 1423 2465 1470 accurate
2493 1429 2556 1468 ea
2603 1427 2934 1483 cognoscere
2989 1395 3207 1480 cupiat,
3243 1408 3373 1478 quid
3425 1409 3500 1462 illi

1936 1507 2212 1562 seilicetet
2240 1505 2472 1560 fecerint
2500 1514 2556 1559 et
2583 1504 2819 1558 dixerint
2848 1502 2912 1557 ad
2946 1503 3258 1556 auditorum
3295 1501 3502 1555 utilita-

1940 1607 2070 1658 tem,
2124 1606 2287 1666 atque
2349 1595 2514 1651 etiam
2548 1604 2606 1649 ut
2659 1594 2787 1649 ferae
2836 1595 3092 1663 subjecta:
3139 1592 3222 1648 eis
3275 1591 3501 1654 fuerint,

1938 1688 2210 1744 Palladius
2267 1686 2482 1757 Evagrii
2537 1686 2857 1755 discipulus,
2914 1685 3008 1755 qui
3063 1699 3152 1739 res
3199 1699 3388 1738 eorum
3449 1683 3502 1736 in

1939 1796 2107 1834 unum
2140 1780 2359 1850 collegit
2389 1780 2618 1842 librum,
2658 1779 2861 1847 Optime
2898 1776 3188 1846 exposuit:
3226 1791 3387 1845 quem
3411 1775 3502 1844 qui

256 1870 460 1940 ἄριστα
484 1870 727 1938 διεξῆλθε
763 1887 778 1901 ·
811 1871 903 1922 καὶ
953 1869 1128 1938 τούτῳ
1181 1871 1292 1930 τοῖς
1347 1866 1688 1936 βουλομένοις
1739 1865 1823 1915 ἐν·
1861 1881 1945 1934 οι

1814 1891 1823 1901 -
1861 1881 1900 1934 Β
1929 1873 2137 1934 volunt,
2183 1872 2364 1942 legere
2417 1879 2664 1941 possunt.
2692 1870 2826 1925 Nam
2884 1870 2941 1923 in
2989 1883 3056 1923 eo
3105 1883 3216 1922 non
3261 1868 3503 1921 virorum

255 1963 554 2030 τυγχάνειν
586 1963 991 2032 προτρέπομεν.
1022 1960 1110 2012 Ἐν
1133 1952 1174 2028 ᾧ
1223 1961 1323 2010 οὐκ
1369 1958 1576 2025 ἀνδρῶν
1628 1958 1824 2026 μόνων,

257 2054 397 2105 ἀλλὰ
426 2055 519 2106 καὶ
575 2055 850 2120 γυναικῶν
888 2053 1038 2122 βίους
1069 2051 1378 2120 ἐφαμίλλως
1431 2048 1829 2116 πολιτευσαμέο

259 2165 368 2198 νων
396 2148 508 2206 τοῖς
566 2147 991 2213 προειρημένοις
1049 2145 1212 2205 θείοις
1265 2141 1526 2208 ἀνδράσιν
1586 2139 1832 2199 εὐλαϐῶς

257 2239 622 2309 διεξέρχεται.
692 2238 854 2292 ’Λλλὲι
901 2238 1164 2306 Εύάγριος
1231 2236 1331 2302 μὲν
1390 2235 1483 2286 καὶ
1537 2232 1832 2292 Παλλάδιος

259 2333 355 2384 ἐπὶ
380 2332 476 2399 τῆς
502 2331 766 2401 ἐχομένης
800 2331 1040 2401 ῆνθησαν
1073 2329 1369 2398 βασιλείας.
1408 2322 1572 2382 οὖτοι
1604 2328 1704 2398 μὶν
1741 2325 1831 2377 οὖν

259 2421 504 2490 ἀσκηταὶ
525 2424 618 2475 καὶ
652 2421 752 2490 τῆς
781 2421 984 2490 ἀρετῆς
1022 2423 1298 2490 ἐπιμελεῖς
1331 2419 1670 2488 φροντισταὶ,
1714 2418 1834 2470 κατ’

261 2517 442 2564 ἐκεῖνο
465 2514 764 2585 διέπρεπον
791 2513 886 2566 τοῦ
911 2513 1106 2583 καιροῦ
1144 2530 1156 2544 ·
1192 2515 1248 2566 ἐν
1277 2513 1320 2565 δ’
1378 2511 1699 2574 ἐπισκόποις
1732 2511 1839 2562 Βα·

262 2606 466 2665 σίλειός
494 2623 551 2658 τε
585 2608 612 2659 6
638 2605 813 2673 μέγας
842 2607 934 2657 καὶ
966 2605 1255 2673 Γρηγόριοι
1311 2604 1499 2671 ἄμφω,
1531 2602 1557 2653 ὃ
1601 2617 1660 2652 τε
1708 2601 1836 2652 Θεο-

258 2697 421 2764 λόγος
464 2699 561 2750 καὶ
587 2700 614 2751 6
637 2698 745 2750 τῶν
764 2697 1068 2749 Νυσσαέων
1097 2696 1320 2764 φωστηρ
1355 2711 1370 2728 ο
1400 2697 1427 2745 6
1450 2695 1544 2764 μὶν
1570 2695 1839 2759 σύσκηνος

262 2793 362 2843 καὶ
395 2792 676 2859 σύμπνους
702 2790 898 2858 ἐκείνῳ
930 2790 1025 2841 καὶ
1052 2789 1138 2857 ἐφ’
1167 2788 1338 2841 ἅπασι
1370 2787 1673 2856 συνεργῶν,
1731 2785 1759 2835 6
1797 2786 1840 2836 δ’
1875 2849 1878 2859 '

261 2881 492 2948 ἁδελφὸς
511 2881 586 2943 ῶς
605 2880 836 2949 μάλιστα
856 2879 1154 2941 καθεστώς.
1181 2878 1444 2947 Συνήργει
1468 2878 1524 2930 δὲ
1539 2877 1721 2938 αὐτοῖς
1748 2876 1841 2928 καὶ
1875 2868 1879 2872 ’

265 2975 475 3042 Πέτρος
499 2972 700 3041 ἀδελφά
720 2972 954 3041 φρονῶν,
972 2975 1084 3033 τοῖς
1097 2971 1276 3031 αὐτοῖς
1303 2969 1543 3039 πατράσι
1561 2967 1838 3037 χρησάμεο

261 3085 352 3129 νος
381 3061 459 3129 οἷς
485 3067 582 3119 καὶ
619 3067 918 3125 Βασίλειος⁶
949 3065 1043 3117 καὶ
1075 3063 1318 3124 παιδείας
1357 3065 1452 3131 μὲν
1489 3063 1582 3130 τῆς
1603 3060 1836 3129 θύραθεν

260 3167 364 3216 οὒκ
405 3165 485 3225 εἰς
534 3163 691 3214 τόσον
710 3162 881 3231 ἥκων,
920 3163 1116 3230 ἐπίσης
1150 3161 1193 3212 δ’
1218 3160 1444 3222 ἐκείνοις
1471 3161 1567 3221 τὰς
1599 3159 1691 3212 τοῦ
1719 3158 1835 3228 βίου

266 3274 295 3322 μ
309 3257 640 3324 αρμαρυγὰς
661 3255 864 3320 ἀφιείς.
881 3247 1039 3307 Οὗτοι
1053 3252 1151 3322 μὲν
1172 3253 1228 3305 ὲν
1249 3251 1607 3320 Καππαδοκίᾳ
1623 3235 1843 3318 διέλαιῖ-

265 3365 368 3400 πον
409 3363 424 3376 ο
462 3349 520 3398 ὲν
546 3348 598 3398 δὲ
625 3348 839 3418 Πισιδία
887 3349 1190 3416 ὐπτιμος,
1240 3349 1333 3398 καὶ
1355 3347 1411 3398 ἐν
1451 3348 1514 3416 τῇ
1549 3347 1841 3398 Λυκαόνων

263 3445 292 3496 ὁ
327 3441 497 3503 πολὺς
546 3440 896 3510 Ἀμφιλόχιοε
925 3477 940 3499 .

266 3536 439 3596 ναέως
493 3533 882 3601 ἀνθιστάμενοι
941 3533 1198 3592 πίστεως.

992 3440 1132 3510 ὑπὲρ
1177 3439 1276 3510 τῆς
1337 3439 1666 3507 προγονικῆς
1723 3455 1844 3506 γεν-

1253 3531 1339 3583 Ἐν
1382 3530 1480 3598 μὲν
1525 3529 1616 3582 οὖν
1646 3531 1709 3599 τῇ
1768 3529 1843 3599 ἕῳ

264 3630 416 3683 οὗτοι
444 3628 722 3700 πρόϐολοι,
751 3627 870 3697 μετ’
913 3625 1248 3689 ’Δθανάσιον,
1271 3623 1369 3692 τῆς
1393 3624 1541 3692 ίερᾶς
1564 3625 1596 3691 ἡ
1607 3622 1722 3690 μῶν
1752 3622 1843 3672 πίε-

268 3740 441 3783 στεως
471 3701 610 3791 ἦσαν
650 3734 666 3750 ⁸
709 3721 766 3772 ὲν
790 3719 844 3772 δὲ
871 3721 937 3789 τῇ
970 3717 1180 3787 ἑσπέρᾳ
1232 3718 1485 3785 Δάμασος
1547 3715 1644 3782 τῆς
1710 3715 1844 3767 Ῥω·-

271 3816 456 3884 μαίων
488 3812 816 3882 Ἐκκλησίας
843 3810 1166 3881 ἡγούμενος,
1200 3808 1335 3861 πολὺ
1362 3808 1422 3860 τὸ
1460 3811 1557 3875 τῆς
1584 3806 1844 3875 ἀληθείας

268 3909 477 3977 φέγγος
501 3904 799 3960 ἀπέστιλῦε
837 3920 852 3934 ο
885 3906 977 3957 καὶ
1006 3905 1033 3955 6
1053 3899 1537 3968 θείοςἈμερόσιος
1587 3900 1682 3968 τῆς
1734 3900 1846 3950 Με-

265 4001 536 4054 διολάνων
562 3997 1046 4069 ἐγκεχειρισμένος
1077 3994 1202 4056 τοὺς
1229 3993 1422 4054 οἴακας
1451 4008 1464 4022 ·
1494 3993 1543 4044 οἳ
1593 3993 1689 4044 καὶ
1715 3994 1847 4062 πόρ-

266 4093 446 4164 ρωθεν
468 4092 724 4160 λαχόντες
749 4091 940 4148 οίκείν,
989 4087 1168 4140 πυκνὰ
1199 4085 1267 4138 τὰ
1298 4085 1398 4146 τῆς
1430 4082 1684 4152 ἀληθείας
1717 4081 1844 4152 βέλη

190 4177 192 4179 ’
265 4182 797 4252 κατέπεμπον.Καὶ
826 4181 975 4233 ἄλλοι
1019 4180 1077 4232 δὲ
1131 4179 1375 4231 πλεῖστοι
1429 4176 1526 4238 τὰς
1587 4175 1847 4244 ἐσχατιὰς

262 4279 368 4346 τῆς
402 4276 507 4344 γῆς
550 4277 720 4327 οίκεῖν
774 4271 1206 4344 ἠναγκασμένοι,
1246 4266 1335 4324 οἷά
1396 4286 1536 4323 τισιν
1577 4267 1846 4329 ἀκοντίοις

262 4373 380 4432 τοῖς
412 4369 709 4439 γράμμασι
743 4367 1036 4436 χρώμενοι,
1087 4364 1212 4426 τοὺς
1251 4364 1540 4440 πολεμίους
1570 4362 1664 4430 τῆς
1723 4363 1844 4413 Ἐκ-

263 4463 502 4529 κλησίας
559 4458 865 4528 ἠκόντιζον,
922 4459 1047 4519 τοὺς
1109 4456 1166 4508 δὲ
1227 4456 1483 4524 γνησίους
1531 4453 1839 4523 ἐστήριζον.

1933 1973 2163 2025 tantum,
2193 1963 2287 2016 sed
2327 1973 2382 2017 ct
2417 1962 2730 2027 mulierum,
2763 1975 2884 2029 quae
2916 1975 3038 2015 cum
3066 1960 3165 2021 eis.
3196 1973 3331 2026 quos
3364 1958 3505 2012 dixi-

1934 2071 2074 2119 mus,
2105 2056 2304 2110 divinis
2333 2056 2466 2109 viris
2489 2070 2699 2109 morum
2730 2054 3020 2109 sanctitate
3041 2063 3344 2116 certarunt,
3363 2053 3506 2106 vitas

1933 2148 2020 2217 pie
2042 2137 2353 2216 descripsit.
2387 2147 2652 2215 Evagrius
2699 2155 2881 2199 autem
2927 2156 2981 2199 et
3026 2142 3322 2208 Palladius,
3364 2145 3505 2212 quod

1936 2238 2180 2305 proxime
2203 2246 2449 2291 secutum
2476 2245 2579 2298 est,
2607 2235 2837 2304 imperio
2862 2233 3167 2289 floruerunt
3197 2234 3294 2302 (Ι).
3329 2233 3508 2301 Atque

1936 2331 1970 2384 ii
2006 2331 2223 2396 Quidem
2262 2329 2514 2384 monachi
2554 2329 2838 2397 sedulique
2872 2338 2928 2383 et
2971 2328 3258 2397 diligentes
3291 2327 3510 2379 virtutis

1937 2423 2297 2486 doctores,eo
2330 2433 2573 2491 tempore
2608 2422 2878 2476 enituere.
2898 2420 3046 2475 Inter
3074 2420 3360 2491 episc0pos
3378 2434 3507 2473 vero

1941 2515 2172 2569 Basilius
2200 2531 2426 2585 magnus
2453 2523 2507 2568 et
2539 2513 2787 2580 Gregorii
2813 2514 2995 2579 ambo,
3019 2513 3331 2582 Theologus
3355 2511 3509 2567 vide-

1939 2607 2088 2672 licet,
2122 2615 2176 2659 et
2196 2606 2452 2676 Nyssenae
2483 2607 2634 2660 urbis
2676 2606 2948 2662 luminare
2990 2623 3005 2660 :
3039 2605 3178 2661 alter
3201 2607 3348 2661 illius
3377 2621 3510 2658 con-

1943 2701 2263 2755 tubernalis.
2315 2709 2478 2768 atque
2529 2699 2583 2752 in
2636 2699 2802 2755 rebus
2857 2699 3114 2754 omnibus
3160 2699 3509 2752 consentiens

1942 2795 2158 2862 ailjutor
2206 2802 2261 2846 et
2294 2793 2498 2853 socius.
2535 2793 2674 2848 alter
2703 2800 2885 2847 autem
2919 2791 3086 2846 frater
3124 2791 3508 2859 coniunctissi-

1943 2896 2081 2934 mus.
2115 2880 2446 2936 Adininister
2477 2883 2643 2936 etiam
2674 2897 2864 2936 eorum
2907 2881 3012 2937 fuit
3035 2921 3050 2942 .
3080 2881 3322 2937 fraterno
3357 2897 3512 2950 ιιι-ομ

1943 2988 2037 3026 sus
2064 2975 2268 3036 animo,
2295 2973 2508 3037 Petrus,
2538 2975 2744 3029 eisdem
2781 2974 2980 3041 quibus
3009 2973 3238 3034 Basilius
3271 2977 3512 3044 parenti-

1946 3065 2046 3121 bus
2097 3075 2426 3137 prognatus,
2468 3067 2717 3137 profanis
2760 3066 2979 3136 quidem
3022 3068 3224 3122 litteris
3251 3084 3359 3122 non
3395 3077 3510 3120 tan-

1949 3173 2133 3228 topere
2156 3160 2417 3225 imbutus,
2445 3161 2666 3214 virtutis
2716 3170 2896 3215 autem
2946 3161 3239 3229 splendore
3267 3161 3374 3214 illis
3400 3175 3509 3214 non

1946 3252 2194 3306 inferior.
2230 3249 2322 3306 Isti
2371 3252 2424 3305 in
2450 3240 2791 3320 Cappadocia
2826 3251 3049 3307 fulsere.
3081 3251 3139 3306 In
3172 3251 3373 3306 Pisidia
3415 3267 3512 3304 au-

1948 3353 2054 3397 tem
2104 3341 2375 3412 Optimus,
2428 3352 2484 3398 et
2539 3343 2591 3396 in
2628 3342 2911 3413 Lycaonia:
2959 3345 3248 3412 metropoli
3285 3360 3511 3412 magnus

1942 3435 2373 3504 Amphilochius,
2393 3450 2492 3504 pro
2522 3434 2626 3490 fide
2647 3451 2671 3488 a
2695 3437 2991 3507 majoribus
3020 3445 3261 3508 accepta,
3293 3437 3512 3494 fortiter

1943 3527 2342 3597 depugnarunt.
2381 3527 2446 3582 Et
2495 3528 2529 3581 ii
2575 3536 2831 3598 tanquam
2887 3531 3294 3600 propugnacula
3343 3547 3512 3585 sacra:

1945 3619 2224 3688 religionis
2250 3630 2471 3682 nostra,
2493 3619 2546 3673 in
2563 3620 2784 3675 Oriente
2800 3629 2920 3690 post
2949 3622 3301 3677 Athanasium
3333 3623 3510 3677 fuere.

1946 3713 1999 3766 In
2031 3712 2321 3767 Occidente
2369 3725 2549 3767 autem
2576 3755 2589 3776 ,
2629 3714 2892 3768 Damasus
2940 3715 3201 3771 Romanae
3254 3715 3514 3772 Ecclesia:

1944 3804 2252 3872 prmfectus,
2285 3803 2450 3859 multa
2480 3806 2729 3860 veritatis
2760 3807 2878 3860 luce
2907 3809 3252 3878 coruscavit:
3287 3819 3343 3864 et
3373 3825 3513 3880 prae-

1947 3908 2096 3949 terea
2139 3897 2299 3951 divus
2359 3898 2701 3963 Ambrosius,
2752 3898 3175 3956 Mediolanensis
3240 3903 3510 3958 antistes:

1945 3987 2036 4056 qui
2086 3989 2340 4058 quamvis
2387 3989 2542 4059 longa
2601 3989 2845 4045 locorum
2890 3992 3298 4064 intercapedine
3335 3997 3513 4052 dissiti

1945 4069 2150 4146 essent,
2201 4081 2369 4134 multa
2413 4090 2592 4135 tamen
2650 4083 2899 4138 veritatis
2934 4086 3037 4138 tela
3087 4097 3279 4141 contra
3330 4087 3514 4144 hostes

1943 4171 2197 4226 emisere.
2228 4169 2454 4240 Insuper
2472 4181 2524 4225 et
2545 4171 2636 4226 alii
2663 4173 2906 4242 plurimi,
2940 4175 3034 4245 qui
3060 4185 3335 4232 extremas
3357 4188 3516 4234 terra:

1945 4277 2068 4317 oras
2086 4264 2324 4319 incolere
2343 4265 2515 4319 coacti
2539 4265 2770 4332 fuerant,
2790 4268 2956 4322 veluti
2983 4271 3237 4339 quas:lam
3269 4273 3512 4340 sagittas,

1947 4355 2001 4409 in
2030 4355 2289 4411 Ecclesiae
2326 4355 2669 4412 adversarios
2707 4359 2967 4427 epistolas
3009 4373 3138 4415 sunt
3180 4363 3427 4429 iaculati,
3461 4373 3517 4420 et

1947 4461 2076 4500 suos
2107 4447 2267 4501 simul
2300 4447 2520 4516 scriptis
2564 4449 2982 4505 confirmarunt.
3023 4453 3182 4522 202
3233 4453 3517 4510 Universi-

264 4553 361 4620 Τῷ
387 4551 495 4618 γὰρ
528 4548 747 4617 μεγέθει
777 4545 873 4598 τοῦ
914 4545 1180 4608 κλύδωνος
1209 4547 1236 4596 6
1267 4545 1372 4596 τῶν
1405 4546 1541 4596 ὅλων
1575 4541 1841 4611 πρύτανις
1871 4552 1923 4612 ι)
1949 4550 1953 4589 l

1824 4552 1923 4612 ςι)
1949 4539 2072 4592 tatis
2121 4553 2353 4614 namque
2409 4540 2572 4607 hujus
2612 4540 2961 4606 moderator,
3010 4543 3276 4600 adversus
3304 4556 3513 4602 tantam

265 4641 638 4712 ἀντιρρόπους
670 4638 880 4706 ἔπεμψε
900 4639 994 4689 καὶ
1025 4635 1150 4698 τοὺς
1200 4634 1540 4704 κυϐερνήτας
1575 4650 1591 4665 ·
1630 4634 1736 4686 τῶν
1783 4650 1842 4686 τε

267 4729 509 4795 ποικίλῳ
549 4727 646 4778 καὶ
666 4725 879 4795 σφοδρῷ
914 4724 1024 4776 τῶν
1076 4722 1352 4793 πολεμίων
1391 4725 1483 4775 καὶ
1526 4724 1846 4793 στρατηγῶν

263 4819 860 4890 ἀνάλογονεὼιτὲταξεν
889 4816 1092 4888 ἀρετήν
1124 4833 1139 4848 ο
1202 4818 1296 4868 καὶ
1322 4815 1398 4886 τῷ
1461 4816 1684 4886 ἀκμαίῳ
1745 4817 1844 4885 τῆς

265 4918 431 4969 νόσου
458 4917 577 4975 ταῖς
607 4912 716 4964 τῶν
769 4911 980 4980 καιρῶν
1035 4909 1374 4978 δυσχερείαις
1423 4910 1490 4961 τὰ
1544 4909 1846 4974 ἀλεξίκακα

267 5011 370 5060 καὶ
398 5006 692 5076 πρόσφορα
719 5005 990 5071 ἐπέστησε
1032 5005 1300 5071 φάρμακα
1333 5017 1345 5032 ’
1375 5001 1549 5069 φορὰν
1579 5003 1846 5055 τοσούτων

267 5098 489 5168 ἀνδρῶν
523 5097 582 5149 εν
637 5113 697 5149 τε
750 5097 863 5159 τοῖς
919 5095 1150 5164 πλήθεσι
1204 5094 1297 5146 καὶ
1345 5096 1462 5154 ταῖς
1513 5093 1850 5162 ἐκκλησίαις,

268 5190 416 5256 πρὸς
471 5186 530 5239 δὲ
581 5186 678 5240 καὶ
721 5185 1107 5255 μοναστηρίοις
1162 5184 1260 5236 καὶ
1314 5183 1498 5253 δρεσιν
1545 5184 1850 5250 ἀναδείξας.

266 5283 345 5332 0-)
376 5277 583 5348 ταύτης
606 5276 660 5328 δὲ
688 5275 788 5345 τῆς
817 5273 1158 5345 προμηθείας
1177 5279 1244 5327 τὰ
1288 5274 1532 5344 ἡμέτερα
1582 5275 1856 5343 κατηξίω-

271 5389 372 5423 σεν
405 5371 434 5421 6
466 5353 576 5421 τῶν
632 5368 771 5420 δλων
805 5367 962 5429 Θεὸς,
1017 5363 1153 5418 ἀλλὰ
1224 5365 1315 5418 καὶ
1366 5364 1534 5434 ἄλλης
1591 5364 1852 5434 μεγίστης

265 5461 608 5529 κηδεμονίας
635 5461 899 5527 πρύτανις
923 5457 1103 5529 ὤφθη.
1137 5458 1401 5519 Ἐλκύσας
1426 5460 1534 5526 γὰρ
1559 5458 1618 5510 τὸ
1637 5457 1849 5510 Γότθων

267 5557 429 5617 ἔθνος
460 5555 551 5605 ἐπὶ
582 5553 823 5625 Θρᾴκης,
867 5555 959 5606 τὸν
989 5554 1162 5607 αἴτιον
1187 5554 1283 5622 τῆς
1332 5553 1645 5622 συγχύσεως
1679 5550 1850 5620 κατῆη

267 5665 370 5715 γεν
413 5647 506 5698 ἐπὶ
527 5646 620 5699 τὸν
644 5646 918 5715 Βόσπορον
942 5663 957 5677 ο
995 5646 1088 5698 καὶ
1144 5647 1413 5714 προφανεῖ
1468 5644 1848 5714 παραδέδωκεν

268 5736 529 5808 ἀπωλείᾳ
553 5737 646 5791 τὸν
667 5739 806 5791 κατὰ
835 5737 970 5790 Θεοῦ
1005 5738 1165 5806 μόνου
1190 5735 1283 5788 καὶ
1309 5736 1415 5788 τῶν
1444 5734 1651 5788 ἐκείνου
1687 5733 1848 5804 θερα-

349 5881 427 5948 (.I)
464 5879 594 5934 Post
624 5879 864 5934 Valentis
895 5891 1122 5934 nmrtem
1182 5879 1387 5933 Sonat.

1946 4631 2206 4684 ﬂuctuum
2258 4640 2313 4684 et
2353 4633 2692 4697 tempestatis
2739 4633 3206 4702 magnitudinem,
3274 4648 3519 4696 rectores

1947 4737 2166 4791 quoque
2206 4737 2237 4776 e
2268 4721 2486 4777 diverso
2520 4723 2671 4778 misit
2713 4726 2992 4796 egregios:
3021 4736 3076 4781 et
3107 4739 3296 4782 contra
3329 4731 3516 4785 multi-

1947 4813 2193 4866 tudinem
2234 4821 2289 4867 et
2322 4814 2735 4868 'vehementiam
2789 4815 3053 4880 hostium,
3087 4823 3516 4876 convenientem

1951 4904 2151 4958 ducum
2187 4905 2440 4974 opposuit
2464 4911 2752 4961 virtutem:
2786 4919 2950 4978 atque
2974 4910 3240 4968 adversus
3265 4913 3516 4968 morbum

1952 5003 2255 5063 temporum
2287 4993 2602 5051 diﬂlcultate
2645 4997 2955 5066 vigemem’,
2976 5000 3264 5056 commoda
3297 5013 3352 5057 et
3381 5017 3520 5073 pne-

1956 5086 2130 5140 sentia
2187 5085 2437 5140 exhibuit
2492 5088 2771 5152 remedia;
2827 5089 2920 5159 qui
2975 5099 3184 5146 tantum
3243 5101 3521 5150 tantorum

1958 5180 2203 5234 virorum
2236 5179 2287 5233 in
2320 5179 2505 5248 populi
2541 5181 2928 5248 multitudine,
2963 5184 3017 5237 in
3064 5186 3312 5241 ecclesiis
3360 5197 3523 5258 atque

1954 5272 2008 5326 in
2047 5275 2180 5342 ipsis
2206 5276 2551 5331 monasteriis
2589 5284 2644 5331 et
2681 5278 2980 5345 montibus,
3006 5290 3328 5350 proventum
3361 5283 3526 5338 dede-

1953 5366 2044 5418 rit.
2074 5366 2187 5421 Nec
2220 5380 2287 5422 eo
2324 5376 2538 5421 tantum
2573 5369 2735 5425 modo
2769 5386 2954 5426 rerum
2986 5375 3364 5429 universarum
3381 5375 3526 5432 Deus

1957 5456 2127 5511 rebus
2176 5459 2381 5511 nostris
2408 5464 2693 5514 consulere
2731 5471 2815 5516 est
2842 5461 3096 5531 dignatus
3121 5504 3140 5528 ,
3171 5464 3268 5518 sed
3303 5477 3358 5520 et
3386 5467 3526 5520 alte.-

1957 5554 2070 5607 rius
2105 5551 2322 5605 maximi
2366 5552 2614 5607 beneficii
2661 5565 2984 5622 procurator
3016 5565 3177 5625 atque
3208 5558 3525 5617 conciliator

1957 5659 2076 5698 esse
2115 5659 2265 5698 vsus
2309 5653 2392 5698 est
2420 5645 2521 5713 (ἓ).
2572 5645 2847 5700 Pertracta
2906 5661 3138 5715 namque
3194 5645 3529 5708 Gotthorum

1956 5748 2115 5805 gente
2147 5737 2199 5789 in
2219 5736 2530 5800 Thraciam,
2549 5745 2825 5792 auctorem
2856 5740 3015 5794 etiam
3035 5739 3204 5795 turba:
3233 5749 3287 5795 et
3316 5740 3530 5798 conta-

2025 5881 2096 5940 (li
2131 5880 2341 5933 Somni.
2381 5878 2472 5932 liis
2510 5897 2580 5940 τι,
2610 5895 2722 5944 (πῃ.
2757 5881 2848 5933 53»
