4278 6438
305 426 415 492 729

1194 422 1800 486 ECCLESIASTICIE
1842 419 2237 483 IIISTORIE
2279 420 2427 481 LIB.
2471 420 2579 481 Χῐ.

3426 418 3539 484 730

298 538 413 608 ἐγώ
481 556 623 602 τινος
675 539 922 607 ἤκουσα,
969 536 1091 590 οὐδὲ
1154 537 1264 589 τῶν
1318 536 1623 605 ὁμωνύμως
1676 535 1870 603 ἐκείνῳ
1902 534 1987 593 ΑΙ

1847 552 1870 603 ρ
1902 540 1940 593 Α
1974 534 2037 588 lli
2072 545 2255 589 autem
2288 533 2513 603 perinde
2546 541 2708 601 atque
2735 530 2787 584 in
2809 531 2888 586 eis
2905 530 3070 586 situm
3091 538 3255 591 esset,
3276 542 3335 584 ut
3362 532 3536 600 impe-

296 632 533 700 έχὸντων
560 631 705 692 τινὸς
762 629 976 699 Οὐάλης
1010 630 1287 697 ἐφείσατο,
1336 628 1529 690 οἵτινες
1564 627 1698 687 τέως
1723 622 1865 696 ἦσαν

296 724 579 792 ἐπίσημοι,
644 723 709 775 ἐκ
760 739 820 775 τε
881 722 980 789 τῆς
1039 721 1207 788 αὐτῆς
1264 721 1634 789 προσηγορίας
1689 718 1721 787 ἢ
1770 718 1867 770 καὶ

298 814 511 883 ὁμοίας,
561 812 670 865 ἀπὸ
697 814 791 865 τοῦ
823 812 973 882 Θῆτα
1007 811 1051 862 δ’
1080 813 1229 879 ὅμως
1256 810 1354 881 τὴν
1398 811 1571 881 ἀρχὴν
1614 810 1863 879 ἐχούσης.

296 907 411 961 Καὶ
443 906 626 958 τοίνυν
659 905 909 958 Θεὸδοτοι
941 905 1036 956 καὶ
1064 904 1421 971 Θεόγνωστοι,
1454 903 1549 956 καὶ
1592 901 1866 955 Θεοδόσιοι

296 1000 393 1051 καὶ
444 998 727 1051 θεόδουλοι
761 999 1149 1051 ἀπεκτείνοντο
1172 1011 1187 1026 ⁸
1223 997 1281 1048 ὲν
1309 992 1390 1058 οἷς
1421 996 1515 1048 καί
1541 1013 1626 1057 τις
1674 994 1866 1047 Θεοδο-

298 1090 497 1152 σίολος,
531 1090 676 1159 ἀνὴρ
714 1089 823 1141 τῶν
866 1090 1153 1159 ἐπισήμως
1198 1091 1664 1159 στρατευομένων,
1696 1089 1868 1141 εὐπα-

296 1182 505 1253 τρίδης.
538 1182 599 1246 ἐξ
641 1182 918 1246 Ἱσπανίας
940 1183 1113 1236 um
1158 1186 1219 1236 τὸ
1263 1184 1439 1250 γένος.
1473 1182 1665 1234 Πολλοὶ
1705 1182 1761 1235 δὲ
1790 1181 1871 1249 τῷ

299 1275 413 1327 δέει
434 1275 862 1343 κατεπτηχότας.
891 1276 986 1327 καὶ
1016 1274 1118 1338 τὰς
1163 1275 1221 1341 ἐξ
1251 1275 1478 1343 ἀρχαίου
1517 1274 1762 1343 κλήσεις,
1801 1273 1867 1336 ἃς

298 1370 347 1420 οἱ
375 1369 558 1434 γονεῖς
577 1367 760 1429 αὐτοῖς
800 1368 1145 1436 ιχαρίσαντο,
1185 1365 1548 1436 ἀπηρνοῦντο,
1578 1366 1868 1435 μετατιθέ-

304 1476 459 1529 μενοι
488 1459 573 1511 διὰ
608 1459 669 1510 τὸ
709 1457 805 1511 τοῦ
862 1457 1057 1528 καιροῦ
1098 1458 1378 1528 δυσχερές.
1434 1458 1590 1528 Ἐμοὶ
1636 1459 1691 1511 δὲ
1734 1460 1871 1529 πρὸς

298 1552 429 1614 τοὺς
456 1551 780 1619 φιλοσόφους
816 1549 1050 1603 τοσαῦτα
1088 1552 1281 1619 ῥητέον
1306 1567 1319 1581 ο
1364 1569 1381 1601 ι
1422 1549 1484 1603 Εἰ
1543 1550 1662 1619 μὲν,
1686 1543 1733 1603 ὦ
1779 1548 1870 1602 οὗ·

298 1662 405 1710 τοι,
466 1647 531 1714 τῇ
586 1647 696 1696 τὼν
730 1646 946 1713 ἄστρων
978 1644 1121 1713 φορᾷ
1165 1643 1234 1695 τὰ
1284 1642 1492 1695 τοιαῦτ’
1535 1642 1867 1709 ἑλογίζεσῠε,

300 1735 472 1804 ἐχρῆν
505 1735 816 1805 προσδοκᾷν
840 1736 899 1787 τὸ
924 1736 1209 1804 ἐσόμενον·
1248 1735 1296 1785 εί
1328 1733 1383 1786 δὲ
1436 1733 1535 1801 τῆς
1579 1734 1716 1787 Θεοῦ
1748 1734 1871 1801 βου-

299 1824 396 1892 λῆς
418 1825 675 1894 ἠρτηται,
711 1824 789 1883 είς
825 1823 877 1874 τί
906 1823 967 1873 τὺ
996 1820 1458 1890 περιεργάζεσθαι
1484 1838 1498 1881 ;
1527 1820 1603 1874 Οὐ
1627 1822 1733 1891 γὰρ
1756 1822 1871 1874 ἔστι

300 1883 611 1983 προγνώσει
636 1916 746 1968 τινὶ
777 1917 872 1967 καὶ
918 1883 1121 1981 σπουδῇ
1152 1883 1465 1981 άνορωητίντ
1498 1915 1557 1965 τὸ
1601 1883 1761 1980 statim
1788 1916 1869 1966 εί·
1903 1883 1941 1937 Β

298 2009 449 2060 δέναι
484 2006 624 2076 Θεῷ.
663 2007 725 2059 El
755 2006 810 2058 δὲ.
844 2022 946 2057 που
1004 2006 1100 2058 καὶ
1125 2005 1270 2057 τοῦτ’
1301 2006 1422 2071 ὲξδν
1453 2002 1588 2057 εἶναι
1617 2006 1866 2073 δοίημεν,

300 2100 359 2151 οὐ
387 2101 561 2169 δήπου
596 2098 777 2159 καλῶς
812 2097 976 2172 εἶχεν,
1016 2097 1332 2168 ἀνθρώπους
1381 2113 1444 2163 γε
1482 2098 1663 2159 ὂντας,
1696 2099 1743 2149 εί
1777 2099 1871 2149 καὶ

299 2194 523 2248 πάντων
572 2193 734 2262 σοφίᾳ
790 2192 1170 2261 διαφέροντας,
1216 2192 1441 2258 ἄμεινόν
1471 2208 1525 2242 τι
1559 2190 1693 2242 Θεοῦ
1753 2190 1873 2258 βον-

297 2284 579 2338 λεύεσθαι.
619 2284 748 2338 Εἰδ⁸
782 2283 967 2345 ἁπλῶς
1003 2283 1148 2336 οὕτω
1193 2286 1259 2352 τῇ
1289 2282 1474 2348 ἐφέσει
1505 2285 1604 2349 τῆς
1643 2284 1770 2350 περὶ
1808 2282 1871 2335 τὸ

303 2376 499 2445 μέλλον
530 2377 791 2447 εἰδήσεως
815 2375 1115 2442 ἀλογίστως
1169 2375 1259 2426 ἐπὶ
1286 2374 1375 2426 τὸν
1409 2374 1661 2443 προφανῆ
1692 2375 1872 2426 κίνδυ-

298 2485 388 2523 νον
417 2470 646 2541 ἧλασϐε,
674 2470 800 2530 τοὺς
830 2470 895 2520 ὲκ
933 2467 1129 2520 πολλοῦ
1166 2467 1423 2528 τεθέντας
1463 2469 1755 2535 Ῥωμαίοις
1783 2468 1870 2519 νό-

302 2581 438 2631 μους
466 2562 835 2632 ὑπεριδόντες,
875 2562 1093 2622 πάντως
1131 2563 1225 2613 καὶ
1256 2560 1583 2629 συγγνώμης
1619 2563 1693 2619 ὠς
1735 2562 1871 2629 πορο

303 2656 528 2727 ῥωτέρω
549 2655 784 2723 δρῶντες
815 2653 1059 2706 ἐλάϐετε.
1097 2654 1315 2721 Καίπερ
1342 2652 1581 2719 ὁπηνίκα
1628 2651 1686 2703 τὸ
1718 2652 1875 2718 ἑλλη-

298 2749 471 2811 νίζειν
499 2748 597 2800 καὶ
622 2747 777 2799 θύειν
806 2746 1087 2798 ἀκίνδυνον
1109 2739 1199 2815 ἦν,
1236 2745 1369 2805 τέως
1400 2744 1571 2796 ταυτὰ
1597 2744 1674 2812 τῷ
1703 2745 1871 2797 πάλαι

298 2840 426 2892 καθ’
448 2842 608 2908 ιὑμᾶς
643 2839 924 2906 Σωκράτει
952 2837 1224 2906 φρονῆσαι
1257 2836 1424 2904 ἐχρῆν
1448 2852 1463 2868 ·
1506 2836 1563 2897 ὃς
1605 2837 1757 2905 παρὰ
1796 2838 1873 2887 δί-

296 2952 410 3001 κην
433 2934 497 2985 τὸ
528 2932 755 2984 κώνειον
789 2931 1001 3001 μέλλων
1037 2931 1236 2995 πίνειν,
1273 2929 1393 2993 ὲξδν
1421 2927 1709 2993 σώζεσθαι,
1733 2930 1877 2981 αίδσῖ

302 3028 488 3093 νόμων
516 3025 636 3078 καθ’
683 3024 777 3086 οὒς
817 3026 1048 3093 ὲτράφη,
1075 3025 1277 3091 καίπερ
1310 3023 1444 3083 πρὸς
1489 3021 1669 3090 ἰσχύος
1706 3020 1786 3086 ὃν,
1817 3020 1875 3072 τὸ

300 3120 681 3190 δεσμωτήριον
707 3118 766 3171 οὐ
791 3117 1098 3185 διέδρασεν.
1140 3133 1159 3166 ι

1970 638 2209 682 ratorem
2238 628 2321 681 vel
2352 634 2793 686 exauctorarcut,
2814 626 2898 679 vel
2917 624 3101 679 denuo
3118 622 3539 686 constituerent,

1968 719 2033 772 ad
2076 730 2279 774 tantam
2298 731 2426 773 sunt
2451 718 2783 773 dementiam
2808 718 3077 787 producti.
3108 718 3172 771 At
3198 717 3413 780 Valens,
3440 733 3538 771 nec

1970 811 2107 865 mini
2158 826 2383 880 prorsus
2436 825 2629 865 eorum
2663 812 2757 879 qui
2811 809 3102 864 Theodoro
3154 809 3538 879 cognomines.

1970 920 2070 973 per
2104 902 2354 959 eamdem
2384 911 2477 956 aut
2506 903 2740 958 similem
2759 902 2923 956 etiam
2944 917 3066 971 quae
3094 917 3125 955 a
3156 902 3356 956 litteris
3384 900 3538 955 Theo

1973 994 2193 1049 initium
2216 1002 2479 1057 sumeret,
2497 994 2940 1061 appellationem.
2972 1001 3029 1047 et
3054 992 3397 1061 aliquatenus
3419 1000 3536 1045 tum

1972 1089 2223 1143 celebres
2250 1094 2454 1148 essent,
2488 1085 2752 1155 pepercit.
2793 1084 3000 1153 Itaque,
3026 1083 3318 1146 Theodoti,
3344 1083 3533 1137 Theo-

1973 1181 2173 1249 gnosti,
2234 1176 2569 1240 Theodosii,
2604 1184 2658 1231 et
2701 1174 2969 1231 Tbeoduli
3012 1174 3188 1230 necati
3247 1183 3373 1229 sunt
3409 1190 3423 1227 :
3479 1175 3537 1228 in

1973 1271 2176 1340 quibus
2205 1270 2369 1324 etiam
2405 1268 2803 1322 Theodosiolus
2838 1267 3060 1337 quidam
3083 1267 3309 1328 lnit,vir
3344 1281 3538 1336 magna

1975 1363 2179 1416 militiae
2203 1361 2397 1431 gloria,
2448 1376 2511 1415 ex
2550 1360 2842 1429 Hispania,
2868 1361 2968 1415 ubi
3015 1360 3165 1414 claro
3201 1359 3325 1414 loco
3377 1367 3544 1413 natus

1973 1455 2171 1517 luerat,
2225 1469 2398 1523 genus
2441 1453 2686 1507 trahens.
2741 1453 2892 1507 Mulli
2936 1455 3099 1506 etiam
3145 1460 3294 1505 metu
3336 1451 3542 1516 territi,

1972 1556 2157 1602 vetera
2185 1562 2280 1600 sua
2314 1546 2535 1600 nomina
2558 1561 2588 1598 a
2625 1545 2944 1615 parentibus
2984 1546 3119 1614 ipsis
3152 1544 3405 1613 imposita
3438 1544 3541 1597 ab-

1971 1650 2263 1709 negarunt.
2297 1654 2470 1708 eaque
2525 1639 2667 1700 aliis,
2707 1649 3015 1707 temporum
3055 1637 3362 1706 periculosa
3398 1635 3541 1689 dilli—

1974 1736 2177 1788 enltate
2204 1733 2447 1796 adducti,
2485 1741 2910 1786 eommutarunt.
2944 1731 3070 1783 lllibi
3104 1746 3235 1783 vero
3268 1744 3389 1783 cum
3424 1728 3547 1797 plli-

1976 1827 2219 1895 losopbis
2248 1827 2365 1879 istis
2396 1827 2465 1879 ita
2494 1826 2839 1893 expostulare
2871 1824 3002 1879 libet
3029 1838 3043 1877 ε
3073 1843 3090 1873 ι
3117 1822 3269 1888 Quod
3301 1822 3367 1883 si,
3386 1837 3420 1875 ο
3442 1821 3544 1873 viri

1978 1919 2129 1979 boni,
2161 1935 2225 1973 ex
2256 1930 2525 1972 astrorum
2557 1933 2719 1972 cursu
2756 1918 2879 1972 talia
2913 1916 3200 1984 colligitis,
3231 1924 3547 1983 exspectare

1978 2026 2077 2064 vos
2108 2010 2253 2078 quod
2284 2011 2527 2064 futurum
2550 2021 2685 2074 erat,
2734 2010 3039 2078 Oportebat.
3074 2008 3165 2062 Sin
3207 2023 3273 2061 cx
3315 2007 3549 2061 consilio

1978 2101 2164 2154 divino
2189 2102 2288 2155 ista
2328 2103 2585 2169 pendent,
2632 2102 2763 2168 quid
2797 2100 3112 2155 curiositate
3152 2100 3250 2152 ista
3292 2108 3346 2152 et
3397 2098 3543 2151 inani

1978 2206 2143 2259 opera
2172 2200 2348 2244 vestra
2376 2206 2512 2258 opus
2546 2191 2701 2244 erat?
2732 2191 2873 2245 Fieri
2915 2190 3061 2244 enim
3105 2204 3211 2241 non
3245 2195 3442 2257 potest,
3488 2196 3551 2239 nt

1981 2284 2401 2352 pnecognitione
2428 2292 2482 2337 et
2511 2283 2695 2338 studio
2719 2284 2978 2346 humano,
3030 2283 3080 2336 id
3109 2284 3252 2351 quod
3287 2282 3398 2335 Deo
3428 2281 3547 2344 pla-

1979 2377 2146 2429 citum
2188 2384 2563 2444 statutumque
2602 2387 2718 2436 est,
2772 2375 3149 2445 investigctur.
3180 2372 3342 2444 204
3369 2372 3545 2441 Atque

1982 2481 2041 2525 nt
2068 2469 2221 2524 vobis
2265 2469 2315 2522 id
2356 2468 2529 2523 lacere
2560 2471 2779 2524 licuisse
2830 2472 3136 2534 donemus,
3186 2485 3293 2521 non
3344 2468 3543 2522 scitum

1982 2579 2113 2617 sane
2146 2564 2268 2627 luit,
2303 2550 2553 2618 homines
2582 2578 2678 2617 vos
2704 2565 2953 2632 quamvis
2994 2564 3257 2632 sapientia
3294 2561 3553 2614 omnibus

1983 2656 2322 2725 praestantes,
2400 2658 2594 2710 melius
2637 2640 2937 2725 quidquam
2990 2656 3100 2708 Deo
3138 2655 3255 2723 ipso
3283 2662 3548 2707 statuere.

1982 2746 2037 2801 Si
2064 2761 2192 2801 vero
2229 2757 2434 2800 temere
2484 2747 2557 2799 ita
2589 2745 2899 2798 futurarum
2935 2759 3115 2798 rerum
3148 2741 3553 2811 cognoscenda-

1981 2855 2102 2894 rum
2130 2839 2448 2906 cupiditate,
2477 2853 2574 2893 vos
2624 2846 2823 2906 przeter
2860 2836 3128 2890 rationem
3153 2876 3168 2899 ,
3206 2837 3259 2889 in
3291 2834 3545 2903 apertum

1982 2929 2302 3011 discrimen,
2330 2927 3035 2999 legibus,qu-.ejamdudum
3062 2942 3089 2979 a
3121 2926 3400 2987 Romanis,
3422 2940 3545 2979 cum

1980 3022 2223 3077 Graecam
2278 3023 2722 3090 superstitionem
2765 3021 2944 3090 sequi,
2989 3030 3044 3075 et
3072 3020 3179 3073 diis
3237 3018 3552 3083 sacriﬁcare

1979 3114 2213 3169 liberum
2265 3122 2406 3178 erat,
2458 3122 2587 3168 sunt
2639 3114 2798 3179 latm,
2862 3113 3256 3168 contumaciter
3314 3111 3550 3177 violatis,

298 3215 652 3282 conjecistis,
691 3212 981 3267 admisisse
1005 3227 1136 3273 vos,
1191 3209 1338 3279 quod
1377 3211 1531 3264 venia
1581 3222 1807 3278 prorsus
1840 3211 2064 3282 dignum
2096 3226 2206 3265 non
2273 3212 2382 3277 sit,
2447 3210 2661 3265 facinus
2707 3210 3020 3281 ignorastis.
3054 3210 3230 3279 Atque
3295 3206 3550 3275 equidem

299 3310 447 3363 idem
516 3324 614 3363 vos
676 3318 791 3361 tum
831 3309 1034 3362 sentire
1076 3305 1358 3375 oportuit,
1410 3303 1555 3375 quod
1610 3303 1867 3360 Socrates
1937 3316 2119 3361 vester
2167 3306 2341 3361 sensit
2398 3324 2412 3359 :
2463 3305 2555 3373 qui
2621 3306 2813 3374 iniquo
2860 3302 3068 3374 judicio
3117 3302 3548 3361 circumventus,

296 3409 523 3464 aconito
587 3417 749 3477 epoto
807 3407 1132 3469 moriturus,
1171 3420 1293 3460 cum
1322 3403 1611 3459 incolumis
1638 3420 1779 3469 esse,
1821 3414 1876 3461 et
1914 3421 1946 3462 e
1986 3420 2204 3463 carcere
2238 3405 2529 3477 profugere
2569 3412 2773 3475 posset,
2829 3402 3137 3460 reverentia
3193 3401 3372 3473 legum
3396 3440 3420 3465 ,
3446 3397 3552 3456 sub

297 3506 503 3572 quibus
521 3503 787 3557 educatus
816 3500 1012 3563 fuerat,
1046 3500 1096 3552 id
1135 3514 1241 3553 non
1272 3498 1421 3553 fecit.
1463 3519 1483 3550 ο

384 3599 521 3653 Ἀλλ’
563 3598 712 3659 ὅπως
766 3594 864 3665 μὲν
898 3596 1129 3656 ἔκαστος
1174 3594 1327 3663 δόξης
1386 3598 1516 3665 περὶ
1547 3596 1704 3648 ταῦτ’
1737 3594 1871 3667 ἔχει,
1903 3603 1946 3662 c
2048 3598 2073 3653 ἓ

1862 3603 1946 3662 ,C
2048 3598 2153 3653 Sed
2204 3598 2436 3668 quisque
2487 3596 2588 3651 bac
2634 3597 2702 3651 dc
2755 3612 2847 3662 re,
2880 3606 2941 3651 ut
2976 3595 3081 3651 sibi
3120 3596 3297 3650 visum
3328 3601 3438 3659 est,
3494 3602 3551 3646 et

299 3693 573 3762 φρονείτω
592 3707 650 3741 τε
677 3691 771 3741 καὶ
812 3688 1036 3755 λεγέτω.
1070 3689 1282 3756 Οὐάλης
1305 3686 1349 3740 δ’
1381 3688 1461 3740 ἔτι
1485 3689 1619 3757 πρὸς
1647 3690 1713 3758 τῇ
1744 3689 1877 3757 παρ’

312 3787 545 3856 Ὀρόντῃ
586 3783 880 3852 διατρίϐων
920 3782 1259 3852 Ἀντιοχείᾳ,
1300 3781 1559 3851 ὲπέτριδε
1595 3783 1721 3843 τοὺς
1765 3782 1879 3833 ἑτέ-

302 3895 415 3950 ρως
442 3876 571 3947 ἢὼς
600 3876 749 3943 αὑτῷ
780 3876 953 3927 ἐδόκει
984 3876 1113 3944 περὶ
1144 3875 1202 3925 τὸ
1236 3874 1393 3927 Θεῐον
1418 3873 1762 3940 δοξάζοντας,
1785 3873 1880 3925 καὶ

299 3972 615 4038 ἀνακράτος
646 3967 945 4039 ἐξήλαυνεν
968 3984 981 3997 ·
1003 3968 1107 4029 ἕως
1137 3966 1196 4018 οὗ
1223 3966 1511 4035 Θεμίστιος
1534 3968 1561 4018 ὁ
1593 3966 1880 4034 φιλόσοφος

299 4066 397 4117 τὸν
432 4063 887 4133 προσφωνητικὸν
938 4059 1087 4127 αὐτῷ
1118 4060 1382 4126 ἀναγνοὺς
1423 4058 1601 4124 λόγον,
1644 4058 1739 4110 τοῦ
1776 4076 1875 4126 χα-

300 4156 587 4208 λεπαίνειν
612 4150 757 4205 οὕτω
787 4150 1025 4220 μετρίως
1062 4150 1372 4204 ἀπέπαυσε.
1402 4150 1641 4219 Ιιαρῄνει
1679 4149 1784 4218 γὰρ
1820 4150 1879 4200 ὲν

303 4242 458 4311 αῦτῷ
501 4241 576 4310 μὴ
615 4237 922 4304 ξενίζεσθαι
975 4237 1074 4305 τὴν
1098 4236 1395 4304 διαφωνίαν
1441 4236 1553 4287 τῶν
1590 4236 1883 4305 ἐκκλησια-

306 4336 513 4392 στικῶν
541 4332 847 4403 δογμάτων,
871 4330 1053 4400 πολλῷ
1081 4331 1193 4382 τῶν
1228 4330 1362 4401 παρ’
1392 4331 1619 4401 Ἕλλησι
1655 4330 1792 4400 μείω
1817 4347 1880 4397 γε

302 4429 475 4485 οὖσαν
500 4444 517 4458 ⁶
548 4428 701 4496 παρὰ
724 4427 834 4495 γὰρ
862 4424 1090 4485 ἐκείνοις
1122 4424 1262 4493 ὑπὲρ
1286 4425 1383 4483 τὰς
1405 4424 1721 4493 τριακοσίας
1743 4419 1881 4477 εῖναι

302 4522 499 4585 δόξας,
535 4517 832 4572 κάντεῦθεν
866 4518 961 4569 καὶ
1002 4514 1261 4586 πλείστην
1287 4510 1427 4568 εἴναι
1462 4515 1752 4583 συμϐαίνει
1782 4516 1882 4582 τὴν

302 4614 573 4683 διαφοράν
611 4614 669 4664 ὲν
717 4611 912 4681 πλήθει
965 4610 1147 4679 δόξης.
1176 4608 1332 4662 Ἐπεί
1388 4608 1471 4660 τοί
1502 4624 1566 4675 γε
1622 4608 1718 4660 καὶ
1764 4607 1883 4676 Θεῷ

301 4706 462 4773 φίλον
488 4702 677 4771 ιλεγεν
706 4702 837 4764 ίσως
865 4700 925 4753 τὸ
962 4702 1036 4770 μὴ
1066 4701 1359 4770 πρόχειρον
1386 4699 1465 4761 είς
1493 4699 1692 4765 γνῶσιν
1711 4694 1877 4751 εἶναι·

298 4796 565 4867 διάφορόν
614 4812 673 4848 τε
709 4797 877 4847 πᾶσιν
920 4793 1204 4862 ἐγκεῖσθαι
1252 4793 1429 4856 δόξαν,
1460 4794 1610 4854 ὅπως
1667 4791 1882 4859 ἑκάστῳ

302 4891 513 4961 μᾶλλον
560 4888 679 4951 δέος
725 4887 870 4956 ἐνείη
920 4886 999 4955 τῷ
1048 4885 1422 4957 ἁκαταλήπτῳ
1461 4886 1562 4955 τῆς
1605 4884 1878 4953 γνώσεως,

299 4982 642 5052 λογιζομένῳ
693 4980 923 5049 πηλίκος
976 4980 1044 5035 ἂν
1078 4981 1164 5049 είη
1214 4980 1309 5033 καὶ
1351 4974 1483 5045 οἷος,
1529 4979 1589 5032 οῦ
1642 4978 1878 5049 μετρίως

299 5072 549 5141 ἐφίκετο.
588 5072 686 5123 Ἐκ
736 5072 921 5123 τοίνυν
964 5069 1075 5122 τῶν
1128 5067 1386 5123 τοιούτων
1439 5067 1535 5121 τοῦ
1588 5068 1880 5137 φιλοσόφου

299 5167 483 5233 λόγων
520 5164 887 5234 μετριώτερος
919 5162 1235 5228 γενόμενος,
1267 5160 1328 5213 οὐ
1360 5161 1502 5214 πάνυ
1537 5160 1883 5230 χαλεπαίνων

299 5261 379 5322 ὡς
408 5259 699 5327 πρότερον,
734 5259 830 5320 τὰς
864 5256 1119 5317 κολάσεις
1166 5255 1395 5323 ὶπῆγεν.
1427 5255 1502 5307 Οὐ
1557 5254 1663 5325 μὴν
1688 5272 1882 5307 παντε-

300 5352 415 5414 λῶς
465 5350 629 5419 εηληγε
671 5349 772 5420 τῆς
804 5349 1020 5421 ὁρμῆςο
1064 5346 1179 5402 ἀλλ’
1221 5348 1341 5399 ἀντὶ
1389 5346 1624 5400 Θανάτου
1664 5346 1880 5414 ὲξορίαν

300 5442 547 5497 ἐπετίθει
594 5446 707 5505 τοῖς
742 5442 995 5512 ἱερᾶσθαι
1030 5440 1288 5512 λαχοῦσιν
1312 5455 1329 5471 ·
1366 5440 1529 5509 ἄχρις
1574 5439 1635 5493 οὗ
1687 5440 1883 5493 κοινῶν

304 5536 611 5606 φροντίδων
634 5534 897 5604 ἐπιφοραὶ
921 5534 1615 5603 γενόμεναιάπησχόιησαν
1638 5533 1735 5602 τὴν
1756 5535 1883 5603 περὶ

303 5633 374 5684 τά
399 5630 624 5683 τοιαῦτα
652 5629 907 5698 σπονδήν.

1980 3691 2201 3754 sentiat,
2258 3700 2315 3745 et
2370 3691 2642 3759 loquatur.
2685 3687 2888 3744 Valens
2938 3704 3069 3744 sane
3120 3670 3549 3742 Antiocbize'ad

1980 3784 2240 3842 Orontem
2288 3783 2469 3838 adhuc
2507 3782 2709 3852 degens
2735 3824 2749 3847 ,
2787 3798 2881 3837 eos
2912 3784 3005 3852 qui
3045 3783 3206 3838 aliter
3231 3797 3398 3852 quam
3449 3781 3549 3850 ipsi

1979 3877 2283 3941 videretur,
2316 3877 2381 3931 de
2415 3876 2522 3930 Deo
2544 3876 2831 3941 sentirent,
2857 3874 3119 3945 amigcre,
3149 3884 3207 3929 ct-
3237 3874 3413 3927 modis
3435 3890 3552 3926 om-

1981 3968 2145 4021 nibus
2176 3966 2431 4037 persequi
2483 3976 2537 4022 et
2587 3969 2787 4037 ejicere
2841 3965 3136 4035 pergebat:
3180 3963 3355 4017 donec
3412 3962 3541 4016 The-

1981 4057 2195 4111 miStius
2229 4057 2581 4126 pliilosOphus
2615 4072 2735 4111 eam
2756 4071 2919 4125 quant
2953 4055 3017 4109 ad
3053 4054 3203 4108 illum
3241 4054 3546 4107 orationem

1980 4149 2297 4218 scripserat,
2338 4149 2624 4212 recitavit;
2673 4164 2778 4215 qua
2813 4158 2872 4202 ut
2916 4147 3345 4217 indignationem
3384 4156 3437 4200 et
3465 4155 3550 4199 tu-

1982 4243 2396 4295 multuationem
2427 4256 2546 4295 eam
2584 4249 2945 4309 temperaret.
2985 4238 3185 4293 eﬂccit.
3220 4236 3557 4291 Coltortatns

1981 4335 2126 4388 enim
2150 4349 2273 4388 eum
2305 4343 2408 4397 est,
2446 4349 2515 4387 ne
2544 4333 2909 4386 admiraretur
2934 4341 3191 4400 tanquam
3226 4332 3277 4384 in
3313 4345 3370 4384 rc
3392 4345 3553 4389 nova,

1983 4426 2129 4497 quod
2160 4427 2339 4497 aliqua
2364 4436 2509 4481 esset
2536 4425 2590 4478 in
2625 4424 3019 4479 ecclesiasticis
3063 4422 3412 4493 dogmatibus
3443 4422 3554 4475 dis-

1980 4519 2166 4573 sensio
2218 4536 2233 4572 :
2276 4534 2451 4587 eaque
2497 4518 2674 4571 minor
2728 4517 2926 4587 longe.
2965 4531 3127 4585 quam
3179 4516 3320 4584 apud
3352 4514 3555 4568 Grmcr

1981 4610 2392 4680 superstitionis
2437 4610 2697 4664 Cultores.
2730 4608 2886 4678 Apud
2917 4608 2990 4679 (ι)
3044 4608 3166 4662 illos
3199 4608 3345 4661 enim
3392 4622 3553 4675 supra

1983 4712 2256 4758 trecentas
2285 4717 2404 4757 esse
2425 4701 2710 4770 opiniones
2732 4720 2745 4755 :
2769 4701 2823 4754 in
2853 4715 3084 4769 quarum
3120 4710 3271 4753 tanto
3300 4714 3555 4763 numero,

1982 4797 2246 4865 plurimas
2264 4796 2429 4850 etiam
2455 4794 2827 4848 dissensiones
2848 4808 2970 4846 esse
3005 4793 3304 4860 contingat.
3342 4791 3404 4844 Et
3441 4790 3554 4843 l'or-

1984 4898 2125 4943 tasse
2184 4897 2396 4958 gratum
2449 4886 2501 4940 id
2546 4900 2665 4941 esse
2714 4884 2823 4939 Deo
2854 4884 3030 4947 dixit,
3071 4883 3215 4953 quod
3244 4899 3351 4935 non
3401 4880 3558 4935 facile

1982 4989 2127 5035 esset
2154 4980 2220 5033 ad
2253 4978 2621 5048 cognitionem
2668 4977 2787 5047 ejus
2830 4977 3041 5036 venire,
3077 4974 3415 5047 proindequc
3461 4989 3555 5027 va-

1990 5072 2125 5125 riam
2188 5086 2381 5126 omnes
2420 5070 2485 5124 de
2519 5084 2584 5123 eo
2615 5068 2968 5137 conciperent
2994 5066 3312 5137 opinionem
3350 5086 3363 5120 :
3399 5076 3459 5118 ut
3488 5080 3557 5119 eo

1989 5163 2162 5235 magis
2194 5163 2342 5217 illum
2378 5162 2609 5231 quisque
2641 5169 2915 5222 vereatur,
2948 5174 3057 5228 quo
3085 5158 3267 5213 minus
3296 5156 3562 5227 cognitio-

1990 5274 2112 5311 nem
2142 5258 2279 5327 cjus,
2312 5272 2433 5326 quae
2471 5254 3043 5325 incomprehensibilis
3075 5263 3159 5307 est
3185 5295 3199 5320 ,
3235 5253 3503 5322 percipiat
3539 5267 3551 5301 :

1986 5367 2171 5407 secum
2203 5352 2318 5420 ipse
2373 5350 2730 5405 considerans
2757 5388 2770 5410 ,
2799 5351 3015 5419 qualem
3044 5356 3099 5402 et
3129 5356 3395 5417 quantum
3429 5361 3553 5399 eum

1990 5460 2111 5499 esse
2160 5453 2432 5513 Oporteat,
2455 5444 2611 5513 cujus
2646 5453 2863 5497 tenuem
2910 5445 3103 5496 saltem
3136 5457 3199 5495 ac
3231 5441 3555 5493 mediocrem

1993 5537 2241 5591 notitiam
2276 5537 2346 5590 sit
2371 5550 2674 5590 assecutus.
2714 5536 3058 5605 Quapropter
3097 5535 3215 5603 ejus
3245 5530 3555 5602 pliilosopbi

1992 5628 2240 5681 oratione
2294 5626 2585 5690 adductus,
2643 5642 2765 5680 cum
2812 5640 2871 5679 se
2902 5625 2967 5678 ad
3007 5624 3435 5679 moderationem
3467 5624 3562 5673 dc-

306 5727 506 5792 disset,
548 5743 657 5783 non
690 5743 865 5798 usque
912 5727 1051 5783 adeo
1091 5735 1151 5782 ut
1184 5736 1341 5783 antea
1408 5729 1784 5789 succensebat,
1858 5740 1957 5781 nec
1998 5725 2281 5796 Suppliciis
2338 5732 2393 5781 et
2441 5724 2780 5781 cruciatibus
2811 5723 3085 5780 saeviebat.
3132 5720 3316 5791 Neque
3377 5728 3561 5774 tamen

378 5868 459 5939 (Ι)
482 5866 701 5924 Sozam.
736 5870 860 5923 eod.
893 5882 1010 5937 cap.
1038 5865 1123 5920 36.
