4278 6438
717 421 817 488 731

1932 427 2351 489 NICEPHORl
2395 430 2738 504 CALLlSTl

3863 430 3970 493 732

717 545 989 599 onminoa
1020 553 1199 612 coepto
1227 540 1460 604 destitit,
1492 542 1586 598 sed
1619 559 1713 612 pro
1738 546 1913 614 pcenis
1948 547 2277 615 capitalibus
2314 550 2564 603 exsilium
2586 551 2924 618 cpiscopiset
2952 549 3331 605 sacerilmibus
3381 547 3729 617 imponebat:
3785 548 3968 618 quoad

719 656 887 710 usque
917 654 1108 710 graves
1137 639 1204 693 de
1252 640 1526 706 republica
1580 656 1726 694 cura:
1746 683 1758 700 .
1795 645 2086 710 quominus
2110 643 2275 696 rebus
2313 645 2580 713 ejusmodi
2619 661 2810 700 vacare
2839 653 3039 714 posset.
3066 643 3324 701 eﬂecere.

1171 759 1329 830 205
1390 759 1613 815 CAPUT
1659 761 1845 816 XLVI.

718 851 792 904 De
821 850 991 904 Mattio
1012 851 1220 904 Arabim
1257 852 1458 920 regina,
1487 861 1617 906 utea
1653 853 1844 906 bellum
1874 864 2055 909 contra
2091 856 2284 910 Roma-

786 923 1121 993 nos_qeperit.
1156 939 1218 974 ac
1245 939 1363 974 mox
1390 939 1502 974 cum
1526 924 1708 976 iisdem
1738 930 2166 993 pacemsanxerit
2189 943 2205 980 :
2232 937 2282 982 et

789 994 849 1045 de
878 990 1020 1045 Hose
1072 998 1242 1062 primo
1273 995 1502 1044 Arabum
1540 990 1797 1064 episcopo.

783 1170 918 1225 Cum
973 1185 1208 1238 namque
1255 1170 1691 1226 Sarracenorum
1715 1174 1791 1241 (Ι)
1835 1175 2091 1244 princeps
2137 1175 2283 1231 diem

713 1277 873 1316 suum
913 1262 1179 1323 obiisset.
1211 1273 1267 1317 et
1303 1263 1508 1319 foedera
1539 1282 1663 1319 cum
1700 1267 1960 1322 Romanis
1989 1268 2286 1338 aliquando

713 1352 875 1412 inita.
923 1361 1083 1421 rupta
1135 1363 1324 1407 essent
1359 1371 1370 1407 :
1408 1353 1578 1408 Mavia
1613 1356 1690 1425 (2)
1740 1358 1887 1411 illius
1923 1359 2154 1423 conjux,
2197 1373 2288 1413 res

710 1443 830 1513 ejus
872 1443 1509 1513 gentisadministrans,
1554 1448 1888 1502 Pbmniciam
1910 1490 1925 1514 ,
1955 1459 2012 1504 et
2044 1451 2286 1505 Palu-sti-

716 1551 861 1594 uam.
893 1544 948 1589 et
975 1551 1126 1589 oram
1156 1536 1223 1590 ad
1257 1535 1552 1608 Egyptum
1588 1550 1922 1609 vergentem,
1955 1558 2077 1608 quae
2103 1543 2282 1597 Nilum

712 1623 945 1676 adverso
985 1622 1208 1677 flumine
1255 1628 1673 1695 navigantibus,
1722 1633 1945 1698 regione
1987 1647 2108 1700 quae
2152 1633 2286 1686 Ara-

717 1715 836 1768 bica
866 1715 1097 1780 dicitur,
1133 1719 1199 1770 ad
1233 1719 1506 1772 sinistram
1541 1732 1644 1784 est,
1683 1723 1884 1778 invasit
1913 1735 2079 1793 atque
2107 1737 2284 1779 vasta-

713 1806 812 1862 vit.
859 1808 1063 1862 Bellum
1125 1810 1175 1862 id
1230 1815 1481 1880 quamvis
1525 1829 1553 1868 a
1609 1815 1806 1870 femina
1847 1819 2081 1880 illatum,
2117 1820 2288 1872 haud-

716 1913 990 1966 quaquam
1023 1900 1179 1955 facile
1208 1901 1328 1956 fuit.
1364 1904 1496 1957 Nam
1525 1921 1644 1959 eam
1676 1923 1798 1961 cum
1827 1909 2086 1962 Romanis
2113 1912 2286 1965 maxi-

717 2006 888 2055 mam,
949 2003 1004 2046 et
1057 1993 1199 2047 haud
1237 1994 1352 2050 scio
1400 2012 1467 2050 an
1501 1982 1638 2051 alias
1684 2001 1885 2070 majore
1932 2001 2282 2064 fortitudine.

717 2099 950 2153 pugnam
996 2089 1342 2142 commisisse
1370 2089 1581 2146 dicunt.
1621 2092 1726 2147 Res
1755 2109 1886 2149 sane
1919 2097 1984 2150 ad
2010 2113 2135 2152 eum
2175 2114 2288 2152 me-
2319 2131 2360 2185 Β

718 2185 830 2228 ιιιιιι
886 2180 1174 2246 pervenit,
1238 2191 1296 2233 nt
1355 2184 1638 2250 copiarum
1696 2186 2016 2240 militarium
2069 2189 2178 2242 dux
2230 2191 2283 2244 in

715 2268 994 2323 l'hmnicia
1018 2309 1033 2328 .
1061 2270 1354 2326 Orientalis
1382 2275 1662 2328 exercitus
1696 2277 1888 2331 ducem
1919 2279 1985 2331 ad
2021 2280 2283 2333 auxilium

715 2359 818 2412 sibi
863 2359 1146 2415 ferendum
1184 2366 1447 2420 evocarit.
1482 2369 1659 2435 Atque
1687 2367 1775 2422 ille
1815 2372 2160 2425 vocationem
2205 2381 2288 2426 ta-

714 2452 844 2515 lem,
884 2453 1122 2507 hostium
1156 2457 1368 2510 scilicet
1399 2469 1744 2528 contemptu,
1780 2460 1937 2524 risit:
1970 2473 2026 2518 et
2062 2479 2176 2519 rem
2211 2464 2286 2518 ita

717 2545 992 2604 instituit,
1033 2555 1090 2600 ut
1123 2547 1212 2616 qui
1245 2564 1369 2602 cum
1401 2562 1691 2605 vocaverat
1727 2553 1780 2606 in
1815 2555 1931 2608 acie
1967 2569 2073 2609 non
2114 2567 2284 2620 esset,

715 2637 809 2689 sed
835 2652 863 2688 a
891 2654 1068 2706 pugna
1095 2653 1418 2711 segregatus
1441 2657 1720 2713 spectator
1743 2658 1952 2702 tantum
1975 2651 2095 2721 ejus
2114 2660 2284 2706 esset.

718 2727 918 2782 Verum
956 2733 1140 2798 ιιι-ωηο
1174 2737 1500 2798 commisso,
1546 2748 1601 2792 et
1644 2738 1814 2792 Mavia
1858 2748 2082 2796 strenue
2145 2743 2288 2795 resi-

717 2831 919 2885 s'ente,
949 2822 1192 2879 Orientis
1221 2827 1326 2879 dux
1363 2843 1485 2882 cum
1520 2829 1638 2882 suis
1670 2832 1727 2884 in
1758 2831 1939 2902 fugam
1963 2849 2179 2898 versus,
2199 2835 2290 2890 vix

719 2917 937 2972 tandem
979 2934 1008 2972 a
1054 2920 1354 2977 Palmstinis
1391 2933 1445 2978 et
1492 2925 1846 2981 l’hmnicibns
1871 2928 2140 2983 militibus
2172 2945 2290 2984 ser-

718 3021 877 3064 vatus
905 3020 1006 3065 est.
1039 3011 1237 3067 Eorum
1266 3015 1412 3068 enim
1441 3015 1730 3084 prtefectus
1755 3019 1845 3072 ubi
1877 3019 2027 3073 illum
2055 2992 2289 3075 subinde

718 3119 776 3154 se
806 3114 1213 3158 convertentem
1247 3105 1432 3175 fugere
1465 3107 1619 3168 vidit,
1646 3110 1870 3163 stultum
1900 3126 2024 3166 esse
2055 3111 2287 3181 putavit,

718 3206 872 3247 extra
910 3211 1138 3265 pugnam
1166 3198 1238 3251 ita
1274 3200 1600 3263 consistere,
1636 3202 1717 3255 uti
1746 3203 1794 3257 ei
1826 3205 2139 3265 mandatum
2175 3203 2291 3259 fue-

722 3297 829 3340 rat.
858 3282 1093 3342 Proinde
1125 3290 1294 3358 signis
1332 3291 1530 3354 illatis,
1563 3293 1815 3347 cominus
1847 3311 1971 3349 cum
2008 3296 2290 3352 Arabibus

722 3390 803 3438 cst
836 3369 1184 3449 congressus.
1219 3383 1296 3436 lta
1332 3383 1556 3449 factum,
1590 3394 1646 3438 ut
1678 3386 1768 3440 ille
1796 3396 2013 3458 tempus
2042 3388 2289 3460 fugiendi

2955 767 3204 820 κεφΑΑ.
3248 764 3400 831 Mc".

2392 859 2530 925 Περὶ
2568 860 2800 924 Maurae
2847 857 2957 927 τῆς
3011 859 3080 924 ἐξ
3117 859 3410 927 Ἀριζϐωνο
3457 857 3620 921 ὅπως
3647 856 3796 926 μετὰ
3831 857 3970 911 Ῥω-

2455 924 2648 999 μαίων
2665 931 2883 1004 μάχην-λ
2904 924 3123 1004 ἄρασα,
3174 924 3360 1004 ⁷αὖθις·
3388 927 3486 1004 ἐπὶ
3530 924 3803 1004 σῖτονδὰς
3823 927 3973 1004 {Exui-

2454 998 2546 1069 ρει
2575 1017 2588 1032 ·
2627 998 2725 1054 καὶ
2754 1002 2888 1068 περὶ
2948 1000 3054 1054 τοῦ
3104 999 3341 1065 πρώτου
3376 998 3720 1051 ἐπισκόπου
3768 998 3972 1051 αὐτῶν

2462 1073 2740 1137 Μωσέως.

2464 1185 2574 1237 Καὶ
2607 1186 2719 1253 γὰρ
2741 1184 2835 1238 τοῦ
2866 1178 3200 1256 Σαρακηνῶν
3225 1185 3594 1254 κατάρχοντος
3619 1183 3966 1253 τεθνηκότος,

2391 1278 2444 1330 σί
2487 1275 2622 1346 πρὸς
2659 1274 2966 1344 Ῥωμαίους
2994 1275 3217 1328 σπονδαὶ
3249 1274 3539 1327 διελύοντοι
3577 1275 3685 1326 Καὶ
3708 1275 3772 1343 δὴ
3812 1275 3970 1326 Μαυ-

2387 1367 2448 1420 ΐα
2473 1370 2505 1436 ἡ
2562 1367 2729 1420 αὐτοῦ
2747 1368 2960 1437 γαμετὴ
2991 1367 3088 1437 τὴν
3107 1365 3202 1420 τοῦ
3224 1366 3380 1426 ἔθους
3404 1365 3720 1436 ἱπιπροπὴν
3744 1365 3967 1433 ἔχουσα,

2392 1461 2643 1530 Φοινίκην
2678 1476 2738 1512 τε
2769 1460 2863 1512 καὶ
2900 1459 3269 1527 Παλαιστῖνην
3293 1462 3388 1514 καὶ
3413 1457 3483 1510 τὰ
3511 1457 3649 1527 πρὸς
3693 1458 3970 1522 Αἴγυπτον

2392 1555 2451 1616 ἐξ
2483 1552 2782 1620 εὐωνύμων
2827 1538 2942 1614 τοῖς
2992 1552 3099 1605 τὸν·
3125 1551 3317 1604 Νεῖλον
3359 1550 3695 1603 ἀναπλέουσι
3737 1549 3880 1602 κατὰ
3909 1548 3970 1599 τδ

2405 1645 2658 1712 Ἀρὰὗιον
2689 1644 3024 1712 καλούμενον
3078 1643 3248 1710 κλίμα
3297 1642 3551 1706 ἐπιοῦσα,
3601 1641 3779 1712 ἐδῄου.
3818 1641 3968 1694 Ὀδὲ

2394 1737 2648 1805 πόλεμος,
2695 1736 2793 1806 ορχ
2828 1736 2902 1799 ὡς
2933 1736 3085 1803 παρὰ
3131 1735 3387 1803 γυναικὸς
3416 1735 3578 1802 δῆθεν
3627 1734 3970 1800 ἐσκευασμέ-

2393 1847 2503 1890 νος.
2542 1829 2720 1897 ῥᾴδιος
2754 1823 2822 1896 ἦν
2845 1843 2858 1854 ·
2890 1827 2987 1879 καὶ
3016 1826 3123 1893 γάρ
3147 1844 3280 1893 φασι
3314 1825 3577 1895 μεγίστην
3602 1841 3664 1877 τε
3697 1828 3790 1879 καὶ
3832 1841 3967 1894 καρ-

2392 1917 2577 1988 τερὰν,
2614 1919 2770 1989 εἴπερ
2803 1919 2954 1979 ποτὲ,
2996 1919 3092 1970 καὶ
3122 1918 3328 1986 utiqu
3357 1918 3696 1987 συρραγῆναι
3729 1918 3826 1984 τὴν
3860 1919 3969 1987 μά-

2393 2031 2496 2082 χην
2533 2011 2820 2081 Ῥωμαίο;ς
2846 2028 2858 2040 ·
2897 2012 2990 2064 καὶ
3042 2013 3101 2071 ἐς
3147 2012 3300 2062 τόσον
3331 2010 3484 2072 δέους
3528 2010 3724 2070 ἐλθεῖν,
3753 2010 3826 2072 ὡς
3869 2011 3969 2062 καὶ

2391 2107 2498 2157 τῶν
2527 2105 2669 2157 κατὰ
2707 2103 2807 2171 τὴν
2848 2104 2922 2155 ἒω
2948 2104 3248 2172 ταγμάτων
3279 2104 3368 2154 τὸν
3403 2103 3769 2171 ἐξηγούμενον
3822 2103 3962 2171 σύμ--

2391 2213 2563 2266 μαχον
2615 2197 2708 2247 τὸν
2753 2199 2810 2248 ὲν
2860 2198 3077 2267 Φοινίκῃ
3127 2197 3432 2265 στρατηγὸν
3488 2197 3964 2264 μετακαλέσασοιι

2390 2291 2695 2344 συλλαϐεῖν.
2724 2291 2827 2341 τὸν
2858 2291 2912 2342 δὲ
2941 2290 3171 2357 γελάσαι
3202 2292 3302 2357 μὲν
3329 2289 3426 2360 τὴν
3460 2290 3674 2357 κλῆσιν,
3709 2291 3800 2341 καὶ
3821 2290 3963 2341 ἀπὸ·

2392 2389 2565 2450 μαχον
2597 2383 2849 2449 γενέσθαι
2906 2381 3312 2452 συμϐουλεῦσαι
3359 2383 3448 2439 τὴν
3482 2384 3824 2451 κεκληκῦτα·
3863 2385 3964 2452 τῆς

2388 2475 2444 2526 δὲ
2475 2475 2836 2543 παρατάξεως
2881 2476 3183 2542 γενομένης
3230 2476 3448 2537 λιαυῖας
3504 2475 3969 2542 ἀντιστρατηγοῦ-

2392 2581 2490 2631 σης
2520 2565 2791 2630 τραπῆναι
2824 2563 2913 2614 τὸν
2948 2563 3057 2614 τῶν
3083 2562 3417 2614 ἀνατολικῶν
3447 2561 3836 2630 ἐξηγούμενον.
3872 2564 3966 2614 καὶ

2393 2656 2547 2722 μόλις
2602 2655 2936 2723 διασωθῆναι
2983 2654 3132 2722 παρὰ
3183 2654 3293 2705 τῶν
3327 2653 3703 2706 Παλαιστινῶν
3736 2658 3826 2704 καί
3854 2653 3964 2704 τῶν

2391 2747 2446 2797 ὲν
2466 2747 2683 2813 Φοινίκῃ
2721 2745 3091 2813 στρατιωτῶν.
3117 2743 3272 2797 Ἐπεὶ
3295 2745 3404 2813 γὰρ
3439 2741 3580 2797 οἶδεν
3607 2747 3812 2796 ἐκεῖνον
3837 2745 3966 2812 φεύ-

2389 2854 2556 2904 γοντα
2600 2837 3008 2906 προτροπάδην.
3043 2837 3147 2902 ἔξω
3185 2838 3365 2905 μάχης
3397 2837 3640 2897 ἑστάναι,
3676 2836 3867 2907 ὥσπερ
3897 2833 3964 2906 ἦν

2390 2931 2896 2998 προστεταγμένον,
2923 2927 3119 2996 εὔηθες
3155 2928 3312 2999 ῷετο.
3350 2929 3456 2980 Καὶ
3485 2928 3548 2996 δὴ
3611 2928 3962 2994 προσϐαλὼν,

2393 3021 2535 3072 κατὰ
2565 3022 2735 3087 στόμα
2768 3023 3126 3090 προσυπὴντα
3156 3023 3268 3080 τοῖς
3298 3022 3535 3090 Ἀρα-ᾇιο
3566 3021 3642 3089 τῷ
3684 3022 3740 3073 δὲ
3774 3022 3967 3090 καιρὸν

2391 3112 2567 3163 ἐδίδου
2610 3112 2833 3179 φεύγειν
2867 3114 2923 3164 ὲν
2967 3112 3219 3180 ἀσφαλεῖ.
3243 3113 3409 3174 Αὐτὸς
3441 3113 3497 3164 δὲ
3529 3114 3712 3181 ἡρέμα
3757 3113 3972 3182 ἀναχω-

2396 3204 2527 3274 ρῶν,
2552 3204 2702 3271 ἀφίει
2734 3207 2824 3256 καὶ
2854 3204 3072 3271 φεύγων
3102 3206 3168 3256 τὰ
3202 3203 3352 3272 βέλη,
3382 3205 3475 3255 καὶ
3516 3206 3643 3266 τοὺς
3675 3205 3970 3272 πολεμίους

2393 3297 2796 3364 ειστρέχοντας,
2848 3299 2960 3358 τοῖς
3015 3296 3225 3365 βέλεσιν
3271 3296 3649 3366 ἀπεκρούετο·
3686 3297 3722 3350 ἃ
3755 3296 3820 3367 δὴ
3871 3299 3968 3349 καὶ

2394 3389 2614 3452 πολλοῖς
2646 3391 2738 3441 ἐπὶ
2770 3390 2980 3458 μακρδν
3007 3390 3096 3441 διὰ
3130 3391 3353 3457 μνήμης
3377 3385 3519 3460 ἦσαν
3540 3405 3554 3418 °
3584 3390 3887 3460 Σαρακηνοὶ
3913 3390 3971 3441 δὲ

724 3466 778 3525 in
809 3472 984 3526 locum
1016 3483 1190 3527 tutum
1222 3474 1449 3529 haberet
1477 3495 1490 3531 :
1525 3478 1641 3547 ipse
1666 3494 1801 3533 vero
1826 3481 2030 3535 sensim
2061 3496 2119 3535 se
2150 3483 2291 3535 reci-
2319 3462 2364 3521 θ
2398 3498 2413 3530 ι

2283 3513 2291 3522 -
2319 3462 2364 3521 C
2398 3484 2490 3534 καὶ
2522 3484 2579 3532 ὲν
2613 3482 2835 3548 μέλεσιν
2869 3464 3300 3552 ᾗδονκΣφοδρᾶς
3333 3481 3388 3532 δὲ
3413 3479 3514 3548 τῆς
3547 3481 3728 3550 μάχης
3763 3482 3972 3532 ἐπικει-

723 3569 902 3634 pii-ns,
931 3575 1094 3635 atque
1120 3568 1283 3620 etiam
1318 3576 1466 3638 terg:
1499 3581 1737 3635 vertens,
1774 3572 1879 3626 tela
1905 3574 2204 3639 emitteret,
2237 3585 2293 3630 et

725 3660 911 3712 beSIes
953 3659 1275 3729 ingruentes
1317 3661 1514 3730 jaculis
1554 3665 1929 3719 submoveret.
1973 3666 2105 3733 Quae
2140 3683 2229 3723 res
2262 3683 2293 3723 a

726 3754 910 3806 multis
936 3753 1028 3804 «Ιὶιι
1059 3763 1140 3807 est
1167 3766 1491 3819 memorata,
1523 3757 1590 3809 ab
1616 3757 1750 3827 ipsis
1774 3759 1940 3812 etiam
1974 3760 2295 3817 Sarracenis

723 3846 1063 3904 carminibus
1096 3848 1394 3902 celebrata.
1423 3849 1493 3903 Et
1513 3849 1638 3918 quia
1667 3850 1868 3905 bellum
1899 3852 2005 3908 hoc
2034 3870 2291 3923 magnum

724 3947 778 3989 et
807 3951 966 4004 grave
1015 3936 1277 3990 Romanis
1324 3937 1675 4002 imminebat,
1723 3941 1932 4009 legatos
1962 3943 2029 3996 ad
2065 3943 2292 3998 Maviam

725 4027 791 4079 de
826 4043 956 4096 pace
984 4029 1278 4082 mittendos
1307 4044 1431 4085 esse
1462 4031 1638 4085 visum
1669 4039 1775 4086 est.
1813 4034 1882 4089 At
1917 4034 2006 4088 illa
2041 4035 2282 4104 primum

728 4120 878 4187 pacis
909 4119 1256 4174 conditiones
1297 4135 1422 4174 cum
1473 4121 1738 4176 Romanis
1790 4124 2029 4193 superbe
2079 4127 2294 4195 rejecit.

733 4209 832 4264 Ubi
860 4225 990 4264 vero
1016 4210 1264 4264 doctrina
1289 4225 1571 4266 sacrorum
1598 4221 1916 4267 nostrorum
1950 4223 2032 4267 est
2059 4215 2296 4278 initiata,

729 4319 915 4374 pacem
947 4304 1018 4357 ita
1044 4303 1275 4372 recepit,
1305 4304 1350 4357 si
1375 4303 1572 4365 Moses,
1603 4304 1696 4374 qui
1729 4314 1840 4358 tum
1874 4305 1927 4359 in
1961 4304 2139 4359 vicina
2172 4307 2301 4359 soli-

729 4399 922 4453 tudine
977 4396 1353 4467 philosophice
1404 4396 1674 4468 degcbat,
1730 4399 2027 4468 episcOpus
2076 4399 2300 4455 ditionis

728 4509 840 4546 suae
899 4493 1227 4561 populorum
1288 4499 1760 4546 consecraretur:
1812 4491 1897 4545 vir
1947 4491 2187 4556 virtute,
2244 4498 2302 4544 et

730 4589 855 4641 vim
901 4587 1193 4641 sanctioris
1240 4585 1566 4650 severitate,
1613 4585 1990 4655 prodigiisque
2029 4594 2085 4640 et
2129 4583 2301 4655 signis

731 4679 917 4735 multis
947 4679 1197 4733 illustris.
1226 4679 1387 4748 206
1415 4677 1569 4745 Quod
1598 4678 1689 4733 ubi
1720 4679 1792 4732 ita
1824 4677 1943 4732 fieri
1969 4677 2172 4732 debere
2197 4677 2302 4731 lm-

2399 3575 2590 3643 μένης.
2639 3573 2748 3625 δεῖν
2801 3573 2975 3626 ἐδικει
3029 3575 3326 3642 πρεσὸείαν
3380 3573 3521 3644 ὑπὲρ
3557 3575 3782 3644 εἰρήνης
3835 3574 3973 3644 πρὸς

2395 3667 2615 3720 Μαυΐαν
2672 3667 2870 3719 ποιεῖν.
2935 3665 3046 3732 Τὴν
3097 3666 3142 3718 δ’
3210 3667 3690 3736 ὑπερφρονοῦσαν,
3745 3667 3812 3718 τὰ
3872 3667 3975 3734 μὲν

2396 3757 2592 3827 πρῶτα
2637 3760 2711 3824 μὴ
2753 3757 3145 3826 καταδέχεσθαι
3200 3759 3299 3819 τὰς
3344 3759 3664 3828 Ῥωμαϊκὰς
3705 3758 3972 3815 σπονδάςο

2396 3847 2464 3900 τὰ
2491 3846 2732 3914 ἡμέτερα
2759 3846 2814 3897 δὲ
2856 3846 3178 3915 μυηθεῖσαν,
3208 3848 3264 3910 ἐς
3290 3846 3521 3916 ὕστερον
3549 3847 3833 3912 δέξασθαι,
3858 3846 3976 3914 είγε

2398 3941 2492 3992 καὶ
2554 3942 2581 3992 ὁ
2630 3940 2874 4009 τηνικάδ“
2930 3942 2988 3992 ἐν
3019 3943 3134 4002 ταῖς
3179 3941 3347 4000 πέλας
3398 3941 3627 4009 ἐρήμοις
3667 3940 3976 4009 φιλοσοφῶν

2397 4033 2602 4101 Μωσῆς
2657 4032 2956 4095 ἐπίσκοπος
3011 4035 3122 4093 τοῖς
3160 4033 3264 4084 ύ-τδ
3320 4032 3418 4102 τὴν
3452 4034 3627 4102 ἀρχὴν
3659 4034 3830 4102 αὐτῆς
3865 4051 3981 4102 χει-

2402 4127 2742 4195 ροτονηθείη,
2785 4127 2924 4196 ἀνὴρ
2947 4128 3116 4196 ἀρετῇ
3145 4127 3236 4178 καὶ
3263 4127 3522 4198 ἁκριὸείᾳ
3548 4126 3691 4196 βίου,
3727 4128 3979 4195 σημείοις

2401 4219 2495 4273 καὶ
2544 4220 2731 4288 τέρασι
2785 4219 3002 4281 πολλοῖς
3053 4219 3397 4288 διαλάμπων.
3437 4219 3545 4271 Τοῦ
3594 4219 3651 4271 δὲ
3707 4217 3981 4287 βασιλέως

2404 4313 2747 4382 μηνύσαντος
2793 4307 2875 4375 οἷς
2925 4313 3293 4387 επιτέτραπτο
3327 4312 3359 4380 ὴ
3390 4311 3501 4363 τῶν
3549 4311 3739 4363 ἐνθάδε
3771 4311 3982 4380 ἡγεμο-

2400 4405 2512 4471 νία,
2545 4404 2977 4473 συνελαμϐάνετο
3026 4404 3305 4472 Μωῦσῆς,
3352 4406 3448 4456 καὶ
3498 4403 3591 4455 ἐπὶ
3641 4401 3985 4473 χειροτονίαν

2403 4497 2555 4566 παρὰ
2583 4497 2675 4549 τὸν
2700 4497 3003 4566 τηνικαῦτα
3038 4497 3138 4566 τὴν
3172 4495 3528 4566 Ἀλεξάνδρου
3573 4495 3804 4563 λαχόντα
3845 4493 3988 4548 A06-

2403 4606 2524 4642 κιον
2560 4589 2747 4660 ἧγετο.
2796 4588 2854 4641 '0
2903 4590 2960 4641 δὲ
3014 4590 3300 4660 παρρησίᾳ
3340 4593 3582 4654 πάντων,
3640 4607 3662 4639 ς
3701 4587 3989 4657 Ἐπίσχες,

2401 4681 2510 4750 ἔφη
2535 4698 2549 4713 ·
2587 4683 2646 4734 οὐ
2678 4682 2786 4752 γὰρ
2821 4680 2989 4747 ἀξίως
3017 4682 3146 4752 ἔχω,
3176 4681 3348 4752 ὄνομα
3377 4683 3472 4736 καὶ
3510 4681 3681 4750 τιμὴν
3710 4683 3988 4750 ἀρχιερωο

731 4783 952 4844 perator
980 4771 1060 4824 eis
1093 4770 1437 4840 signiﬁcavit,
1470 4770 1670 4840 quibus
1701 4785 1762 4825 ea
1794 4769 2011 4839 imperii
2041 4785 2169 4839 pars
2196 4785 2298 4823 cu-
2335 4804 2379 4860 υ
2408 4792 2420 4825 ι

2335 4804 2379 4860 D
2408 4772 2573 4840 σύνης
2608 4775 2968 4844 κληροῦσθαι.
2994 4775 3054 4828 Ei
3086 4774 3131 4827 δ’
3157 4774 3265 4844 ἄρα
3300 4791 3389 4843 μοι
3422 4775 3518 4828 καὶ
3548 4771 3785 4834 ἀναξίως
3805 4771 3989 4842 ἔχοντι

731 4866 902 4919 randa
941 4866 1236 4919 commissa
1287 4864 1496 4930 fuerat,
1550 4866 1728 4922 Moses
1759 4875 2100 4935 assumptus,
2135 4874 2189 4920 et
2235 4865 2301 4919 ad

733 4959 962 5014 Lucium
990 4958 1080 5027 qui
1109 4974 1176 5012 eo
1206 4967 1453 5028 tempore
1483 4958 1870 5014 Alexandrinae
1904 4945 2161 5014 Ecclesia:
2190 4959 2308 5029 epi-

731 5061 1015 5121 scopatum
1052 5050 1506 5114 administrabat,
1545 5063 1606 5105 ut
1641 5052 1710 5106 ab
1752 5068 1818 5106 eo
1861 5061 2302 5114 consecraretur,

732 5146 1005 5199 adductus
1047 5153 1148 5199 est.
1201 5143 1277 5198 ibi
1313 5145 1404 5199 ille
1448 5144 1514 5198 ad
1541 5160 1666 5199 eum
1702 5147 1878 5214 palam
1935 5153 1991 5202 et
2036 5144 2209 5200 libere
2246 5144 2300 5198 in

735 5238 1020 5308 przrscntia
1054 5241 1297 5293 omnium
1325 5255 1338 5292 :
1376 5257 1395 5290 ι
1434 5237 1665 5293 Abstine
1694 5248 1767 5303 te,
1795 5237 2006 5308 inquit;
2041 5236 2302 5306 indignus

733 5329 878 5385 enim
912 5345 1057 5393 sum,
1102 5330 1194 5399 qui
1224 5345 1424 5383 nomen
1471 5341 1527 5385 et
1567 5331 1830 5385 honorem
1874 5328 2119 5399 episcopi
2158 5329 2303 5382 obti-

736 5434 917 5473 neam.
963 5423 1028 5473 At
1069 5420 1114 5473 si
1163 5431 1301 5474 nutu
1342 5436 1444 5474 suo
1489 5437 1574 5475 me
1621 5435 1683 5475 ea
1736 5420 2003 5492 dignitate
2043 5420 2305 5490 dignatur

741 5513 901 5577 Dens,
940 5524 1131 5568 testem
1161 5514 1311 5568 illum
1344 5513 1506 5574 facio,
1543 5530 1822 5583 nunquam
1857 5524 1908 5566 te
1938 5514 2069 5567 mihi
2106 5529 2301 5566 manus

741 5609 1129 5676 impositurum
1169 5624 1311 5674 esse,
1343 5625 1480 5679 quas
1511 5626 1709 5662 cruore
1741 5619 1796 5664 et
1826 5610 1949 5663 tabe
1982 5619 2298 5663 sanctorum

739 5703 980 5753 virorum
1031 5701 1425 5770 conspurcasti.
1475 5721 1491 5753 ι
1530 5701 1761 5764 Lucius,
1804 5717 1914 5755 non
1960 5713 2104 5756 recte
2149 5702 2302 5755 illum

813 5813 1299 5937 (vnal‘beodoretus
1359 5814 1546 5880 habet,
1605 5813 2037 5881 Ismaelitarmn,
2079 5813 2175 5867 lib.
2213 5829 2262 5865 tv
2291 5851 2305 5874 ,

813 5901 857 5937 ιι.
929 5907 980 5937 υ.

742 5900 857 5953 cap.
893 5900 980 5939 ιω.

2409 4864 2558 4918 τοῦτ’
2590 4867 2829 4920 ἑπινεύοι
2856 4866 3014 4932 Θεὸς,
3056 4867 3246 4920 τοῦτον
3299 4864 3753 4936 ἐπιμαρτύρομαι
3782 4864 3858 4925 ῶς
3887 4863 3991 4915 οὐκ

2411 4957 2521 5028 ἄρα
2557 4977 2648 5028 μοι
2696 4959 2793 5022 τὰς
2834 4959 2933 5023 σὰς
2967 4961 3129 5022 αὐτὸς
3177 4961 3369 5029 χεῖρας
3421 4958 3731 5021 ἐπιϐαλεῖς,
3785 4955 3990 5024 αἵμασι

2411 5053 2506 5104 καὶ
2553 5053 2771 5124 λύθροις
2821 5053 3177 5123 πεφυρμένας
3210 5051 3381 5119 ἁγίων
3413 5050 3646 5121 ἀνδρῶν.
3683 5068 3702 5100 ι
3744 5049 3888 5118 Πρὸς
3932 5048 3991 5100 δὲ

2408 5147 2581 5202 ταῦτα
2611 5148 2639 5198 ὁ
2670 5143 2903 5206 Λούκιος
2936 5147 3010 5214 μὴ
3041 5145 3166 5197 ὅσια
3192 5145 3366 5197 ποιεῖν
3400 5142 3580 5209 ἔλεγε,
3627 5143 3774 5212 πρὶν·
3793 5140 3992 5209 μαθεῖν

2409 5242 2510 5310 τὴν
2535 5239 2749 5292 ἐκείνου
2792 5238 3001 5301 πίστιν,
3036 5238 3446 5306 ἀποσειόμενον.
3495 5234 3554 5286 Εἰ
3590 5235 3645 5286 δὲ
3671 5233 3828 5298 λόγος
3872 5229 3992 5282 δια-

2412 5334 2601 5402 ϐολῆς.
2639 5331 2832 5402 κριτὴν
2866 5330 3143 5398 γενέσθαι.
3177 5330 3272 5382 καὶ
3306 5327 3376 5380 τὰ
3422 5327 3542 5380 κατ’
3572 5327 3732 5378 αὑτὸν
3762 5323 3990 5377 ἀκούειν

2413 5421 2809 5493 προύτρέπετο.
2847 5405 3054 5488 Μωσῆς
3095 5419 3174 5486 δὲ,
3211 5437 3230 5471 ι
3271 5417 3431 5472 Ἀλλὰ
3463 5421 3607 5487 σαφῆ
3634 5417 3734 5479 τὴν
3770 5415 3869 5484 σὴν
3897 5414 3994 5466 πί-

2415 5533 2533 5568 στιν
2567 5515 2843 5568 δείκνυσιν
2875 5514 2906 5582 ή
2963 5511 3074 5564 τῶν
3101 5513 3422 5564 ἐπισκόπων
3451 5511 3546 5563 καὶ
3603 5509 3994 5579 πρεσϐυτέρων

2415 5605 2704 5674 ὑπερορία,
2762 5604 2858 5655 καὶ
2915 5605 3029 5656 ὅσοι
3080 5604 3139 5655 ἐν
3207 5602 3493 5673 μετάλλοις
3543 5601 3758 5670 πικρῶς
3798 5601 3860 5651 τὸ
3889 5601 3992 5670 ζῇν

2414 5699 2711 5751 διανύουσι.
2751 5697 2857 5749 Καί
2888 5713 2950 5763 γε
2994 5696 3056 5748 σὺ
3089 5697 3291 5761 ἐκεῖνα,
3327 5691 3504 5765 οἶμαι,
3556 5693 3794 5763 Χριστοῦ
3847 5710 3992 5760 γνω-

2491 5811 2565 5876 (εὶ)
2593 5811 2761 5864 ill-nia
2805 5810 2964 5864 lilium
3002 5827 3152 5866 suam
3185 5811 3388 5867 Victori
3433 5810 3681 5866 Romano
3721 5807 3846 5862 duci
3881 5821 3990 5861 nu-

2419 5883 2532 5953 ptui
2564 5885 2831 5937 collocat..
