4278 6438
323 421 430 490 733

1211 431 1809 494 FCCLESIASTlC/E
1852 434 2244 494 IHSTOerF-
2289 437 2431 496 LIB.
2481 437 2580 495 Xl.

3459 431 3568 498 τοι

320 551 562 610 ρςεματα
607 539 730 602 οἴει,
764 539 799 592 ἃ
829 539 1178 592 παντάπασιν
1227 542 1529 612 ἀλλοτρίως
1586 544 1721 611 πρὸς
1766 542 1887 610 Χριο
1918 552 1958 601 Α
1990 545 2009 595 l'

1878 552 1958 601 -Α
1990 545 2168 597 facere
2219 545 2379 608 dixit,
2419 546 2512 613 qui
2559 545 2712 608 prius
2755 543 2914 600 ﬁdem
2960 547 3117 617 ejus,
3152 555 3316 616 q'uatn
3363 561 3567 615 cogno-

319 632 445 684 στὸν
479 632 614 701 ἔχει,
647 632 744 684 καὶ
803 632 941 701 πρὸς
996 631 1123 694 τοὺς
1180 632 1358 701 ὀρθῶς
1415 633 1736 697 δοξάζοντας
1779 634 1888 685 τῶν

317 725 644 793 ἀνθρώπων.
699 744 718 776 ι
758 725 941 777 Ταῦτα
991 724 1047 777 δὲ
1103 725 1280 792 λέγων
1314 727 1624 796 ἐπώμνυτο,
1692 726 1765 796 μὴ
1822 728 1888 779 ἂν

316 804 586 888 ὑποσχεῖν
631 834 762 870 ποτε
809 817 909 885 τὴν
957 816 1137 885 κάραν
1182 818 1418 886 Λουκίῳ.
1453 821 1563 874 Καὶ
1606 819 1668 887 δὴ
1698 818 1746 870 οί
1778 818 1890 871 τῶν

328 910 619 977 Ῥωμαίων
649 910 920 978 ἡγεμόνες
954 910 1428 980 παραιτησάμενοι
1462 909 1714 973 Λούκιον,
1748 911 1888 980 πρὸς

316 1003 446 1058 τοὺς
497 1002 556 1052 ὲν
605 1003 751 1069 φυγῇ
803 1001 964 1062 δντας
1019 1001 1131 1053 τῶν
1183 1003 1500 1054 ἐπισκόπων
1545 1005 1638 1055 τὸν
1684 1002 1890 1072 Μωσῆν

317 1093 584 1158 ἄγουσιν·
620 1090 680 1154 ἐξ
712 1087 789 1144 ὦν
835 1091 900 1144 τὸ
953 1092 1163 1162 χρίσμα
1224 1093 1322 1162 τῆς
1355 1093 1634 1164 ίιραρχίας
1687 1094 1890 1158 λαϐὼν,

320 1186 452 1250 περὶ
485 1183 614 1246 τοὺς
661 1184 1012 1253 Σαρακηνοὺς
1054 1182 1222 1254 ἦλθε·
1257 1186 1354 1238 καὶ
1395 1187 1461 1238 τὸ
1502 1186 1709 1254 μεταξὺ
1751 1186 1891 1237 Ῥω-

325 1275 502 1340 μαίων
528 1278 618 1327 καὶ
651 1277 874 1328 ἐκείνων
900 1276 1308 1345 διαλυσάμενος,
1335 1278 1556 1347 θεοφιλῆ
1581 1278 1680 1348 τὴν
1708 1280 1825 1347 ίερα
1837 1296 1895 1346 ρ-

323 1368 449 1432 χξαν
489 1366 698 1417 ἐτέλειο
735 1367 828 1420 καὶ
859 1369 981 1420 λίαν
1027 1369 1249 1438 βραχεῖς
1295 1368 1492 1438 εὑρὼν,
1542 1370 1728 1437 σχεδὸν
1765 1373 1896 1422 πάν·

321 1474 422 1518 τας
484 1459 868 1528 Χριστιανίσαι
931 1447 1402 1529 παρεσκευάσατο.
1466 1463 1528 1514 Ἡ
1593 1462 1647 1513 δὲ
1703 1463 1895 1516 Μαυῖα

324 1549 552 1616 εἰρήνην
576 1550 670 1601 τοῦ
704 1549 893 1602 λοιποῦ
923 1546 1025 1620 ἦγε
1059 1551 1375 1618 Ῥωμαίοις,
1399 1551 1472 1612 ὡς
1499 1554 1589 1604 καὶ
1614 1554 1896 1621 θυγατέρα

327 1642 498 1708 αὐτῆς
523 1641 743 1708 Βίκτορι
763 1645 840 1713 τῷ
860 1644 1204 1714 στρατηλάτῃ
1230 1648 1620 1716 κατεγγυῆσαι.
1645 1646 1897 1699 Τοσαῦτα

325 1734 419 1784 καὶ
450 1736 579 1804 περὶ
611 1735 841 1788 τούτων.

1999 636 2196 696 visset,
2237 637 2509 703 rejiccrct.
2545 635 2698 701 Quod
2747 637 2791 689 si
2834 637 3108 690 calumnia
3154 637 3385 706 alicujus
3412 639 3564 692 dela-

1998 727 2132 780 toris
2178 727 2449 783 adductus
2494 745 2556 782 ca
2599 729 2766 782 verba
2811 729 2900 784 ille
2940 730 3283 798 protulisset.
3326 731 3563 800 indicem

1997 831 2120 870 eum
2156 833 2275 872 esse
2301 819 2513 895 voluit,
2545 831 2600 873 et
2642 828 2698 872 ut
2730 833 2819 873 res
2845 835 2970 874 suas
3013 820 3263 886 audiret,
3314 822 3568 874 hortatus

1995 921 2098 964 est.
2135 912 2307 964 Moses
2341 921 2521 965 autem
2552 930 2563 964 :
2599 930 2617 962 ι
2656 910 2822 979 Atqui
2850 910 3009 965 {idem
3032 921 3202 977 tuam,
3235 914 3331 977 ait,
3363 910 3570 981 liquido

1998 1004 2131 1057 satis
2165 1003 2404 1057 ostendit
2434 1005 2820 1074 episcoporum
2852 1013 2907 1058 et
2940 1005 3384 1075 presbyterorum
3416 1005 3566 1058 exsi-

1999 1095 2155 1156 lium,
2189 1095 2343 1149 etilli
2373 1106 2640 1172 prazterea
2672 1097 2766 1166 qui
2801 1096 2858 1150 in
2894 1096 3132 1150 metallis
3161 1096 3567 1151 acerbissimam

2000 1187 2206 1257 degunt
2244 1189 2432 1242 vitam.
2471 1191 2552 1244 An
2596 1200 2650 1242 tu
2688 1205 2819 1242 vero
2865 1189 2983 1242 illas
3010 1187 3216 1242 Christi
3263 1197 3419 1241 notas
3447 1203 3569 1241 esse

2001 1292 2181 1348 putas,
2209 1295 2329 1349 qua:
2354 1297 2381 1334 a
2407 1281 2632 1336 Christo
2657 1290 2710 1334 et
2735 1283 2802 1336 ab
2834 1281 3152 1335 hominibus
3181 1291 3328 1335 recte
3356 1281 3421 1334 de
3456 1280 3566 1334 Deo

2002 1372 2369 1426 sentientibus
2404 1388 2628 1440 prorsus
2659 1384 2791 1427 sunt
2821 1372 3206 1427 alienissimae?
3239 1390 3257 1423 ι
3295 1371 3474 1440 Atque
3500 1371 3569 1423 ad

2005 1465 2118 1518 haec
2145 1465 2311 1518 verba
2340 1465 2715 1532 juramentum
2748 1463 2970 1531 adjecit.
3006 1479 3284 1532 nunquam
3311 1479 3367 1516 se
3403 1462 3572 1515 Lucio

2003 1565 2172 1625 caput
2199 1556 2575 1624 subjecturum
2605 1571 2743 1609 esse.
2777 1556 2948 1620 Quam
2978 1555 3048 1608 ob
3079 1571 3299 1609 causam
3334 1554 3568 1608 Romani

2005 1648 2195 1709 duces,
2227 1647 2402 1701 Lucio
2437 1649 2668 1717 rejecto,
2706 1647 2889 1702 Mosen
2925 1647 2990 1700 ad
3031 1649 3352 1718 episcopos,
3385 1647 3478 1714 qui
3516 1646 3569 1698 in

2004 1741 2201 1793 exsilio
2247 1741 2518 1808 agebant,
2555 1741 2784 1795 duxere.
2829 1743 2870 1794 A
2905 1741 3105 1808 quibus
3141 1740 3230 1792 ille
3274 1739 3571 1808 episconali

325 1830 587 1884 unctione
614 1840 861 1901 accepta,
889 1833 954 1886 ad
991 1827 1325 1888 Sarracenos
1360 1835 1574 1889 transiit
1605 1851 1618 1888 :
1652 1845 1708 1888 et
1779 1836 2157 1905 pacilicatione
2205 1836 2370 1889 rebus
2446 1837 2591 1890 inter
2633 1851 2728 1890 cos
2766 1844 2820 1889 et
2886 1836 3161 1889 Romanos
3222 1833 3570 1902 compositis,

325 1925 413 1992 pie
445 1935 742 1997 sant-teque
771 1929 1146 1999 episcopatum
1185 1932 1619 1994 administravit;
1647 1943 1701 1987 et
1763 1948 1885 1987 cum
1949 1947 2160 2003 paucos
2227 1933 2299 1986 ibi
2340 1931 2683 1987 Christianos
2728 1932 3047 2000 reperisset,
3080 1946 3271 1983 omnes
3307 1944 3469 1998 prope
3502 1927 3570 1980 ad

326 2021 650 2090 religionem
711 2033 952 2078 nostram
1045 2027 1329 2094 pertraxit.
1397 2027 1566 2081 Mavis
1632 2039 1814 2082 autem
1876 2029 2132 2098 deinceps
2188 2043 2375 2099 pacem
2461 2044 2585 2084 cum
2674 2027 2936 2081 Romanis
3013 2026 3238 2093 habuit,
3291 2027 3426 2084 adeo
3509 2034 3577 2076 ιιι

330 2115 499 2170 tiliam
547 2132 704 2172 suam
750 2119 959 2173 Victori
1006 2119 1135 2174 duci
1181 2121 1236 2174 in
1272 2121 1684 2175 matrimonium
1720 2123 2031 2177 collocarit.
2066 2121 2189 2177 Haec
2228 2125 2515 2177 hactenus.

910 2273 1159 2326 ΚΕΦΑΛ.
1189 2274 1326 2328 ΜΖ’.

329 2388 472 2457 Περὶ
495 2387 603 2441 τοῦ
627 2385 845 2454 τέγους
901 2386 1021 2439 τῶν
1053 2386 1453 2457 Ἰσμαηλιτῶν
1511 2387 1609 2441 καί
1651 2387 1899 2456 Ἀφαρη-

400 2455 547 2522 ὁνῶν,
613 2459 815 2509 εἶτουν
879 2455 1268 2525 Σαρακηνῶν,
1318 2460 1502 2512 πόθεν
1549 2459 1662 2522 τὴν
1702 2455 1902 2524 ἀρχὴν

398 2532 615 2651 ἔσχον,
665 2526 762 2578 καὶ
794 2526 951 2592 ὅπως
1009 2528 1114 2580 τὸν
1142 2528 1610 2594 Χριστιανισμὸν
1656 2527 1901 2595 παρεδέ-

440 2616 605 2651 arto.

417 2616 605 2661 :arto.

400 2713 475 2765 Τὸ
499 2713 553 2764 δὲ
605 2712 714 2765 τῶν
744 2711 1084 2782 Σαρακηνῶν
1113 2711 1304 2780 φῦλον,
1349 2711 1418 2765 τὰ
1454 2711 1555 2782 μὲν
1586 2711 1775 2780 πρῶτα
1802 2712 1902 2782 τὴν

328 2802 425 2854 τοῦ
462 2803 690 2871 ἰσμαὴλ
743 2806 1117 2873 προσηγορίαν
1146 2804 1327 2868 λαϐὸν,
1364 2807 1490 2867 παῖς
1527 2805 1582 2857 δὲ
1617 2803 1770 2867 οὗτος
1805 2805 1899 2857 τοῦ

342 2897 622 2966 Ἀϐραάμ,
652 2897 992 2968 Ἰσμαηλϊται
1021 2898 1128 2950 άπὸ
1168 2898 1262 2950 τοῦ
1303 2900 1649 2968 προπάτορος
1682 2897 1898 2965 ὼνομά·

331 2990 490 3054 ζοντο
547 2993 660 3053 τοῖς
714 2990 997 3060 ἀρχαίοιςο
1029 2991 1449 3060 άποτριϐόμενοι
1481 2991 1524 3042 δ’
1565 2993 1765 3043 ἐκείνοι
1811 2991 1902 3041 τὸν

329 3084 396 3134 ὲκ
429 3079 524 3133 τοῦ
553 3081 707 3134 νόθου
747 3082 958 3151 μῶμον,
991 3083 1086 3134 καὶ
1139 3081 1238 3149 τῆς
1271 3080 1513 3143 δουλείας
1562 3080 1652 3132 τὸν
1677 3079 1900 3151 ἔλεγχον

331 3172 517 3243 (δούλη
547 3174 656 3242 γὰρ
706 3175 740 3241 ἡ
802 3174 986 3243 μήτηρ
1039 3173 1234 3242 ἐκείνῳ
1269 3173 1495 3242 Ἀγαρ),
1550 3173 1902 3242 Σαρακηνοὺς

333 3267 478 3333 σφᾶς
504 3267 703 3327 αὐτοὺς
735 3266 938 3335 μᾶλλον
971 3263 1278 3332 ὠνόμασαν,
1311 3265 1386 3328 ὼς
1414 3266 1522 3317 άπὸ
1567 3267 1780 3336 Σάρρας
1802 3266 1904 3334 δῆ-

333 3359 426 3410 θεν
451 3358 817 3426 καταγόμενοι
843 3359 942 3426 τῆς
987 3358 1235 3426 γαμετῆς
1270 3357 1540 3426 ¹Αϐραάμ.
1572 3359 1814 3410 Ἐκεῖθεν
1847 3359 1901 3410 δὲ

332 3453 434 3518 τὴν
462 3450 558 3502 τοῦ
609 3453 801 3518 γένους
841 3451 1030 3519 σειρὰν
1069 3449 1342 3513 ἕλκοντες,
1386 3451 1579 3519 ἐπίσης
1624 3451 1902 3519 Ἑϐραίοις

333 3542 410 3602 ὼς
438 3540 641 3592 ἐπίπαν
664 3540 762 3609 τὴν
789 3539 1062 3592 πολιτείαν
1092 3540 1318 3610 αύχοῦσι
1341 3557 1353 3570 ⁸
1384 3542 1480 3610 τήν
1509 3559 1565 3592 τε
1602 3542 1709 3610 γὰρ
1737 3559 1901 3612 περι-

1921 2282 1970 2343 Β

2545 2276 2768 2333 CAPUT
2808 2278 2849 2332 Χ
2864 2279 3017 2334 LVII.

2005 2390 2081 2444 De
2107 2392 2503 2447 Ismaelitarum
2534 2403 2581 2446 et
2627 2397 2985 2463 Agarenorum
3019 2396 3123 2448 sive
3175 2395 3571 2448 Saracenorum

2069 2472 2241 2544 gente,
2269 2465 2407 2516 unde
2437 2465 3023 2544 inilium_sumpserint,
3055 2476 3102 2518 et
3131 2466 3389 2532 quomodo
3414 2465 3569 2519 Chri-

2075 2538 2382 2586 tiauismum
2409 2538 2754 2604 susceperint.

2074 2718 2244 2772 Porro
2290 2717 2720 2772 Sarracenorum
2779 2734 2912 2789 gens
2961 2719 3194 2788 primum
3247 2715 3572 2787 cognomine

2005 2809 2071 2864 ab
2105 2809 2334 2862 lsmaele
2367 2819 2616 2879 accepto,
2647 2811 2739 2880 qui
2779 2811 3009 2866 Abrahae
3052 2811 3194 2864 ﬁlius
3222 2811 3343 2870 fuit,
3376 2810 3576 2863 lsmae-

2006 2901 2117 2956 litae
2150 2901 2218 2954 ab
2249 2901 2526 2970 antiquis,
2566 2902 2632 2957 de
2681 2903 2842 2972 primi
2880 2919 3070 2958 eorum
3110 2903 3372 2972 parentis.
3390 2903 3576 2971 appel-

2006 2993 2242 3058 latione,
2279 2995 2456 3048 vocati
2496 3003 2644 3049 sunt.
2691 2994 2757 3049 Ut
2791 3009 2972 3048 autem
3009 2995 3273 3048 maeulam
3305 2993 3572 3061 illegitimi

2005 3095 2183 3152 ortus,
2211 3094 2268 3140 et
2299 3087 2579 3141 servitutis
2611 3098 2797 3140 notam
2842 3089 2859 3156 (
2894 3101 3054 3140 serva
3095 3087 3240 3139 enim
3274 3085 3374 3138 fuit
3401 3094 3575 3139 mater

2006 3178 2153 3232 illius
2180 3179 2367 3250 Agar),
2395 3194 2424 3232 a
2459 3194 2517 3234 se
2548 3179 2937 3242 amolirentur,
2971 3177 3305 3233 Sarracenos
3337 3193 3395 3232 se
3429 3178 3578 3246 ipsos

2006 3270 2381 3334 nominarunt,
2416 3271 2574 3339 207
2612 3271 2839 3340 perinde
2875 3283 3040 3340 atque
3070 3287 3100 3324 a
3140 3269 3301 3336 Sarra
3340 3269 3574 3323 Abrahre

2006 3364 2237 3434 conjuge
2266 3363 2491 3432 stirpem
2519 3364 2808 3417 ducerent.
2838 3363 3106 3417 Caeterum
3139 3364 3335 3416 seriem
3359 3351 3580 3432 generis

2009 3453 2137 3509 inde
2181 3455 2460 3509 trahentes
2485 3495 2499 3519 ,
2542 3455 2735 3509 eodem
2769 3470 2894 3508 cum
2929 3452 3134 3508 Judmis
3163 3453 3379 3507 vivendi
3424 3467 3577 3506 more

2011 3554 2259 3598 utttntur.
2289 3546 2421 3599 Nam
2453 3548 2926 3600 circumcisionem
2961 3547 3031 3600 ita
3071 3555 3127 3598 ut
3158 3546 3232 3598 illi
3265 3545 3472 3606 colunt,
3517 3552 3573 3594 et

327 3637 508 3705 τομὴν
542 3636 619 3698 ὡς
653 3636 852 3701 ἐκεῖνοι
877 3634 1238 3697 ἀσπάζονται,
1272 3637 1365 3686 καὶ
1393 3635 1500 3686 τῶν
1537 3635 1696 3687 ὑείων
1729 3638 1905 3701 κρεῶν
1938 3620 1978 3678 C
2013 3658 2016 3685 ;

1884 3654 1905 3687 ν
1938 3620 1978 3678 C
2013 3652 2041 3687 a
2087 3636 2262 3690 suillis
2305 3637 2564 3690 carnibus
2611 3637 2927 3696 abstinent,
2981 3635 3263 3704 multaque
3313 3645 3573 3704 praeterea

332 3728 666 3797 ἀπέχονταιο
732 3725 826 3797 καὶ
889 3726 1060 3778 πολλὰ
1109 3724 1274 3794 ἔθιμα
1331 3726 1555 3777 ἐκείνων
1614 3726 1905 3795 φυλάττειν

335 3796 764 3884 ιδ’πουδάζουσιν.⁵
796 3821 857 3872 Ei
881 3819 935 3871 δὲ
972 3819 1047 3889 μὴ
1082 3818 1259 3871 διόλου
1290 3819 1484 3888 ἐπίσης
1506 3819 1901 3881 πολιτεύονται,

330 3917 363 3984 ἢ
402 3916 479 3985 τῷ
517 3914 700 3984 χρόνῳ
728 3913 933 3974 δοτέον,
965 3913 997 3980 ἢ
1029 3911 1123 3965 καὶ
1162 3914 1228 3982 τῇ
1262 3913 1515 3982 ἐπιμιξίᾳ
1543 3914 1650 3964 τῶν
1673 3915 1900 3984 περικύ-

331 4008 447 4076 κλῳ
482 4007 675 4061 ἐθνῶν.
712 4006 822 4066 Καὶ
864 4006 973 4076 γὰρ
1008 4004 1216 4074 Μωσῆς
1253 4005 1432 4074 πολλῷ
1472 4007 1647 4076 χρόνῳ
1674 4006 1903 4077 ὓττερον

329 4095 600 4164 γεγονὼς,
630 4096 743 4158 τοῖς
777 4094 833 4160 ἐξ
866 4095 1144 4162 Αἰγύπτου
1189 4093 1543 4162 διαφυγοῦσιν
1571 4096 1898 4163 ἐνομοθέτει.

329 4193 393 4241 Ui
445 4190 500 4241 δὲ
539 4189 824 4258 πρόσοικοι
855 4187 1083 4248 τούτων,
1112 4181 1198 4238 οἶα
1249 4187 1663 4256 δεισιδαίμονες,
1711 4189 1809 4259 τὴν
1843 4188 1901 4254 ἐξ

339 4282 571 4351 Ἰσμαὴλ
634 4280 910 4348 πατρικὴν
965 4281 1191 4350 ἀγωγὴν
1241 4279 1591 4348 διέφθειρανυ
1656 4279 1776 4333 καθ’
1833 4281 1902 4352 ἢν

331 4378 504 4443 μόνην
537 4374 586 4425 οῑ
612 4371 670 4438 ἐξ
700 4371 928 4441 ἀρχαίου
963 4370 1208 4441 Ἑϐραῖοι
1238 4369 1634 4435 ἐπολιτεύοντο,
1670 4371 1777 4437 πρὸ
1799 4371 1900 4439 τῆς

328 4448 576 4530 Μιιῖσέοις
603 4465 921 4537 νομοθεσίας
945 4465 1214 4533 ἀγράφοις
1239 4463 1566 4534 κεχρημένοι
1593 4466 1702 4526 τοῖς
1725 4463 1896 4517 ἔθεσι.

328 4564 440 4614 Καὶ
472 4562 638 4623 σέϐας
667 4560 863 4627 ἐπίσης
912 4560 1024 4619 τοῖς
1070 4556 1292 4627 ὁμόροις
1342 4557 1560 4625 ἔνεμον,
1603 4555 1898 4626 παραπλη-

325 4659 459 4717 σίως
506 4654 775 4721 τιμῶντες
820 4651 916 4705 καὶ
967 4649 1327 4718 ὀνομάζοντες
1356 4649 1656 4716 δαίμοναςο
1699 4647 1900 4718 καὶτῷ

325 4747 661 4820 θρησκεύειν
691 4749 801 4808 τοῖς
844 4743 1012 4805 πέλας
1037 4742 1234 4810 ἐπίσης
1266 4742 1451 4810 σαφῶς
1477 4741 1776 4809 ὑπέφαινον
1801 4741 1898 4810 τὴν

323 4842 436 4894 τῶν
465 4835 738 4906 πατρῴων
762 4835 942 4904 νόμων
972 4833 1370 4903 παραποίησιν.
1400 4826 1500 4884 Οἷα
1527 4832 1581 4884 δὲ
1615 4831 1783 4898 φιλεῖ,
1820 4832 1898 4903 τῷ

301 4973 304 4976 .
326 4932 512 5001 πολλῷ
529 4930 708 5000 χρόνῳ
726 4929 794 4980 τά
828 4928 926 4996 μὲν
954 4927 986 4996 ὴ
1013 4926 1153 4995 λήθη
1176 4925 1517 5006 ἀπέκρυπτε,
1541 4925 1608 4975 τὰ
1625 4924 1670 4976 δ’
1698 4925 1898 4994 ἐπρέσ-

324 5029 507 5077 ϐευεν.
542 5016 673 5075 Εἶτα
701 5020 810 5072 τῶν
838 5035 982 5079 τινες
1037 5017 1216 5070 αὐτῶν
1239 5016 1517 5079 Ἰουδαίοις
1573 5017 1896 5085 συγγεγονό-

319 5135 435 5181 τες,
463 5116 589 5169 ὅθεν
620 5114 721 5181 τὴν
758 5113 935 5181 ἀρχὴν
966 5110 1149 5180 ἔσχον,
1184 5110 1619 5174 άνεδιδάσκοντο,
1658 5111 1754 5163 καὶ
1802 5111 1897 5163 ἐπὶ

318 5212 382 5263 τὸ
434 5209 695 5274 συγγενὲς
730 5199 887 5266 αὖθις
939 5202 1267 5272 ἀνέτρεχον,
1321 5204 1414 5255 καὶ
1445 5203 1608 5256 πάλιν
1657 5206 1770 5266 τοῖς
1810 5205 1897 5257 'E-

320 5301 535 5374 ϐραίων
576 5298 723 5351 ἔθεσι
790 5298 887 5350 καὶ
939 5301 1127 5364 νόμοις
1173 5296 1500 5364 ἐχρήσαντο.
1538 5295 1629 5362 Ἐξ
1684 5297 1898 5351 ἐκείνου

317 5396 380 5448 δὲ
422 5393 519 5446 καὶ
569 5391 654 5442 ἔτι
690 5387 877 5458 σχεδὸν
905 5387 953 5438 el
1009 5387 1208 5442 πάντες
1242 5385 1543 5450 Ἰουδαῖκῶς
1592 5387 1777 5450 ζῶσιν.
1818 5391 1892 5441 Οὐ

321 5487 469 5540 πάνυ
507 5483 565 5537 δὲ
595 5483 785 5554 πόρρω
819 5481 919 5550 τῆς
962 5479 1259 5541 Οὐάλεντος
1310 5479 1486 5548 ἀρχῆς
1523 5479 1616 5532 καὶ
1662 5479 1730 5533 τὰ
1763 5481 1893 5550 xm.

323 5576 564 5632 στιανῶν
603 5575 983 5642 ὲτελέσθησαν,
1018 5574 1387 5640 μετασχόντες
1424 5574 1522 5638 τῆς
1558 5573 1704 5630 θείας
1732 5575 1890 5642 χάρι.

321 5688 438 5733 τος,
470 5670 582 5721 τῶν
614 5665 1055 5736 προσοικούντων
1084 5664 1271 5725 αὐτοῖς
1305 5664 1495 5733 ἱερέων
1520 5669 1618 5715 καὶ
1641 5665 1896 5733 άσκητὼν

320 5767 407 5828 εἰς
459 5762 617 5816 τοῦτο
667 5761 732 5830 δὴ
771 5757 1193 5829 ποδηγούντων,
1253 5757 1301 5809 οἲ
1353 5757 1474 5819 ταῖς
1523 5758 1744 5826 ὁμόρου
1787 5759 1894 5810 τῶν

323 5857 576 5928 ἐρημιῶν
619 5853 782 5918 ὁσίως
832 5850 1270 5922 φιλοσοφοῦντες,
1299 5850 1376 5921 τῷ
1408 5851 1589 5915 καλῶς
1620 5851 1770 5922 βιοῦν
1802 5853 1892 5904 καὶ

2012 3729 2228 3782 illorum
2278 3728 2527 3782 instituta
2574 3738 2816 3784 servant.
2864 3727 3020 3794 Quod
3074 3727 3117 3781 si
3148 3742 3255 3780 non
3308 3742 3374 3779 ex
3425 3726 3573 3779 omni

2008 3822 2341 3890 partejuxta
2393 3821 2610 3874 illorum
2656 3822 2796 3874 ritus
2840 3822 3070 3882 vivunt,
3119 3827 3214 3872 aut
3249 3817 3482 3886 tempori
3517 3817 3571 3870 id

2004 3913 2388 3967 ascribendum
2410 3923 2514 3980 est,
2535 3922 2627 3968 aut
2647 3914 3001 3968 finitimorum
3023 3896 3347 3982 pepulerum
3365 3954 3379 3977 ,
3403 3910 3495 3981 qui
3516 3925 3575 3964 se

2003 4005 2086 4060 eis
2142 4005 2523 4069 immiscuere,
2580 4005 2912 4060 confusioni.
2969 4006 3144 4059 Moses
3196 4003 3422 4068 etenim,
3477 4003 3571 4071 qui

2004 4099 2167 4169 longo
2212 4112 2332 4166 post
2380 4110 2622 4168 tempore
2656 4099 2899 4162 exstitit,
2947 4098 3194 4168 profugis
3241 4106 3449 4152 tantum
3502 4111 3572 4149 ex

2005 4193 2239 4264 Egypto
2269 4192 2472 4248 Iudaeis
2505 4194 2649 4263 leges
2679 4193 2850 4246 dedit.
2882 4191 2952 4247 At
2979 4201 3169 4260 gentes
3204 4192 3324 4245 istis
3353 4189 3570 4255 vicintc,

2004 4285 2278 4339 idolorum
2333 4283 2561 4339 addicta:
2616 4285 3031 4354 superstitiOni,
3101 4285 3308 4352 patrios
3371 4297 3564 4338 eorum

2005 4393 2185 4432 mores
2245 4377 2314 4431 ab
2376 4377 2604 4431 lsmaele
2656 4387 2951 4445 acceptos,
3006 4376 3210 4446 quibus
3265 4374 3571 4444 antiquitus

2002 4469 2216 4523 ilebraai
2244 4469 2325 4523 usi
2352 4478 2479 4522 sunt
2506 4478 2630 4522 ante
2656 4468 2813 4522 Mosa:
2837 4469 3016 4537 legum
3049 4467 3566 4536 promulgationem,

2001 4575 2110 4615 non
2161 4561 2369 4636 scripto
2410 4560 2556 4630 jure,
2603 4560 2697 4614 sed
2747 4570 2962 4629 recepta
3008 4569 3220 4613 tantum
3267 4567 3570 4613 consuetu-

2001 4653 2127 4706 dine
2173 4653 2451 4715 viventes,
2501 4666 2841 4720 corrupere:
2884 4651 3250 4720 eumdemque
3281 4652 3362 4704 eis
3406 4665 3566 4720 quem

2001 4746 2130 4814 ipse
2155 4745 2447 4809 haberent,
2471 4745 2757 4814 religionis
2779 4744 2987 4799 cultum
3015 4744 3305 4797 tradidere.
3333 4742 3567 4796 Proinde

2001 4841 2236 4905 lactant,
2302 4848 2361 4893 ut
2408 4839 2484 4892 illi
2532 4839 2742 4908 pariter
2785 4852 2910 4892 cum
2941 4837 3136 4891 vicinis
3179 4837 3424 4906 pepulis,
3454 4835 3568 4890 dae-

1928 4950 1974 5008 D
2001 4948 2191 4988 mones
2220 4940 2276 4986 et
2304 4931 2651 4984 nominarent
2687 4937 2742 4984 et
2781 4930 3026 4984 colerent
3053 4945 3064 4981 :
3098 4937 3261 4997 atque
3293 4925 3565 4996 ejusmodi

1991 5024 2278 5091 depravata
2323 5021 2614 5090 religione,
2648 5027 2834 5088 aperte
2867 5020 3168 5088 patriaruin
3217 5017 3399 5088 legum
3448 5031 3561 5086 prae

1994 5132 2050 5170 se
2118 5116 2331 5170 ferrent
2395 5113 2844 5182 depravationem
2911 5123 2968 5166 et
3039 5113 3568 5180 transgressionem.

1995 5209 2173 5276 Atque
2219 5208 2294 5259 uti
2334 5207 2450 5260 fieri
2483 5207 2655 5270 solet,
2693 5216 2907 5276 tempus
2949 5205 3168 5274 longum
3211 5205 3350 5259 ritus
3397 5221 3572 5274 quos-

1997 5302 2123 5355 dam
2179 5301 2458 5354 oblivione
2518 5300 2874 5368 suppressit:
2934 5297 3202 5368 quosdam
3256 5307 3442 5350 autem
3500 5307 3561 5351 ut

2003 5394 2337 5457 colerentur,
2363 5393 2604 5461 reliquos
2632 5393 2776 5447 fecit.
2804 5392 3008 5446 Deinde
3034 5406 3164 5446 vero
3193 5405 3316 5444 cum
3343 5390 3566 5459 quidam

1999 5501 2066 5540 ex
2100 5486 2181 5540 eis
2217 5501 2338 5539 cum
2365 5484 2567 5539 Judccis
2597 5484 2981 5538 commercium
3025 5482 3322 5544 haberent.
3353 5484 3421 5537 ab
3460 5483 3568 5538 iilis

2008 5579 2154 5633 unde
2177 5581 2282 5631 orti
2306 5589 2511 5641 essent,
2541 5577 2812 5639 didicere,
2843 5584 2898 5629 et
2923 5591 2980 5631 se
3009 5591 3224 5628 rursum
3255 5575 3566 5643 cognationi

2005 5678 2116 5725 Suae
2164 5669 2484 5737 adjunxere,
2535 5667 2886 5719 Hebraeorum
2948 5667 3196 5720 moribus
3245 5673 3303 5718 et
3351 5666 3566 5735 legibus

2003 5757 2183 5812 denuo
2230 5768 2467 5810 utentes.
2515 5757 2691 5824 Atque
2741 5772 2803 5810 ex
2857 5771 2921 5810 eo
2971 5765 3215 5824 tempore
3252 5755 3559 5810 etiamnum

2002 5867 2193 5910 omnes
2219 5850 2329 5905 fere
2358 5849 2583 5904 Judaico
2614 5850 2715 5903 ritu
2748 5850 2956 5903 vivunt.
2984 5848 3183 5903 Verum
3214 5863 3323 5904 non
3362 5848 3434 5904 ita
3463 5848 3560 5904 diu
