4278 6438
739 5447 754 5496 ι

744 435 852 497 739

1959 421 2372 485 NiCEl‘llUiil
2421 418 2763 480 CALLISTI

3877 415 3983 477 τω

739 545 1214 615 Constantinopeli
1249 545 1488 599 versanti
1516 584 1530 608 ,
1573 557 1699 598 cum
1735 542 1918 596 Ariani
1953 544 2021 595 de
2056 541 2310 608 dogmate
2343 558 2384 611 Α
2421 551 2428 563 ·

2289 557 2310 590 e
2343 558 2384 611 Α
2421 536 2510 588 τοῦ
2574 537 2845 602 δόγματος
2897 532 3224 597 διεξιόντων,
3280 530 3728 602 ὑπισχνουμένων
3785 548 3847 584 τε
3879 534 3978 599 τὴν

743 652 844 690 suo
887 637 1254 700 dissererent,
1301 645 1357 688 et
1399 634 1726 702 legationem
1755 647 1815 686 se
1845 632 1892 684 ei
1927 646 1991 684 cx
2035 629 2307 684 sententia

743 729 885 796 apud
920 729 1302 797 imperatorem
1336 726 1685 781 confecturos
1718 740 1862 783 esse.
1895 724 2058 792 210
2087 723 2129 776 si
2165 722 2308 774 idetn

743 834 870 872 eum
920 819 1052 888 ipsis
1099 819 1305 873 sentire
1349 818 1405 872 in
1449 817 1694 870 animum
1742 815 2052 879 induceret,
2087 815 2310 882 pollice-

745 921 958 972 rentur,
1011 912 1243 965 utilitate
1289 927 1353 964 ea
1402 910 1654 975 illectus,
1705 920 1800 963 aut
1840 911 2004 963 etiam
2055 910 2308 972 fortasse,

744 1003 892 1071 quod
935 1003 1132 1057 melius
1161 1019 1282 1057 esse
1307 1043 1323 1067 ,
1370 1003 1416 1056 si
1457 1003 1529 1056 ita
1561 1002 1628 1056 de
1662 1001 1772 1056 Deo
1803 1003 2146 1070 Opinaretur,
2178 1017 2313 1056 cen-

745 1103 912 1156 seret,
944 1108 1066 1145 cum
1104 1092 1321 1145 Arianis
1354 1091 1814 1154 communicavit,
1850 1100 1906 1142 et
1936 1100 2153 1156 gentem
2189 1088 2312 1141 uni-

746 1199 985 1237 versam‘
1026 1185 1094 1235 ab
1153 1182 1387 1236 ecclesia
1452 1181 1746 1234 universali
1812 1181 2056 1233 abduxit.
2117 1178 2310 1233 Gottlti

747 1290 1023 1344 namque,
1057 1275 1202 1344 quod
1239 1277 1355 1343 ipso
1395 1286 1621 1328 auctore
1657 1283 1819 1341 atque
1852 1274 1990 1326 duce
2025 1271 2089 1324 ad
2128 1272 2312 1324 verio-

749 1381 863 1419 rem
906 1367 1160 1434 pietatem
1196 1380 1254 1420 sc
1308 1367 1700 1428 contulissent,
1747 1377 1802 1418 et
1852 1366 1999 1418 illius
2049 1364 2314 1417 beneficio

751 1455 1082 1509 humaniore
1116 1455 1598 1524 ntansuetioreqne
1631 1454 1852 1507 vivendi
1899 1455 2149 1508 instituto
2198 1464 2318 1507 ute-

754 1556 964 1609 rentur,
998 1546 1153 1601 facile
1179 1545 1472 1599 admodum
1493 1546 1544 1598 ei
1577 1546 1865 1614 parebant,
1900 1555 1952 1598 et
1983 1557 2315 1613 quocunque

753 1641 844 1694 ille
898 1641 1162 1702 duceret,
1217 1639 1630 1708 sequebantur:
1667 1639 1803 1691 nihil
1853 1637 1977 1690 mali
2028 1653 2149 1691 esse
2179 1677 2192 1698 ,
2248 1652 2316 1690 ex

749 1732 934 1785 animo
967 1747 1290 1800 persuasum
1321 1731 1604 1793 habentes,
1633 1730 1896 1799 quidquid
1931 1730 2019 1783 ille
2056 1729 2138 1781 vel
2168 1730 2318 1782 dice-

751 1835 854 1887 ret,
889 1827 974 1878 vel
1005 1825 1209 1879 faceret
1237 1842 1248 1876 :
1279 1825 1645 1892 omnibusque
1686 1823 1737 1876 id
1779 1823 1915 1877 adeo
1942 1822 2184 1876 aemulari
2220 1837 2315 1875 vo-

2415 626 2714 695 πρεσϐείαν
2748 624 2975 692 ἐπιτελῆ
3012 623 3080 675 τά
3126 624 3183 684 ἐς
3223 622 3451 692 βασιλέα
3500 621 3789 692 πράττειν,
3827 621 3876 671 εί
3918 624 3987 671 τὰ

2415 718 2507 771 ἶσα
2543 719 2695 787 σφίσι
2743 717 2993 784 δοξάζειν
3041 716 3237 781 ἕλοιτο,
3266 719 3334 787 τῇ
3386 716 3542 784 χρείᾳ
3577 713 3909 777 δελεασθεὶς,
3951 714 3981 780 ἢ

2413 815 2546 874 ἴσως
2597 814 2693 864 καὶ
2720 814 2942 881 ἄμεινον
2988 807 3128 862 εἶναι
3160 809 3305 863 τοῦτ’
3326 807 3531 878 οἰηθεὶς
3569 807 3814 873 δοξάζειν
3858 813 3991 874 περὶ

2413 905 2570 971 Θεοῦ,
2602 905 2881 959 ἐκοινώνει
2925 905 3038 966 τοῖς
3081 904 3210 972 περὶ
3242 903 3486 972 Ἀρειον,
3525 900 3618 953 καὶ
3654 901 3716 952 τὸ
3761 898 3988 968 σύμπαν

2415 996 2584 1064 φῦλον
2613 996 2715 1066 τῆς
2750 996 2983 1050 καθόλου
3010 995 3342 1064 Ἐκκλησίας
3390 993 3593 1048 διίστα.
3635 993 3746 1047 Καὶ
3777 993 3884 1060 γάρ
3927 992 3989 1042 τὸ

2417 1089 2631 1143 Γότθων
2660 1091 2814 1157 γένος
2842 1089 2932 1142 ὑπ’
2959 1089 3156 1156 ἐκείνῳ
3185 1087 3526 1155 καθηγεμόνι
3551 1086 3684 1157 πρὸς
3703 1085 3803 1156 τὴν
3831 1087 3991 1138 εὐσέ-

2415 1183 2569 1235 ϐειαν
2630 1182 3052 1250 μεταϐαλόντες,
3107 1183 3200 1234 καὶ
3254 1181 3323 1232 δι’
3377 1181 3589 1233 ἐκείνου
3653 1179 3989 1249 ἡμερωτέρα

2418 1273 2670 1344 πολιτεία
2699 1276 3058 1345 χρησάμενοι,
3096 1273 3294 1345 ῥᾳδίως
3327 1272 3474 1340 μάλα
3505 1272 3704 1341 ἐκείνῳ
3738 1271 3988 1324 ἐπείθον-

2418 1384 2498 1431 το,
2552 1369 2648 1419 καὶ
2690 1361 2835 1438 ᾗπερ
2884 1367 2952 1420 ἂν
3000 1367 3145 1433 ἄγοι,
3185 1366 3425 1419 εἵποντο’
3465 1365 3633 1434 μηδέν
3681 1381 3736 1417 τι
3784 1363 3989 1427 φαῦλον

2420 1449 2562 1506 εἶναι
2596 1454 2910 1522 νομίζοντες
2940 1455 3005 1505 ἐκ
3032 1452 3235 1522 ψυχῆς,
3267 1454 3295 1505 ὅ
3335 1470 3388 1505 τι
3423 1452 3493 1506 ἂν
3526 1454 3736 1514 ἐκεῖνος
3766 1451 3918 1518 λέγοι
3953 1451 3985 1520 ἢ

2420 1545 2675 1614 πράττοι·
2709 1545 2987 1597 συντελεῖν
3016 1543 3061 1597 δ’
3096 1545 3152 1606 ἐς
3199 1543 3346 1597 ἅπαν
3381 1544 3651 1615 χρήσιμον
3698 1545 3814 1604 τοῖς
3853 1545 3993 1613 ᾑρη-

2423 1637 2607 1706 μένοις
2638 1634 2856 1700 ζηλοῦν.
2909 1637 2984 1689 Οὐ
3046 1635 3153 1706 μὴν
3203 1636 3262 1690 δέ
3313 1636 3449 1690 ἀλλὰ
3479 1640 3572 1690 καὶ
3627 1636 3832 1705 πολλήν
3867 1653 3991 1688 τινα

2421 1729 2618 1796 πεῖραν
2648 1728 2750 1796 τῆς
2774 1729 2990 1781 ἐκείνου
3017 1728 3252 1782 δέδωκεν
3281 1729 3505 1798 ἀρετῆς,
3538 1728 3750 1790 πολλοῖς
3782 1731 3990 1798 ὲγκσρο

2419 1821 2658 1890 τερήσας
2713 1820 2980 1883 κινδύνοις
3043 1820 3183 1890 ύπὶρ
3215 1820 3308 1873 τοῦ
3356 1821 3643 1890 δόγματος,
3681 1821 3872 1891 πρὶιῆ
3927 1821 3989 1873 τὸ

753 1918 987 1970 lentibus
1009 1957 1024 1980 ,
1056 1918 1115 1970 in
1151 1920 1496 1971 commodum
1533 1932 1759 1986 prorsus
1793 1927 1959 1984 atque
2007 1915 2304 1968 utilitatem
2347 1916 2387 1975 Β
2420 1910 2442 1962 ἐ

2303 1957 2304 1962 η
2347 1916 2387 1975 Β
2420 1910 2572 1972 ἐθνος
2619 1914 2697 1974 είς
2731 1913 2790 1962 τὸ
2822 1912 3232 1979 Χριστιανίζειν
3268 1913 3534 1982 μετέϐαλε
3582 1915 3860 1981 κατάκρας
3888 1915 3992 1982 τῆς

750 2024 1042 2063 cessarunt
1067 2025 1189 2063 esse
1222 2012 1572 2064 arbitrantes.
1620 2009 1761 2074 Quin
1794 2009 1959 2085 etiam
1999 2008 2191 2077 ingens
2222 2007 2312 2061 ille

753 2117 998 2170 persape
1045 2103 1264 2156 virtutis
1306 2119 1418 2156 su:e
1473 2102 1724 2156 ediderat
1773 2102 2074 2170 specimen,
2129 2100 2314 2154 multis

749 2191 968 2248 fortiter
991 2210 1090 2263 pro
1113 2194 1422 2248 Christiana
1448 2193 1696 2248 doctrina
1724 2195 1875 2263 prius
1895 2194 2142 2248 toleratis
2166 2194 2312 2262 peri-

750 2282 915 2345 culis,
948 2299 1110 2351 quam
1144 2300 1276 2352 gens
1313 2300 1374 2336 ea
1418 2299 1538 2352 quae
1570 2295 1681 2337 tota
1725 2300 1790 2337 ex
1820 2283 2004 2337 Grzeca
2044 2283 2314 2352 supersti-

755 2377 904 2430 tione
937 2375 1246 2446 pendebat,
1283 2375 1348 2428 ad
1388 2376 1871 2444 Christianismum
1909 2385 1996 2437 est
2026 2390 2310 2430 conversa.

752 2468 972 2522 Primus
1000 2470 1162 2522 etiam
1193 2469 1323 2537 ipsis
1354 2470 1563 2522 litteras
1595 2469 1826 2532 invenit,
1857 2479 1912 2523 et
1943 2483 2123 2522 sacras
2162 2465 2312 2520 Seri-

753 2571 950 2627 pturas
996 2562 1077 2614 eis
1129 2560 1418 2613 translatas
1465 2562 1771 2629 proposuit.
1814 2561 1993 2629 Atque
2037 2559 2312 2628 equidem,

752 2654 1110 2720 quamobrem
1154 2652 1374 2706 Barbari
1413 2653 1656 2720 plerique
1693 2668 1882 2706 omnes
1925 2653 2122 2706 lstrnm
2159 2667 2306 2704 acco-

755 2747 959 2808 lentes,
993 2745 1109 2798 Arii
1155 2746 1348 2815 dogma
1380 2755 1765 2814 sequerentur,
1801 2760 1965 2798 causa
2012 2754 2069 2798 et
2097 2746 2314 2799 occasio

757 2835 871 2891 hac
915 2837 1037 2889 fuit.
1081 2835 1186 2889 Sed
1221 2837 1366 2889 enim
1402 2835 1740 2903 temporibus
1777 2836 1860 2889 eis
1903 2836 2094 2904 ingens
2126 2838 2315 2892 inulti-

757 2923 890 2977 tudo
937 2939 1130 2978 eorum
1175 2923 1282 2992 qui!
1329 2924 1666 2992 Fridigernis
1718 2924 1886 2978 animi
1943 2927 2304 2984 inclinatione

757 3015 1136 3082 sequebantur
1190 3025 1409 3083 partes,
1469 3025 1693 3084 propter
1739 3015 1943 3070 Christi
2001 3032 2200 3071 nomen
2250 3021 2318 3072 ab

757 3105 1129 3160 Athanariclio
1164 3121 1302 3160 caesa
1353 3115 1453 3159 est.
1489 3106 1642 3172 Quod
1679 3122 1914 3175 namque
1959 3107 2207 3178 Ulphilas
2238 3110 2320 3164 eis

755 3197 924 3250 etiam
973 3198 1066 3264 qui
1119 3198 1195 3251 illi
1241 3198 1445 3252 subditi
1498 3207 1700 3261 erant,
1752 3199 2122 3254 Christianam
2157 3201 2318 3256 fidem

759 3289 1041 3355 suscipere
1096 3290 1482 3375 persuaderet,
1535 3290 1690 3346 valde
1741 3290 1793 3344 id
1844 3291 2072 3345 moleste
2120 3292 2320 3359 ferens,
2350 3278 2395 3337 α

763 3379 989 3447 perinde
1023 3389 1186 3446 atque
1230 3381 1390 3448 patrii
1440 3382 1579 3434 ritus
1619 3382 1992 3449 abolereutur,
2039 3383 2326 3452 suppliciis

762 3471 817 3524 in
849 3486 944 3524 eos
967 3471 1261 3538 plurimum
1285 3483 1370 3526 est
1393 3484 1689 3541 grassatus.
1717 3474 1784 3527 Et
1806 3474 2072 3542 quosdam
2100 3475 2322 3543 quidem

761 3571 1077 3625 accusatos,
1127 3561 1273 3630 quod
1327 3562 1545 3628 publice
1589 3561 2077 3616 Christianismum
2130 3567 2325 3633 dogma

760 3668 885 3707 cum
918 3668 1109 3720 magna
1136 3652 1386 3707 libertate
1417 3652 1798 3718 defenderent,
1833 3653 1976 3707 inter
2007 3669 2147 3723 quos
2181 3670 2325 3711 unus

759 3743 925 3797 etiam
948 3755 1067 3797 erat
1087 3744 1436 3798 admirandus
1461 3745 1553 3798 ille
1583 3745 1802 3799 Niectas
1828 3763 1840 3798 :
1865 3746 2002 3798 alios
2033 3756 2214 3800 autem
2258 3763 2326 3801 ne

763 3835 1070 3904 appellatos
1096 3836 1338 3905 quidem,
1371 3837 1598 3890 occidit.
1629 3837 1844 3890 Diritur
1866 3839 2014 3892 enim
2047 3839 2324 3908 sculptum

761 3924 1034 3992 quoddam
1084 3925 1437 3979 simulacrum
1487 3926 1540 3980 in
1584 3942 1750 3980 curru
1799 3927 2123 3992 collocasse,
2168 3938 2333 3998 atque

766 4021 821 4074 id
869 4038 967 4090 per
1003 4022 1351 4077 tabernacula
1401 4039 1591 4076 eorum
1642 4023 1732 4092 qui
1775 4023 2059 4079 Christum
2108 4026 2333 4094 profite-

768 4123 980 4177 rentur,
1015 4113 1236 4176 ducere,
1268 4115 1428 4183 eique
1459 4115 1617 4168 simul
1653 4125 1708 4168 et
1740 4115 2052 4171 sacriﬁcare
2073 4155 2089 4180 ,
2117 4126 2174 4170 et
2203 4119 2333 4170 ado-

769 4205 1000 4258 t'atiouis
1026 4205 1388 4259 reverentiam
1419 4207 1683 4261 exhibere
1711 4225 1723 4259 :
1757 4207 1848 4276 qui
1895 4222 2025 4262 vero
2070 4208 2122 4262 id
2148 4209 2330 4264 facere

770 4297 1115 4358 uoluissent,
1160 4311 1256 4350 eos
1301 4311 1406 4350 una
1438 4313 1559 4351 cum
1605 4298 1972 4353 tabernaculis
2002 4302 2330 4357 comburere

759 4389 1017 4458 jussisse.
1059 4389 1172 4442 lino
1213 4389 1314 4442 hoc
1352 4390 1516 4443 etiam
1554 4390 1712 4460 longe
1745 4392 1901 4459 pejus
1931 4403 1986 4447 et
2026 4393 2330 4447 mirabilius

766 4483 919 4538 aliud
953 4483 1153 4537 factum
1202 4500 1322 4538 esse
1349 4485 1472 4553 legi.
1507 4484 1660 4538 Multi
1707 4484 1976 4553 siquidem
2018 4501 2212 4538 eorum
2253 4485 2331 4549 vi,

2431 2001 2750 2071 Ἑλληνικῆς
2782 2001 3094 2070 ἐξημμένον
3125 2002 3444 2072 θρησκείας.
3472 2005 3576 2055 Καὶ
3604 2005 3908 2073 γράμματα
3941 2005 3989 2056 δ’

2420 2092 2650 2162 ἐφεῦρεν
2672 2095 2856 2156 αὐτοῖς
2888 2093 3120 2162 πρῶτος,
3146 2096 3240 2146 καὶ
3269 2096 3364 2156 τὰς
3394 2096 3541 2152 θείας
3575 2097 3791 2165 Γραφάς
3819 2113 3986 2164 μετα-

2420 2187 2636 2254 φράσας
2693 2187 2874 2248 αὐτοῖς
2930 2187 3330 2256 παραδέδωκεν.
3388 2188 3572 2240 Αἴτιον
3632 2189 3732 2255 μὲν
3779 2187 3872 2240 οῦν
3913 2189 3990 2251 ὡς

2421 2278 2624 2331 ἐπίπαν
2668 2281 2781 2340 τοῖς
2812 2280 2942 2347 περὶ
2970 2279 3058 2332 τὸν
3091 2279 3299 2349 Ἴστρον
3339 2280 3639 2350 βαρϐάροις
3672 2284 3738 2334 τά
3774 2281 3990 2350 Ἀρείου

2421 2374 2663 2439 φρονεῖν.
2697 2374 2792 2426 καὶ
2842 2374 3115 2442 πρόφασις
3144 2374 3239 2443 ἥδε
3270 2375 3512 2441 ἐγένετο·
3538 2378 3748 2445 καιροῖς
3777 2377 3820 2427 δ’
3850 2379 3992 2427 ἐκεί-

2423 2479 2535 2523 νοις
2564 2464 2655 2515 ὑπ’
2683 2463 3043 2534 ’Δθαναρίχου
3091 2464 3225 2518 πολύ
3258 2483 3312 2518 τι
3359 2465 3564 2534 πλῆθος
3614 2465 3702 2518 διὰ
3755 2466 3994 2537 Χριστὸν

2423 2555 2700 2626 ἀνῃρεῖτο,
2732 2557 3040 2625 Φιρτιγένει
3089 2558 3506 2626 προσκείμενον.
3542 2559 3652 2611 Καὶ
3697 2558 3804 2624 γὰρ
3854 2556 3991 2608 υῦλ-

2425 2650 2556 2718 φίλα
2584 2649 2884 2716 πείθοντος,
2917 2653 3010 2704 καὶ
3039 2653 3167 2715 τοὺς
3197 2652 3288 2705 ὑπ’
3316 2654 3524 2704 ἐκεῖνον
3549 2651 3618 2702 τὰ
3644 2650 3994 2718 Χριστιανῶν

2423 2741 2787 2807 ἀσπάζεσθαι,
2819 2743 3166 2814 χαλεπαίνων
3195 2745 3426 2814 σφόδρα,
3447 2744 3541 2797 άτε
3572 2743 3706 2812 δῆτα
3740 2742 3849 2794 τῶν
3883 2760 3997 2794 πα-

2423 2836 2590 2905 τρίων
2627 2836 3046 2905 ἀφανιζομένων
3096 2836 3254 2902 ἐθῶν,
3309 2839 3577 2904 τιμωρεῖν
3635 2839 3694 2897 ἐς
3741 2835 3997 2887 πλεῖστον

2424 2925 2685 2978 ἐπέϐαλε·
2719 2928 2832 2989 τοῖς
2887 2925 2988 2996 μὲν
3021 2926 3255 2995 εὐθύνην
3300 2927 3609 2995 προσάψας,
3650 2927 3726 2988 ὡς
3757 2926 3998 2996 δημοσίᾳ

2427 3018 2994 3088 παρῤησιασαμένους
3038 3019 3247 3071 ἀνεῖλεν
3283 3018 3424 3086 ὑπὲρ
3468 3017 3559 3069 τοῦ
3591 3019 3884 3086 δόγματος·
3919 3017 3996 3072 ὧν

2426 3106 2508 3172 εἷς
2533 3112 2626 3162 καὶ
2655 3111 2684 3162 ὁ
2716 3109 3034 3180 θαυμαστὸς
3074 3113 3317 3182 Νικήτας
3359 3112 3678 3181 ἐτύγχανεν·
3706 3112 3905 3176 ἄλλους
3941 3114 4000 3167 δέ

2428 3204 2525 3254 καὶ
2554 3202 2726 3270 λόγων
2773 3204 2901 3258 ἄνευ
2948 3202 3242 3274 διέφθειρε.
3276 3205 3383 3256 Καὶ
3409 3205 3518 3272 γὰρ
3563 3206 3779 3271 λέγεται
3809 3207 4002 3272 ξόανόν

2427 3312 2478 3347 τι
2508 3296 3079 3362 κατασκευασάμενον,
3115 3296 3201 3363 ἐφ’
3243 3298 3578 3367 ἁρμαμάξης
3626 3300 3860 3366 στῆσαι·
3897 3301 3999 3353 καὶ

2427 3383 2573 3437 τοῦτ’
2602 3385 2821 3437 ἐκέλευε
2855 3387 2996 3438 κατὰ
3027 3390 3232 3456 σκηνὴν
3267 3390 3554 3458 περιάγειν
3583 3390 3689 3442 τῶν
3720 3391 4000 3457 ἠγγελμέ-

2428 3497 2534 3531 νων
2555 3478 2984 3548 Χριστιανίζειν,
3013 3482 3105 3533 καὶ
3136 3481 3308 3550 τούτῳ
3344 3482 3570 3547 πείθειν,
3605 3483 3754 3536 Θύειν
3788 3501 3848 3535 τε
3881 3486 3998 3550 άμα

2429 3570 2521 3622 καὶ
2549 3574 2877 3638 προσκυνεῖν
2897 3586 2911 3600 ⁸
2941 3571 2996 3623 αἱ
3041 3571 3099 3623 δέ
3135 3571 3208 3640 μὴ
3238 3573 3382 3624 τοῦθ’
3412 3573 3652 3644 αἱροῖντο
3678 3575 3873 3639 ποιεῖν,
3902 3576 4004 3644 ἅμ’

2429 3663 2621 3725 αὑταῖς
2670 3665 3069 3732 καταπιμπρᾷν
3110 3666 3228 3725 ταῖς
3284 3667 3531 3732 σκηναῖςο
3562 3669 3653 3716 καὶ
3684 3664 3814 3717 ἄλλο
3853 3666 3912 3718 δέ
3949 3683 4003 3718 τι

2427 3756 2619 3807 τούτου
2663 3754 2843 3822 πολλῷ
2901 3757 3084 3824 χεῖρον
3139 3758 3236 3808 καὶ
3294 3758 3762 3827 περιπαθέστερον
3801 3759 4003 3824 ’ἐγνων

2430 3845 2746 3913 γενόμενον.
2780 3846 2975 3903 Πολλοὶ
3017 3845 3123 3915 γὰρ
3152 3849 3217 3915 τῇ
3270 3847 3361 3917 βίᾳ
3403 3847 3514 3900 τῶν
3553 3846 3703 3901 θύειν
3739 3865 4007 3902 κατεπειο

2429 3935 2633 4000 γόντων
2665 3937 3100 4005 ἠναγκασμένοι,
3130 3937 3231 3989 οὐκ
3264 3939 3455 4006 ἄνδρες
3500 3941 3683 4007 μόνον,
3720 3940 3858 3993 ἀλλὰ
3905 3945 4003 3997 καὶ

2428 4028 2715 4092 γυναῖκες,
2748 4020 2822 4078 ὧν
2850 4028 2902 4080 αί
2934 4025 3035 4094 μὲν
3062 4028 3188 4094 ἄρτι
3222 4027 3551 4098 γεννηθέντα
3581 4029 3756 4100 βρέφη
3791 4032 4006 4100 ἐπιμαν

2435 4117 2610 4169 στίδια
2645 4119 2996 4188 περιέφερον,
3031 4120 3086 4171 αί
3116 4119 3173 4172 δέ
3200 4120 3368 4189 νήπια
3397 4121 3491 4174 καὶ
3521 4122 3780 4192 παιδάρια
3806 4127 4011 4192 μικρὸν

2432 4208 2756 4278 βηματίζειν
2782 4208 3186 4277 δυνάμενα,ἐπὶ
3215 4209 3316 4280 τὴν
3338 4213 3542 4281 σκηνὴν
3571 4213 3672 4281 τῆς
3700 4215 4005 4282 ἐκκλησίας

2431 4300 2757 4369 κατέφυγον.
2817 4300 2937 4353 Τῶν
2996 4301 3042 4353 δ’
3098 4301 3458 4371 Ἑλληνιστῶν
3517 4306 3627 4374 πῦρ
3680 4308 4008 4376 ἐπαφέντων

2431 4393 2685 4457 ἐκείνοις,
2716 4394 2796 4455 είς
2844 4394 3052 4463 τέφραν
3079 4393 3415 4465 διέφθειραν.
3448 4398 3662 4467 Μικρὸν
3699 4399 3747 4451 δ’
3768 4403 3896 4453 ὅσον
3927 4393 4012 4465 aii

2432 4485 2687 4552 ὁμόνοιαν
2721 4484 2790 4537 τὰ
2839 4486 2964 4554 διχῆ
3014 4485 3354 4555 διαιρεθέντα
3400 4490 3509 4542 τῶν
3561 4491 3775 4545 Γότθων
3817 4489 4006 4563 ἦλθον.

767 4574 866 4641 qui
921 4573 1040 4637 eis,
1106 4582 1164 4626 ut
1220 4574 1632 4639 sacriﬁcarent,
1683 4576 1983 4631 crudeliter
2034 4577 2330 4642 instabant,
2361 4578 2456 4659 υ(

2320 4619 2330 4642 ,
2361 4602 2411 4659 υ
2437 4578 2640 4646 Θράσει
2668 4577 2725 4629 δὲ
2756 4576 2936 4646 πολλῷ
2964 4578 3057 4630 καὶ
3082 4579 3306 4650 ἀμέτρῳ
3336 4583 3633 4650 ἐπηρμένοι
3658 4589 3721 4654 τῇ
3749 4587 4009 4660 ἀπονοίᾳ,

769 4664 969 4730 coacti,
1015 4680 1122 4718 non
1171 4663 1272 4718 viri
1319 4666 1502 4732 modo,
1547 4668 1642 4720 sed
1686 4679 1743 4720 et
1789 4669 2070 4730 mulieres,
2100 4684 2332 4736 quarum

768 4758 893 4810 alia:
941 4772 1134 4811 recens
1180 4769 1337 4812 natos
1386 4758 1528 4812 fetus
1575 4760 1641 4811 ab
1670 4760 1926 4812 uberibus
1954 4760 2332 4827 dependentes

770 4849 1258 4916 circumferebant,
1299 4853 1416 4904 aiia:
1473 4853 1706 4905 infantes
1751 4861 1806 4905 et
1851 4867 2050 4919 pnesos
2096 4852 2186 4919 qui
2232 4853 2333 4905 ali-

771 4941 1100 5008 quantulum
1128 4943 1330 5009 gradiri
1366 4953 1421 4995 et
1453 4943 1618 5006 veluti
1653 4936 1886 5010 pedibus
1918 4953 2117 4994 terram
2155 4944 2332 4996 metiri

774 5045 1015 5100 possent,
1054 5035 1360 5098 trahebant,
1392 5035 1445 5087 in
1481 5036 1727 5089 ecclesia:
1761 5037 2168 5088 tabernaculum
2201 5053 2332 5089 can-

773 5124 1043 5189 l'ngeruut.
1076 5124 1232 5192 211
1271 5125 1373 5178 Eos
1401 5140 1530 5178 vero
1555 5126 1722 5180 (ἔτωοί
1756 5127 2057 5181 idololatra:
2089 5128 2163 5181 ibi
2200 5140 2334 5183 tem-

773 5213 862 5281 plo
899 5215 1119 5267 incenso
1162 5217 1216 5269 in
1265 5218 1503 5269 cinerem
1552 5218 1900 5284 redegerunt.
1949 5219 2064 5272 Non
2103 5220 2329 5272 multum

773 5305 1087 5360 intercessit
1145 5309 1447 5375 temporis,
1507 5325 1629 5361 cum
1690 5309 2019 5364 dissidentes
2079 5312 2221 5364 inter
2276 5328 2333 5365 se

773 5398 1103 5453 Gottliorum
1157 5403 1457 5467 factiones,
1514 5405 1566 5457 in
1616 5406 1845 5471 gratiam
1886 5418 1942 5460 et
1981 5409 2330 5460 concordiam

773 5493 982 5544 rediere
1011 5511 1024 5546 :
1051 5505 1215 5562 atque
1244 5496 1449 5562 ingenti
1483 5496 1810 5549 conﬁdentia
1842 5510 1896 5550 et
1926 5499 2192 5555 immensn
2238 5500 2333 5553 (ie-

771 5585 975 5636 nentia
1007 5586 1231 5646 sublati,
1268 5586 1508 5641 Thraces
1541 5589 1675 5640 male
1702 5589 2034 5657 acceperunt
2061 5607 2074 5642 :
2105 5590 2334 5657 oppida-

769 5690 882 5741 que
912 5687 964 5727 et
1004 5677 1156 5729 viros
1184 5691 1586 5745 perenrrentes,
1615 5679 1999 5733 crudelissime
2027 5689 2330 5768 vastarunt.

766 5765 920 5830 Quod
951 5768 1040 5821 ubi
1066 5769 1262 5823 Valens
1292 5771 1594 5826 Antiochia:
1622 5771 1803 5824 adhuc
1831 5771 2033 5839 degens
2060 5765 2331 5839 cognovit,

775 5869 887 5912 tum
918 5858 1138 5914 demunt
1187 5865 1526 5932 experientia
1580 5865 1839 5931 magistra
1875 5863 1953 5936 (l)
1993 5864 2197 5918 erroris
2246 5863 2332 5918 sui

910 5970 985 6041 (Ι)
1011 5973 1314 6029 Stul!mum
1347 5973 1628 6041 magister,
1670 5983 1916 6026 eventus.
1960 5972 2127 6044 (μίν.)

2436 4667 2657 4736 Θρᾷκας
2687 4665 2872 4726 κακῶς
2900 4667 3143 4719 ἐποίουν·
3171 4671 3267 4720 καὶ
3299 4669 3482 4732 πόλεις
3510 4671 3604 4723 καὶ
3640 4673 3833 4743 κώμας
3874 4681 4016 4730 ταύ-

2436 4776 2536 4827 της
2571 4759 2810 4828 ἐπῄεσαν
2862 4759 3112 4829 δῃοῦντες
3163 4764 3216 4819 ἐς
3265 4762 3522 4830 μάλισταο
3553 4765 3582 4817 ὃ
3626 4766 3757 4833 δῆτα
3816 4769 4016 4837 μαθὼν

2438 4853 2651 4919 Οὐάλης
2683 4852 2763 4903 ἐτι
2793 4851 3084 4920 διατρίϐων
3123 4853 3264 4906 κατὰ
3299 4855 3396 4922 τὴν
3427 4855 3778 4927 ’Λντ.όχειαν,
3810 4863 3871 4912 τὸ
3908 4882 4015 4915 κα-

2438 4945 2537 4995 κδν
2573 4948 2638 5012 τῇ
2690 4943 2851 5013 πείρα
2887 4945 3157 5012 ἐμάνθανε
3191 4947 3285 5014 τῆς
3318 4949 3673 5018 διαμαρτίας.
3705 4954 3865 5022 ’ῼετο
3901 4959 4016 5026 γάρ

2436 5036 2588 5104 αύτῷ
2632 5037 2904 5106 χρήσιμον
2957 5037 3049 5089 καὶ
3099 5041 3162 5106 τῇ
3215 5040 3494 5110 ἀρχομένη
3545 5037 3684 5094 εἶναι
3735 5043 3795 5095 τὸ
3833 5045 4016 5102 £820.-

2439 5129 2837 5195 καταπλήττειν
2887 5127 2942 5179 δὲ
2975 5129 3069 5180 καὶ
3116 5130 3244 5190 τοὺς
3298 5132 3577 5195 ἐναντίους
3622 5135 3896 5200 ἐντεῦθεν,
3936 5141 4013 5200 ὡς

2435 5217 2523 5268 ἀεὶ
2570 5218 2701 5288 πρδς
2746 5216 2885 5268 ὅπλα
2923 5218 3018 5270 καὶ
3073 5220 3254 5287 μάχας
3309 5223 3732 5291 ἐσκευασμένον.
3769 5225 3936 5279 Οὕτω
3969 5230 4014 5281 δ’

2437 5314 2754 5379 ἐπισφαλῶς
2810 5314 3068 5378 δοξάζων,
3127 5316 3236 5367 τῶν
3293 5317 3510 5370 οἰκείων
3575 5325 4014 5390 στρατευμάτων

2434 5407 2648 5474 ἡμέλει·
2687 5407 2780 5458 καὶ
2813 5406 2932 5458 ἀντὶ
2969 5405 3062 5458 τοῦ
3101 5407 3298 5460 διδόναι
3337 5410 3540 5476 μᾶλλον
3582 5413 3762 5474 αὐτοῖς
3801 5417 3896 5466 καὶ
3935 5422 4012 5481 είς

2439 5498 2729 5565 στρατείαν
2787 5497 3157 5565 ἐπιλέγεσθαι,
3212 5503 3276 5551 ἐκ
3315 5501 3518 5553 τούτων
3574 5504 3812 5569 μάλιστα
3862 5512 4012 5566 εἰσέ-

2437 5606 2642 5657 πραττε
2676 5591 2734 5640 τὸ
2765 5592 3008 5657 χρυσίιν,
3033 5592 3361 5657 ὀγδοήκοντα
3395 5597 3683 5660 χρυσίνους
3714 5599 3856 5668 ὑπὲρ
3883 5603 3988 5655 ἑκά

2439 5698 2563 5732 στου
2593 5681 2789 5732 Γὸτθου
2812 5683 2936 5743 τοὺς
2964 5685 3315 5743 συντελεστᾶς
3346 5685 3700 5739 ἀπαιτεῖσθαι
3724 5693 4016 5755 κελεύεις·

2437 5769 2465 5821 ὃ
2494 5770 2557 5839 δὴ
2604 5770 2698 5821 καὶ
2746 5770 2889 5838 ἁρχὴ
2941 5773 3126 5836 γέγονε
3161 5770 3255 5827 τοῦ
3296 5775 3600 5840 τηνικαῦτα
3637 5782 3772 5846 πρὸς
3817 5785 4018 5850 χαιρξλ,

2436 5862 2772 5931 δυστυχῆπιι
2821 5861 2916 5932 τὴν
2957 5863 3243 5931 Ῥωμαίων
3283 5863 3478 5934 ἀρχὴν.
3529 5866 3768 5936 Πάμτταν
3810 5871 3862 5921 ἐξ
3919 5877 4008 5936 τίς
