4278 6438
238 422 344 487 749

1151 405 1742 473 ECCLESIASTICAS
1785 404 2161 463 lllS’l‘URl/E
2199 402 2344 462 LIB.
2388 400 2519 462 XII.

3343 396 3447 461 ’150

238 530 583 604 πραγμάτοιν
627 529 816 589 ὄντων,
852 526 1043 595 ὄφελος
1072 526 1173 578 οὐκ
1234 525 1513 590 ἐλάχιστον
1556 519 1803 587 ἐγένοντο
1830 533 1875 586 Α
1910 529 1927 568 ι

1761 533 1803 570 ιο
1830 533 1875 586 Α
1910 529 1999 568 res
2034 515 2086 568 in
2117 512 2435 568 discrimine
2451 520 2616 571 esset.
2651 524 2759 563 non
2791 523 2980 578 parum
3015 507 3135 577 opis
3157 505 3450 561 auxiliares

236 628 287 680 οί
315 624 421 677 ἀπὸ
445 622 665 684 ἣίαυτας
691 618 1033 688 πεμφθέντες
1059 615 1336 685 σύμμαχοι
1366 618 1426 667 ἑκ
1450 610 1801 680 Σαρακηνῶν.

1908 602 2078 672 copia:
2114 601 2557 664 Sarracenorum,
2584 613 2718 667 quas
2755 595 2923 652 Mavia
2959 597 3203 654 miserat.
3260 595 3451 649 tulere.

240 715 435 771 Πολλοὶ
473 713 532 767 δὲ
566 713 660 766 καὶ
698 686 897 764 τών-ὲκ
927 708 1019 764 τοῦ
1042 709 1215 777 δήμου
1252 704 1429 776 μισθῷ
1478 701 1647 773 ῥητῷ,
1714 703 1807 751 Δο-
1909 692 1929 746 1

1764 717 1807 751 ι-
1909 691 2233 747 Multietiam
2261 707 2291 746 e
2314 689 2535 761 populo,
2558 688 2831 758 stipendio
2862 703 2890 741 a
2919 686 3195 741 Dominica
3225 686 3324 755 (l),
3358 686 3453 738 Va-

239 808 441 880 μνίκης
470 804 813 878 χορὴγούσης
862 803 962 869 τῆς
994 800 1292 862 Οὐάλεντος
1347 794 1625 865 γυναικδ;,
1676 791 1810 844 ικα-

238 920 367 969 στος
402 908 465 957 τὸ
500 901 808 971 προστυχὸν
842 897 1006 950 ὅπλον
1041 894 1376 965 ποιούμενοι,
1410 886 1810 958 ἀντεπεξῄεσαν

235 998 353 1058 τοῖς
378 994 701 1065 βαρϐάροις,
736 988 1001 1058 γενναίως
1032 1006 1087 1041 τε
1110 986 1464 1056 ἀμυνόμενοι,
1492 983 1589 1051 τῆς
1604 982 1812 1043 πόλεως

239 1085 579 1155 πορρωτέρω
594 1080 901 1149 ἀπήλασαν.
932 1077 1225 1148 Γρατιανὸς
1242 1075 1321 1137 δὲ,
1341 1074 1369 1126 δ
1384 1070 1695 1141 ἀδελφιδοῦς
1713 1070 1813 1139 μὶν

239 1178 569 1239 Οὐάλεντος,
593 1176 724 1236 παῖς
758 1174 812 1227 δὲ
835 1165 1306 1229 Οὐαλεντινιανοῦ,
1328 1165 1540 1229 σύναιια
1569 1159 1814 1229 τάδελφῷ

241 1270 325 1340 τῷ
374 1268 483 1337 νέῳ
538 1265 742 1335 δηλαδὴ
807 1258 1258 1327 Οὐαλεντινιανῷ,
1310 1258 1488 1311 πᾶσαν
1525 1256 1624 1322 τὴν
1682 1252 1817 1307 Ῥωο

249 1360 430 1430 μαίων
447 1358 625 1429 ἀρχὴν
654 1358 743 1425 ὐφ’
759 1355 954 1410 ἑαυτὸν
975 1354 1206 1405 ἰποιείτο
1225 1367 1240 1381 ·
1262 1350 1353 1402 καὶ
1377 1349 1484 1417 γὰρ
1508 1346 1677 1399 πάλαι
1716 1343 1816 1412 μὲν

236 1452 339 1519 τὴν
371 1450 471 1517 τῆς
500 1448 774 1518 Εὐρώπης
810 1444 983 1514 ἀρχὴν
1030 1439 1325 1509 ἐκληροῦτο
1383 1438 1519 1507 μετὰ
1563 1435 1816 1504 τελευτὴν

236 1544 334 1597 τοῦ
357 1543 563 1613 πατρός
592 1556 607 1572 ’
652 1543 745 1594 καὶ
763 1537 868 1598 ἕως
898 1535 980 1587 ἔτι
1003 1534 1198 1603 περιῆν
1237 1532 1463 1594 ἐκεῖνος,
1493 1529 1592 1596 τῆς
1638 1526 1816 1599 ἀρχῆς

239 1632 557 1686 ἐκοινώνει*
584 1629 679 1682 νῦν
716 1628 773 1682 δὲ
811 1628 903 1679 καὶ
941 1625 1039 1695 τὴν
1102 1622 1287 1677 Ἀσίαν
1343 1622 1563 1674 ἃπασαν
1611 1622 1703 1672 καὶ
1750 1618 1816 1671 τὰ

238 1722 539 1790 λειπόμενα
567 1718 907 1787 προσεκτάτο
937 1714 1164 1782 Λιῢύης.
1187 1710 1410 1773 ἄπαιδος
1441 1709 1817 1779 ἀναιρεθέντος

1910 783 2072 841 lentis
2093 783 2341 852 conjuge,
2374 780 2671 836 constituto
2726 778 3002 842 conducti,
3063 780 3295 848 arreptis
3341 794 3463 847 quae

1915 884 2028 928 tum
2054 882 2267 941 tempus
2296 872 2566 929 oll‘erebat
2593 873 2778 936 armis,
2809 870 3061 925 barbaris
3076 871 3290 924 obviam
3315 872 3461 925 iere:

1915 979 2116 1032 eosque
2147 962 2362 1017 l‘ortiter
2413 964 2738 1019 dimicantes
2768 961 2986 1030 longius
3039 959 3107 1013 ab
3148 959 3285 1014 urbe
3340 976 3466 1028 prn-

1917 1055 2127 1124 pulere.
2160 1052 2455 1109 Gratianus
2507 1062 2689 1107 autem
2728 1049 2971 1106 Valentis
3016 1049 3237 1120 quidem
3286 1050 3470 1102 fratris

1919 1147 2081 1211 ﬁlius,
2118 1146 2483 1202 Valentiniani
2508 1161 2636 1200 vero
2691 1144 2897 1215 proles,
2952 1158 3061 1196 una
3122 1156 3246 1196 cum
3305 1141 3471 1196 fratre

1916 1236 2301 1294 Valentiniano
2351 1237 2589 1307 juniore,
2627 1238 2795 1291 totius
2852 1234 3081 1290 Romani
3136 1233 3352 1302 imperii
3385 1234 3476 1285 ad-

1918 1329 2373 1385 ministrationem
2404 1328 2662 1397 suscepit.
2694 1327 2912 1381 Dudum
2945 1340 3181 1394 namque
3210 1333 3331 1393 post
3379 1338 3477 1392 pa-

1918 1423 2019 1477 tris
2058 1432 2286 1475 mortem
2320 1419 2550 1489 Europa:
2601 1419 2890 1489 imperium
2918 1417 3267 1471 obtinuerat:
3305 1430 3477 1484 eoque

1918 1513 2235 1583 superstite,
2272 1512 2485 1580 imperii
2512 1512 2693 1566 socius
2727 1511 2925 1565 fuerat.
2963 1509 3100 1563 ’l‘um
3133 1517 3315 1563 autem
3352 1508 3477 1560 Asia

1920 1606 2118 1668 omnis,
2146 1615 2201 1659 et
2226 1603 2494 1674 quidquid
2525 1613 2811 1674 supererat
2837 1601 3038 1672 Libyae.
3079 1607 3223 1670 quod
3280 1598 3480 1653 Valens

1920 1696 2126 1765 absque
2150 1695 2342 1751 liberis
2359 1698 2707 1761 decessisset,
2738 1697 2789 1749 in
2828 1704 3149 1764 potestatem
3172 1693 3289 1763 ejus
3310 1701 3476 1745 Vellll.

239 1785 567 1867 Οὐάλεντος,
609 1785 711 1857 Καὶ
746 1804 810 1874 δὴ
846 1803 1038 1872 θρηνεί
1086 1800 1185 1868 μὲν
1214 1800 1305 1851 τὸν
1349 1798 1492 1851 θεῖον
1521 1813 1534 1828 ο
1587 1797 1819 1867 ἐκόψατο
1856 1870 1881 1874 _
1921 1795 1928 1854 1

1792 1813 1819 1848 ο
1921 1786 2081 1856 223
2116 1787 2180 1840 Et
2220 1788 2466 1842 quitille
2493 1787 2713 1857 quidem
2752 1799 3032 1856 patruum,
3082 1785 3481 1853 imperiumque

237 1902 296 1953 δὲ
326 1901 427 1968 τὴν
464 1896 754 1964 Ῥωμαίων
798 1870 989 1963 Ἰάρχῆν
1047 1891 1189 1943 οὕτω
1247 1888 1428 1951 κακῶς
1494 1887 1816 1959 δῃουμένην.
1854 1870 1891 1922 Β
1924 1876 1926 1925 Ϊ

1791 1902 1816 1937 ι,
1854 1870 1891 1922 Β
1924 1874 2229 1929 Romanum
2258 1876 2330 1929 ita
2359 1885 2628 1931 vastatum
2660 1892 2783 1931 esse
2820 1875 2990 1930 ﬂevit.
3012 1874 3254 1930 Consilio
3300 1886 3480 1929 autem

239 1990 617 2059 Μεμψάμενος
651 1988 706 2042 δὲ
733 1988 828 2040 καὶ
869 1987 968 2055 τὴν
1028 1984 1251 2052 γνώμην
1305 1982 1535 2045 ἐκείνου,
1589 1979 1658 2048 ἢν
1707 1978 1817 2030 διε-

240 2082 462 2135 τέλεσεν
490 2079 625 2148 Εχων
652 2079 776 2147 περὶ
804 2078 929 2137 τοὺς
978 2074 1149 2137 ἄλλως
1188 2074 1219 2143 ἢ
1275 2074 1351 2136 ὠς
1401 2071 1594 2140 ἐκείνῳ
1646 2069 1819 2121 ἐδόκει

241 2172 591 2236 δοξάζοντας,
648 2170 799 2238 νόμῳ
855 2168 1106 2219 ἐκέλευεν
1164 2165 1238 2228 ώς
1295 2164 1510 2231 ἑκάστῳ
1566 2160 1819 2232 βούλησις

243 2261 388 2321 ἐστι,
436 2260 784 2328 θρησκεύειν,
846 2257 939 2309 καὶ
1001 2256 1169 2316 ἀδεῶς
1223 2255 1368 2322 μάλα
1415 2252 1816 2323 ἐκκλησιάζειν,

247 2352 392 2419 πλὴν
422 2352 529 2401 τῶν
559 2350 763 2401 ὃσοιτὰ
786 2346 1092 2414 Μανιχαίου
1148 2345 1241 2397 καὶ
1280 2342 1546 2396 Φωτεινοῦ
1584 2343 1677 2394 καὶ
1722 2339 1820 2391 Εὐ-

245 2443 438 2508 νομίου
469 2442 730 2509 ἐφρόνουν
772 2455 785 2465 ·
824 2439 1047 2497 καὶτοῖς
1070 2436 1173 2487 ὑπὸ
1196 2433 1494 2492 Οὐάλεντος
1524 2430 1819 2484 καταδικα-

246 2535 425 2587 σθεῖσι
472 2532 581 2584 τῶν
645 2531 965 2581 ἐπισκόπων
1018 2528 1195 2594 φυγὴν
1251 2525 1521 2591 ἐπέτρεπε
1574 2520 1819 2573 κάθοδον.

248 2624 485 2674 Ἔπειτα
513 2618 744 2672 συνιδὼν
776 2617 911 2687 πρὸς
938 2618 999 2668 τὸ
1020 2617 1117 2682 τῆς
1152 2613 1423 2681 τοσαύτης
1451 2609 1625 2680 ἀρχῆς
1661 2610 1821 2676 μέγεο

244 2713 362 2775 θος,
393 2714 488 2764 καὶ
516 2712 588 2771 ώς
615 2711 665 2762 οί
706 2710 846 2777 ἀμφὶ
874 2709 963 2759 τὸν
993 2708 1206 2773 Ἴστρον
1264 2703 1527 2771 βάρϐαροι
1581 2701 1679 2770 τὴν
1721 2701 1820 2753 ⁸1).-

244 2801 441 2870 λυρίδα
465 2803 561 2853 καὶ
589 2801 685 2869 τὴν
715 2800 941 2870 Θρᾴκην
991 2796 1249 2869 δῃοῦντες
1312 2796 1409 2846 οὐκ
1461 2793 1673 2862 ἔληγον,
1732 2795 1821 2846 ναὶ

250 2894 360 2963 μὴν
392 2892 482 2946 καὶ
526 2892 822 2959 Ἀλαμανοὶ
880 2888 1151 2950 Γαλάταις
1198 2888 1257 2938 ὲν
1303 2888 1369 2955 τῇ
1401 2886 1535 2954 πρὸς
1586 2886 1821 2954 ἑσπέραν

244 2985 529 3053 ἀρχομένη
566 2983 850 3032 ἐπέκειντο
888 2981 955 3031 τὰ
990 2978 1193 3048 ἔσχατα
1226 2976 1679 3046 κακουργοῦντες,
1708 2994 1822 3030 κοι-

246 3074 418 3126 νωνὸν
441 3077 505 3141 τῇ
535 3074 676 3141 ἀρχῇ
703 3070 1122 3140 προσελάμϐανε
1145 3069 1425 3123 Θεοδόσιον
1460 3084 1476 3101 ο
1522 3068 1689 3138 ἄνδρα
1738 3070 1825 3122 εὐ-

1922 1966 2066 2021 illius
2101 1976 2158 2021 et
2201 1968 2498 2034 sententia,
2524 1983 2684 2035 quam
2715 1969 2781 2023 de
2826 1970 2907 2023 eis
2954 1967 3259 2024 retinuerat
3291 1967 3381 2037 qui
3417 1967 3482 2019 de

1924 2056 2183 2126 religione
2211 2057 2371 2112 aliter
2392 2068 2555 2127 atque
2588 2059 2636 2111 ei
2668 2057 2961 2127 placuisset
2982 2060 3191 2127 opinati
3223 2059 3479 2118 fuissent.

1922 2148 2249 2216 improbata,
2275 2150 2747 2213 constitutionem,
2776 2150 3015 2220 utquam
3033 2152 3269 2220 quisque
3298 2153 3479 2211 vellet,

1924 2239 2243 2308 religionem
2267 2251 2609 2308 sequeretur,
2639 2252 3053 2312 conventusque
3078 2244 3485 2297 ecclesiasticos

1922 2340 2131 2382 semoto
2168 2341 2309 2385 metu
2346 2332 2514 2385 libere
2569 2347 2758 2386 omnes
2812 2342 3055 2401 agerent,
3121 2343 3482 2400 praeterquam

1922 2420 2219 2484 Haniehaei,
2244 2432 2298 2476 et
2321 2424 2410 2492 qui
2438 2424 2652 2477 Photini
2679 2433 2734 2477 et
2762 2424 3010 2479 Eunomii
3065 2436 3226 2480 sectae
3277 2436 3483 2487 essent,

1925 2514 2065 2565 tulit.
2089 2513 2152 2566 Et
2173 2515 2616 2584 episcopis,quos
2646 2516 2843 2571 Valens
2865 2516 2930 2569 ad
2962 2516 3220 2570 exsilium
3261 2518 3485 2570 damna-

1921 2613 2093 2666 verat,
2135 2605 2371 2658 reditum
2410 2606 2677 2673 permisit.
2711 2604 2916 2660 Deinde
2963 2607 3178 2677 imperii
3218 2610 3485 2677 magnitu-

1922 2694 2105 2747 dinem
2136 2704 2193 2747 et
2231 2694 2425 2747 molem
2453 2710 2638 2749 secum
2672 2696 2788 2764 ipse
2840 2696 3217 2763 considerans,
3258 2701 3403 2770 quod
3435 2712 3489 2755 et

1925 2781 2149 2835 Barbari
2187 2783 2387 2837 Istrum
2417 2785 2749 2850 accolentes,
2788 2786 3060 2857 Illyricum
3108 2801 3162 2844 et
3201 2792 3486 2848 Thraciam

1924 2874 2247 2928 exscindere
2275 2891 2380 2929 non
2410 2877 2754 2939 desisterent,
2779 2887 2833 2931 et
2856 2880 3103 2935 Alamani
3138 2882 3304 2938 Gallis
3338 2885 3491 2939 Orci-

1923 2964 2233 3019 denlalibus
2260 2966 2629 3031 imminerent,
2660 2969 2850 3037 eisque
2884 2981 3129 3026 extrema
3158 2972 3355 3029 damna
3407 2976 3491 3029 in-

1925 3055 2162 3119 ferrent,
2204 3060 2413 3112 socium
2448 3060 2663 3128 imperii
2716 3063 2818 3115 sibi
2853 3064 3052 3118 ascivit
3100 3065 3488 3133 Theodosium,

244 3166 380 3233 γε·ιῆ
412 3183 468 3217 τε
500 3165 595 3217 καὶ
625 3164 980 3233 περιώνυμον
1012 3163 1070 3216 ἐν
1129 3165 1248 3225 ταῖς
1296 3161 1673 3231 στρατηγίαις,
1730 3151 1826 3216 καί
1850 3191 1892 3247 c

1802 3151 1826 3213 ι’
1850 3191 1892 3247 c
1927 3146 2211 3204 claroloco
2244 3160 2453 3211 natum,
2478 3162 2641 3221 atque
2678 3152 3046 3221 imperatoriis
3074 3157 3286 3212 artibus
3342 3160 3486 3213 cele-

249 3256 483 3305 πλεῖστα
516 3254 635 3312 ταῖς
673 3252 815 3319 ὑπὲρ
843 3250 952 3302 τῶν
989 3248 1277 3318 ὁμοφύλων
1317 3250 1521 3317 μάχαις
1559 3250 1825 3315 ἀγωνισά-

250 3362 417 3413 μενον
451 3361 466 3375 °
512 3346 606 3396 καὶ
643 3344 749 3410 πρὸ
777 3341 875 3410 τῆς
932 3340 1234 3409 Γρατιανοῦ
1276 3340 1610 3410 χειροτονίας
1676 3340 1826 3404 ἄξιον

246 3436 402 3505 παρὰ
428 3435 646 3486 πάντων
674 3434 753 3495 είς
784 3432 844 3483 τὸ
877 3430 1185 3498 βασιλεύειν
1236 3432 1579 3500 κρινόμενον.
1640 3430 1714 3483 Οὖ
1762 3431 1825 3501 δὴ

244 3530 434 3599 χάριν,
464 3526 567 3577 ὐπὸ
590 3524 702 3577 τῶν
731 3525 1013 3593 ὁμοτίμων
1051 3525 1163 3585 τοῖς
1191 3523 1285 3573 τοῦ
1335 3522 1531 3591 φθόνου
1582 3525 1825 3591 κέντροις

247 3616 635 3685 βαλλόμενος,
700 3615 985 3681 ἁπόμαχος
1046 3613 1103 3663 ἐν
1168 3612 1467 3673 Ὶσπανίαις
1538 3613 1823 3681 διέτριϐεν.

257 3706 505 3760 Ἐκεῖθεν
543 3704 652 3774 γὰρ
675 3703 903 3772 ὥρμητο
940 3701 1269 3771 εὐπατρίδης
1298 3700 1458 3770 εἴπερ
1489 3718 1569 3763 τις
1591 3703 1823 3771 μάλιστα

240 3797 323 3849 ὣν
355 3796 463 3849 τῶν
500 3793 644 3862 ἀμφὶ
666 3793 725 3844 τὸ
755 3792 1097 3861 Πυρρηναῖον
1128 3788 1253 3859 ὅρος
1291 3788 1519 3857 Ἰϐήρων
1548 3802 1563 3817 ⁶
1621 3787 1823 3857 Ἰδηρί-

241 3889 342 3949 δας
370 3886 481 3954 γὰρ
507 3884 603 3947 τὰς
638 3883 916 3944 Ἱσπανίας
944 3878 1170 3933 καλοῦσι
1199 3894 1214 3910 ·
1244 3877 1339 3932 τοῦ
1370 3878 1441 3931 δι’
1465 3878 1647 3931 αὐτῶν
1677 3879 1826 3948 ῥέον-

244 3996 340 4040 τος
366 3973 623 4043 ποταμοῦ
657 3975 754 4043 τὴν
784 3971 1057 4040 προτέραν
1089 3972 1479 4040 ικνικήσαντος
1504 3969 1823 4039 ὀνομασίαν.

257 4068 508 4123 Ἐκεῐθεν
535 4066 717 4119 τοίνυν
754 4064 847 4118 τὸν
871 4064 1041 4129 ἄνδρα
1070 4062 1587 4133 μεταστειλάμενος,
1606 4063 1674 4114 τὰ
1728 4062 1825 4132 μὲν

244 4162 448 4231 πρῶτα
476 4158 789 4229 στρατηγὸν
808 4156 1000 4208 τοῦτον
1026 4154 1371 4223 ἐχειροτόνει,
1406 4157 1499 4209 καὶ
1537 4155 1677 4223 μετά
1725 4156 1823 4224 τῆς

243 4252 477 4321 ἐνούσης
498 4250 646 4319 αὐτῴ
676 4248 953 4316 ἐξέπεμπε
976 4247 1234 4316 στρατιᾶς
1273 4260 1288 4276 ’
1318 4246 1377 4309 ὃς
1406 4247 1468 4315 δὴ
1499 4248 1593 4300 καὶ
1634 4250 1699 4316 τῇ
1736 4248 1825 4300 πί-

244 4360 366 4398 στει
391 4342 755 4411 φραξάμενος,
797 4340 974 4391 ἔπεισι
1014 4338 1125 4400 τοῖς
1148 4336 1246 4405 τὴν
1274 4336 1501 4407 Θρᾴκην
1531 4336 1826 4390 καταθέον-

246 4456 301 4491 σι
351 4438 464 4488 τῶν
508 4434 823 4505 βαρϐάρων,
877 4432 972 4484 καὶ
1014 4432 1111 4482 σὺν
1172 4430 1364 4499 κόσμῳ
1416 4428 1673 4492 διατάξας
1724 4430 1823 4500 τὴν

1929 3239 2079 3293 brem
2105 3241 2303 3305 virum,
2333 3244 2424 3311 qui
2478 3258 2575 3313 pro
2605 3245 2961 3314 pepularihus
2994 3248 3108 3303 suis
3161 3265 3299 3319 saepe
3349 3252 3492 3307 bello

1926 3332 2327 3397 decet-laverat,
2391 3343 2447 3388 et
2500 3344 2792 3404 antequam
2849 3336 3141 3394 Gratianus
3194 3342 3490 3411 imperator

1927 3434 2147 3477 creatus
2172 3435 2337 3486 esset,
2374 3426 2571 3497 dignus
2600 3428 2667 3481 ab
2688 3431 2941 3483 omnibus
2978 3432 3196 3488 habitus
3219 3435 3493 3499 fuerat,ut

1926 3514 2286 3584 eiimpcrium
2333 3519 2787 3574 committeretur.
2840 3523 3009 3593 Cujus
3053 3526 3130 3579 rei
3166 3531 3364 3596 gratia,
3394 3547 3490 3599 per

1928 3607 2257 3676 collegarum
2286 3625 2530 3675 suorum,
2562 3612 2654 3680 qui
2688 3614 2910 3667 eosdem
2944 3630 3067 3668 rum
3129 3632 3196 3670 eo
3228 3622 3488 3688 gerebant

1928 3696 2187 3762 honores,
2210 3697 2496 3761 invidiam,
2518 3700 2572 3754 in
2608 3698 2887 3772 Hispaniis
2921 3714 3070 3757 extra
3126 3708 3378 3762 militiam
3410 3688 3486 3765 νί·

1926 3789 2105 3843 vebat.
2128 3789 2202 3844 lbi
2230 3792 2375 3845 enim
2408 3801 2562 3846 ortus
2580 3794 2778 3855 fuerat,
2807 3795 2950 3848 circa
2984 3794 3270 3865 Pyrenrcos
3307 3803 3490 3858 Ibero-

1929 3895 2050 3934 rum
2098 3891 2327 3945 montes,
2351 3883 2571 3951 generis
2602 3884 2885 3939 nobilitate
2920 3890 3126 3943 nemini
3187 3895 3487 3949 secundus.

1930 3972 2158 4027 lberiam
2195 3989 2429 4043 namque
2456 3973 2769 4045 Hispaniam
2797 3987 3014 4043 vocant,
3058 3982 3281 4037 nomine
3309 4000 3394 4040 eo.
3427 3987 3494 4043 ab

1927 4063 2082 4119 Ibero
2116 4079 2295 4128 amne,
2349 4065 2442 4134 qui
2476 4075 2577 4136 per
2595 4082 2714 4123 eam
2770 4068 2909 4134 ﬂuit,
2946 4082 3185 4141 sumpto.
3211 4075 3491 4133 lndeGra.

1928 4154 2299 4211 liauusvirum
2326 4157 2583 4221 accitum.
2616 4160 2850 4226 primqu
2880 4164 3154 4219 exercitus
3193 4166 3387 4223 ducem
3418 4171 3493 4225 le-

1925 4246 2024 4315 git,
2045 4256 2250 4301 etcum
2280 4249 2363 4302 eis
2384 4265 2522 4317 quas
2551 4260 2900 4307 contraxerat
2937 4255 3135 4326 copiis,
3172 4271 3359 4315 contra
3390 4264 3492 4318 ho-

1924 4347 2035 4393 stes
2090 4340 2257 4394 misit.
2292 4342 2468 4410 Atque
2520 4343 2606 4397 ille
2654 4345 2761 4399 ﬁde
2796 4350 3062 4416 munitus,
3096 4352 3149 4406 in
3202 4352 3490 4412 Thraciam

1926 4430 2189 4484 adversus
2221 4430 2485 4487 Barbaros
2531 4451 2649 4488 eam
2716 4448 2991 4495 vastantes
3040 4443 3218 4509 duxit,
3269 4456 3322 4499 et
3374 4449 3492 4503 acie

244 4530 535 4601 στρατιὰν,
558 4528 725 4596 ὁμόσε
780 4522 1018 4595 χωροῦσι
1066 4523 1414 4594 προσϐάλλει.
1492 4522 1719 4575 Ἐκεῖνοι
1768 4523 1823 4576 δὲ
1857 4520 1933 4580 υι

1803 4523 1823 4576 ὲ
1857 4520 1904 4580 ι)
1930 4520 2135 4589 optime
2163 4530 2390 4590 structa,
2416 4526 2755 4582 irruentibus
2801 4530 2907 4584 illis
2960 4535 3219 4590 occurrit.
3254 4537 3357 4604 Qui
3390 4541 3492 4595 im-

245 4622 327 4691 μὴ
356 4621 677 4687 ἐνεγγόντες
706 4619 806 4687 τὴν
851 4616 1109 4687 ἐμϐολὴν,
1162 4617 1219 4667 ἐν
1272 4614 1469 4686 ἀταξίᾳ
1505 4610 1642 4685 ἦσαν
1670 4633 1682 4646 ·
1735 4616 1828 4668 καίΙ

242 4706 822 4775 τροπῆςογενομένης,
876 4706 1181 4773 ἀνακράτος
1242 4702 1481 4773 ἡττῶντο
1517 4718 1531 4735 ο
1595 4702 1655 4754 οὐ
1718 4703 1827 4773 γάρ

241 4802 356 4854 ὑπὸ
445 4798 740 4866 Ῥωμαίων
824 4797 1007 4865 μόνον,
1070 4793 1206 4848 ἀλλὰ
1271 4793 1367 4847 καὶ
1434 4793 1528 4846 ὐπ’
1583 4794 1827 4863 ἀλλήλων

238 4895 571 4946 ..κτείνοντα
609 4888 825 4941 Πολλῶν
851 4889 1029 4939 τοίνυν
1070 4886 1483 4954 ἀναιρεθέντων,
1527 4885 1724 4953 ὀλίγων
1770 4888 1827 4940 δὲ

240 4984 588 5052 δυνηθέντων
617 4984 903 5051 διαφυγεῖν
958 4980 1037 5042 είς
1092 4979 1183 5031 τὸν
1248 4979 1481 5047 Ἴστρον,
1545 4978 1705 5039 εὐθὺς
1757 4978 1824 5049 ἦν

239 5075 395 5146 εἶχεν
415 5074 764 5127 ιπεδείκνυτο
792 5070 1146 5142 στρατηγίαν.
1179 5068 1284 5121 Τὸν
1306 5070 1414 5139 γάρ
1451 5069 1681 5139 στρατὸν
1706 5071 1822 5131 ταῖς

238 5168 625 5234 γειτονούσαις
653 5160 765 5214 τῶν
814 5161 1025 5214 πόλεων
1054 5159 1285 5227 διαφεὶς.
1322 5158 1481 5221 αὐτὸς
1513 5160 1634 5213 ὅσον
1658 5160 1821 5228 τάχος

240 5257 509 5317 ἐλαύνων,
543 5254 877 5323 αὐτάγγελος
895 5254 988 5321 τῆς
1011 5253 1166 5319 νίκης
1203 5250 1280 5318 τῷ
1306 5251 1589 5319 Γρατιανῷ
1614 5252 1822 5319 παρῆν.

244 5349 563 5421 Παράδοξον
599 5347 643 5400 δ’
692 5343 808 5400 οἷον
856 5346 1035 5399 ἐδόκει
1095 5347 1155 5397 τὸ
1213 5344 1373 5414 ἔργον
1426 5344 1519 5396 καὶ
1572 5344 1821 5397 ἄπιστον.

244 5442 410 5497 Ὅσοι
448 5440 559 5510 γὰρ
609 5439 684 5508 τῷ
718 5438 896 5507 φθόνῳ
942 5438 1220 5507 ὲτήκοντο,
1258 5437 1319 5488 οὐ
1372 5437 1531 5503 μόνον
1580 5436 1821 5501 νικῆσαι,

240 5534 386 5591 ἀλλὰ
417 5536 511 5587 καὶ
538 5529 848 5600 διαφθεῖραι
877 5531 978 5589 τὴν
1008 5530 1290 5599 στρατιὰν,
1320 5533 1414 5582 καὶ
1451 5533 1594 5598 φυγῇ
1620 5532 1824 5598 χρῆσαι

244 5628 375 5681 σθαι
406 5622 746 5679 διετείνοντο.
820 5622 880 5674 '0
930 5622 985 5674 δὲ
1041 5623 1237 5683 αὐτοὺς
1296 5623 1533 5683 ἐκείνους
1587 5622 1822 5691 πέμπειν

1932 4612 2269 4681 pressionem
2306 4618 2425 4686 ejus
2466 4635 2572 4671 non
2640 4620 2904 4688 ferentes,
2942 4625 3167 4682 ordines
3214 4629 3315 4698 ipsi
3363 4648 3490 4689 suos

1929 4705 2257 4759 turbarunt:
2290 4719 2345 4760 et
2380 4723 2503 4762 mox
2542 4720 2687 4779 terga
2719 4722 3015 4778 vertentes,
3046 4732 3237 4788 magna
3265 4721 3315 4775 vi
3362 4734 3492 4777 sunt

1930 4795 2146 4850 devicti.
2186 4797 2303 4852 Non
2326 4802 2472 4852 enim
2509 4816 2540 4856 a
2584 4803 2844 4860 Romanis
2875 4808 3078 4871 solum,
3106 4811 3202 4864 sed
3232 4828 3261 4865 a
3289 4828 3347 4869 se
3375 4832 3492 4869 mu-

1928 4898 2021 4943 tuo
2042 4905 2258 4957 quoque
2290 4893 2658 4948 czedebantur.
2721 4898 2897 4967 Atque
2954 4900 3027 4955 ita
3076 4905 3492 4973 quamplurimis

1928 4983 2105 5046 caesis,
2140 4998 2265 5037 cum
2300 4988 2455 5052 pauci
2480 4986 2545 5040 ad
2579 4988 2774 5042 Istrum
2841 4992 3233 5063 profugissem,
3306 5001 3488 5054 statim

1929 5088 2120 5127 rursus
2144 5076 2505 5145 imperatoriae
2537 5080 2671 5134 artis
2703 5081 2989 5137 scientiam
3006 5089 3269 5144 ostendit.
3308 5089 3490 5161 Copiis

1928 5168 2070 5219 enim
2098 5168 2151 5220 in
2177 5167 2382 5223 vicinas
2412 5170 2596 5233 urbes,
2623 5181 2683 5227 ut
2708 5172 2780 5228 ibi
2802 5175 3053 5242 praesidio
3081 5188 3286 5245 essent,
3315 5182 3489 5252 impo-

1928 5256 2067 5317 sitis,
2094 5257 2383 5312 itineribus
2416 5260 2665 5316 maximis
2695 5261 2759 5315 ad
2788 5263 3135 5331 Gratianum,
3168 5281 3225 5325 ut
3252 5256 3490 5340 ipsemet

1927 5347 2170 5401 victoria?
2192 5364 2303 5403 sua:
2336 5351 2558 5405 nuntius
2582 5363 2747 5438 esset,
2775 5357 3079 5413 contendit.
3112 5360 3219 5415 Res
3242 5378 3304 5416 ea
3340 5363 3485 5432 quod

1928 5441 2452 5506 prmleropiuioucm
2475 5445 2718 5499 omnium
2750 5448 3060 5511 accidisset,
3082 5452 3488 5518 quodammodo

1932 5533 2032 5585 lide
2059 5534 2249 5588 caruit.
2280 5534 2410 5588 Nam
2442 5538 2531 5603 qui
2564 5538 2612 5591 ei
2646 5538 2985 5604 invidebant,
3022 5558 3127 5595 non
3160 5544 3333 5597 solum
3360 5560 3485 5599 eum

1930 5638 2036 5675 non
2072 5625 2284 5688 vicisse,
2321 5641 2505 5679 verum
2541 5628 2702 5683 etiam
2761 5632 2963 5685 amisso
3018 5637 3259 5689 exercitu
3292 5636 3480 5707 profu-

320 5832 398 5901 ll)
428 5827 647 5882 Sozom.
692 5842 759 5883 ex
813 5826 1037 5897 publico
1067 5842 1185 5882 eam
1246 5826 1579 5895 stipendium
1632 5826 1987 5882 constituisse
2015 5827 2171 5894 dicit,
