4278 6438
852 438 952 499 751

2064 436 2481 498 ΝΙΟΕΡΠΟΒΙ
2520 438 2865 498 CALLISTI

2365 437 2481 496 )Rl
2520 438 2865 498 CALLISTI
3985 449 4054 506 τῦ

4060 448 4089 487 ἲ)

4057 494 4088 507 ~

835 556 981 624 gisse
1003 550 1422 606 conﬁrmabant.
1459 551 1622 624 224
1654 555 1719 609 At
1752 556 1865 623 ipse
1901 566 1957 607 ut
1991 556 2159 623 aliqui
2188 554 2251 611 ad
2278 554 2410 616 (rem
2439 554 2484 610 Α
2518 570 2524 601 ι

2399 569 2410 604 ι
2439 554 2484 610 Α
2518 552 2705 615 ἐδεῖτο,
2740 552 2799 605 τὸ
2824 552 2932 604 τῶν
2967 554 3327 625 ἀνῃρημένων
3356 556 3650 627 βαρϐάρων
3678 563 3862 627 stipo;
3894 563 4088 631 ἀναρι-

837 642 1229 713 inspiciendam
1285 642 1633 697 mitterentur
1715 646 1889 715 petiit,
1946 645 2037 713 qui
2089 650 2395 699 occisorum

835 735 1203 791 Barbarorum
1260 748 1552 788 numerum
1603 734 1820 798 inirent,
1875 751 2034 804 quem
2085 749 2149 791 ex
2208 733 2397 802 spoliis

832 828 995 883 facile
1025 827 1282 897 colligere
1309 839 1553 896 possent.
1596 828 1896 897 [inperator
1921 837 2100 883 certos
2148 829 2399 881 homines

831 921 922 990 qui
948 936 1061 975 rem
1090 920 1442 990 explorarent
1476 920 1641 975 misit.
1668 918 2009 973 Theodosius
2063 929 2243 972 autem
2298 919 2397 971 ali-

829 1013 1075 1083 quandiu
1101 1012 1243 1082 apud
1263 1028 1386 1066 eum
1422 1027 1667 1076 manens,
1688 1011 1949 1064 visionem
1974 1010 2212 1063 divinam
2242 1009 2396 1073 vidit,

827 1107 1073 1173 quam'ei
1105 1114 1292 1175 aperte
1320 1104 1695 1158 universitatis
1729 1102 1892 1171 hujus
1926 1103 2175 1157 exhibuit
2230 1102 2395 1155 Deus.

828 1198 1025 1252 Videre
1056 1198 1205 1251 enim
1232 1197 1387 1250 visus
1412 1205 1494 1250 est
1524 1194 1879 1249 Antiochenae
1897 1194 2152 1249 Ecclesia:
2174 1196 2392 1262 episeo-

825 1306 953 1359 pum
976 1289 1163 1344 divum
1201 1288 1502 1349 Meletium,
1536 1288 1875 1356 imperialem
1912 1286 2018 1341 sibi
2047 1286 2392 1356 chlamydem

823 1379 1276 1443 circumdantem,
1326 1389 1382 1433 et
1413 1379 1575 1448 capiti
1609 1394 1862 1433 coronam
1897 1394 1964 1433 ex
1997 1378 2177 1448 magni
2239 1376 2398 1446 pretii

825 1474 1054 1525 materia
1092 1472 1485 1540 imponentem.
1538 1473 1876 1526 Nocturnum
1924 1472 2025 1525 hoc
2090 1472 2263 1524 visum
2331 1485 2398 1523 ex

824 1565 1188 1619 familiaribus
1204 1565 1417 1618 cuidam
1437 1566 1703 1633 postridie”
1720 1580 1875 1617 mane
1902 1565 2167 1632 exposuit.
2202 1564 2267 1617 Et
2311 1565 2399 1617 ille

822 1655 959 1709 nihil
978 1655 1213 1724 ambigui
1237 1656 1288 1709 id
1311 1657 1536 1719 habere,
1559 1656 1649 1710 sed
1671 1660 1815 1709 clara
1835 1655 1964 1709 satis
1977 1666 2028 1709 et
2049 1664 2256 1725 aperta,
2282 1672 2400 1724 qua:

822 1749 1283 1818 significarentur,
1324 1765 1443 1805 esse
1476 1750 1632 1803 dixit.
1658 1749 2020 1803 Intercessere
2056 1749 2175 1803 dies
2212 1749 2397 1815 pauci,

822 1850 877 1893 ct
906 1840 999 1908 qui
1045 1839 1111 1894 ad
1143 1857 1231 1896 res
1257 1840 1663 1911 investigendas
1693 1839 1837 1893 missi
1873 1840 2110 1903 fuerant,
2168 1838 2397 1900 reversi,

823 1933 1061 2001 plurima
1086 1933 1449 1987 Barbarorum
1482 1933 1648 1985 millia
1682 1932 1947 1986 cecidisse
1988 1932 2392 1985 renuntiarunt.

831 2025 905 2078 Ea
937 2040 994 2080 re
1028 2041 1323 2095 persuasus
1354 2025 1671 2092 imperator,
1707 2025 1779 2077 ita
1816 2034 1873 2077 ut
1908 2041 2003 2092 par
2035 2032 2173 2082 erat.
2234 2022 2394 2077 simul

822 2128 877 2172 et
936 2118 1143 2171 militia:
1191 2117 1387 2170 ducem
1444 2126 1500 2172 et
1566 2116 1948 2185 imperatorem
2000 2114 2391 2176 Theodosium,

821 2209 1007 2262 Sirmii
1034 2210 1261 2275 creavit,
1296 2209 1693 2278 imperiumque
1723 2208 1771 2261 ei
1815 2209 2056 2262 Valentis
2104 2222 2265 2261 omne
2314 2216 2396 2260 at-

825 2300 1037 2354 tribuit.
1080 2301 1255 2368 Atque
1318 2300 1417 2354 hoc
1474 2301 1552 2353 sic
1614 2300 1666 2352 in
1702 2299 1902 2353 Sirmio
1952 2298 2221 2360 confecto,
2279 2296 2393 2365 ipse

825 2388 1055 2457 quidem
1119 2390 1173 2443 in
1212 2389 1416 2442 Italiam
1453 2400 1535 2442 est
1565 2388 1870 2456 profectus:
1928 2388 2077 2439 illum
2113 2398 2293 2438 autem
2326 2384 2390 2436 ad

818 2480 1115 2543 Orientalc,
1176 2483 1321 2549 quod
1372 2482 1420 2535 ei
1466 2488 1813 2534 concesserat
1872 2479 2185 2546 imperium,
2222 2470 2390 2527 misit.

1437 2618 1659 2673 CAPUT
1704 2619 1769 2671 ll.

820 2712 922 2775 Qui
954 2728 1013 2765 eo
1067 2722 1302 2781 tempore
1326 2726 1649 2781 magnaran
1702 2709 1906 2761 urbium
1934 2724 2115 2761 sacras
2163 2708 2391 2781 habenas

892 2783 1122 2835 rexerint
1147 2775 1243 2835 {et
1269 2779 1333 2832 de
1374 2775 1774 2831 Macedonianis
1797 2819 1811 2843 ,
1847 2787 1902 2831 ut
1930 2794 2137 2832 rursum
2171 2775 2250 2830 illi
2292 2776 2391 2829 Ec-

889 2854 1102 2906 clesium
1135 2850 1445 2904 catholicam
1471 2849 1754 2903 turbarint.

889 3029 967 3085 Eo
991 3035 1244 3099 tempore
1276 3029 1543 3083 Damasus
1573 3027 1831 3083 Ecclesiae
1857 3027 2115 3082 Romanae
2148 3025 2386 3097 prefuit,

820 3121 1030 3176 Liberii
1094 3136 1411 3177 successor.
1470 3121 1863 3191 Hierosolymis
1911 3120 2148 3191 Cyrillus
2210 3120 2391 3173 adhuc

2503 644 2682 713 θμεῖν.
2725 646 2835 699 Καὶ
2886 646 2994 716 γὰρ
3051 642 3191 698 εἶναι
3246 646 3427 716 ῥᾴδιον
3492 648 3641 718 ἔλεγε
3704 653 3819 711 τοῖς
3869 654 4090 716 σκύλοις

2503 737 2882 808 τεκμηριῶσαι
2911 738 3001 790 τδν
3049 739 3305 809 ἀριθμόν.
3341 740 3446 793 Καὶ
3474 744 3502 795 ό
3538 742 3641 811 μὲν
3669 742 3921 813 βασιλεὺς
3957 749 4084 807 τοῦς

2497 826 2801 897 ὀψομένους
2832 830 3121 883 ἀπέστειλε
3149 848 3161 862 ·
3191 832 3471 894 Θεοδόσιος
3494 832 3539 886 δ’
3568 834 3748 887 ἐκεῖσὲ
3776 852 3849 903 πη
3884 837 4088 903 ἐγκαρ-

2499 918 2697 988 τερῶν,
2727 920 2851 988 ὄψιν
2881 920 3176 976 θεσπεσίαν
3209 923 3375 993 ἐώρα,
3422 924 3490 995 ἥν
3521 926 3682 988 αὐτὸς
3711 928 3895 993 σαφῶς
3927 929 3954 975 ὁ
3978 927 4087 979 τῶν

2498 1011 2635 1064 ὅλων
2668 1013 2992 1081 παρεδείκνυ
3031 1014 3200 1077 Θεός·
3257 1016 3348 1070 τὸν
3395 1019 3504 1087 γὰρ
3567 1021 3710 1070 θεῖον
3736 1022 3828 1087 τῆς
3882 1022 4085 1071 Ἀντιοο

2502 1102 2641 1170 χέων
2689 1101 3017 1172 Ἐκκλησίσς
3049 1104 3295 1172 ἡγεμόνα
3322 1106 3585 1160 Μελέτιον
3629 1108 3912 1177 καθεώρα,
3944 1110 4078 1177 χλα-

2506 1192 2649 1261 μύδα
2686 1195 2974 1266 βασιλικὴν
3010 1197 3160 1266 αὐτῷ
3214 1192 3587 1266 περιτιθέντα,
3622 1201 3716 1253 καὶ
3746 1202 3993 1267 στεφάνῳ
4028 1202 4085 1266 ἐξ

2503 1283 2635 1354 ὕλης
2690 1286 3018 1349 πολυτελοῦς
3068 1286 3367 1341 ἁναεοῦντα
3422 1290 3522 1359 τὴν
3574 1290 3837 1357 κεφαλήν.
3899 1288 4085 1341 Ταῦτα

2502 1375 2724 1446 νύκτωρ
2760 1376 2904 1439 ἰδὼν,
2932 1377 3100 1430 ἕωθεν
3131 1380 3235 1431 τινὶ
3286 1379 3393 1431 τῶν
3423 1379 3669 1448 συνήθων
3725 1379 4084 1447 ἀπήγγειλεν.

2513 1468 2573 1522 Ὀ
2601 1470 2657 1521 δὲ
2698 1469 2859 1539 μηδὲν
2888 1471 3190 1539 ἀμῃίὸολον
3222 1471 3321 1541 τὴν
3358 1473 3480 1541 ὅᾲιν
3526 1475 3715 1524 ἀνεῖπε
3747 1490 3761 1504 '
3802 1473 3947 1538 σαφῆ
3980 1476 4084 1538 γὰρ

2503 1558 2637 1615 εἶναι
2667 1564 2736 1616 τὰ
2756 1565 3105 1631 αἰνισσόμενα
3142 1580 3156 1596 ⁸
3190 1566 3413 1634 ἡμερῶν
3453 1565 3497 1616 δ’
3534 1565 3733 1631 ὀλίγων
3766 1565 4087 1632 διαγενομέ-

2502 1672 2629 1717 νων,
2662 1655 2938 1724 ἐπανῆκον
2966 1654 3066 1724 μέν
3096 1656 3145 1706 oi.
3175 1656 3516 1724 πεμφθέντες
3547 1673 3563 1688 ο
3615 1656 3817 1718 πολλὰς
3870 1656 3928 1707 δέ
3991 1674 4085 1722 μυ-

2505 1745 2693 1815 ριάδας
2738 1746 2845 1798 τῶν
2902 1747 3194 1815 βαρὸάρων
3253 1751 3443 1800 πεσεῖν
3496 1749 3748 1817 ἧγγεὶον.
3809 1742 3903 1809 Οἷς
3967 1765 4083 1799 πει-

2505 1837 2650 1901 σθεὶς
2684 1838 2960 1907 βασιλεὺς,
2998 1842 3088 1892 καὶ
3118 1842 3193 1902 ὡς
3230 1841 3404 1909 χρεὼν
3449 1844 3753 1909 στρατηγὸν
3809 1840 4083 1908 blant-aisa-

2500 1951 2581 1997 το,
2618 1934 2708 1987 καὶ
2751 1934 2971 2003 βασιλέα
3002 1936 3403 2004 ἐχειροτόνησε,
3441 1935 3536 1986 καὶ
3576 1934 3670 2004 τὴν
3700 1937 3831 2003 ὅσην
3862 1936 4081 2002 Οὐάλης

2498 2025 2669 2078 διεῖπε
2699 2024 2984 2094 παρεδίδου
3017 2027 3214 2095 ἀρχήν.
3273 2026 3453 2077 Ταῦτα
3481 2029 3537 2078 ἐν
3575 2026 3783 2095 Σιρμίῳ
3838 2027 4079 2093 διαπρα-

2500 2116 2748 2186 ξάμενος,
2775 2117 2937 2179 αὑτὸς
2970 2117 3065 2185 μὲν
3113 2119 3205 2170 ἐπὶ
3268 2117 3365 2186 τὴν
3429 2119 3661 2169 Ἰταλίαν
3705 2117 4028 2186 ἐξώρμησεν
4060 2133 4074 2146 ο

2498 2209 2702 2261 ἐκεῖνον
2734 2209 2790 2261 δὲ
2814 2208 2891 2270 είς
2919 2209 3019 2277 τὴν
3050 2210 3185 2278 πρδς
3225 2208 3301 2261 ἐω
3334 2209 3643 2278 ἀρχομένην
3692 2210 3789 2261 καὶ
3834 2207 3982 2276 αὐτῷ
4028 2208 4077 2258 οι

2495 2300 2737 2353 δοθεῖσαν
2778 2300 3104 2370 ἐξέπεμπεν.

3093 2613 3336 2667 ΚΕΦΑΛ.
3397 2613 3468 2667 ιιο.

2501 2704 2663 2764 Τίνες
2694 2719 3019 2767 τηνικαυτα
3045 2703 3161 2755 τῶν
3184 2706 3467 2771 μεγάλων
3496 2708 3733 2757 πόλεων
3774 2708 3880 2770 τὰς
3912 2707 4080 2771 ἱερὰς

2564 2773 2741 2849 ήιςίας
2767 2772 3193 2849 ,διεχειρίζοιςτο
3215 2791 3229 2805 ο
3263 2775 3361 2827 καὶ
3387 2775 3519 2840 περὶ
3553 2773 3668 2826 τῶν
3714 2775 4083 2827 Μακεδονία-

2564 2841 2706 2903 νῶν,
2748 2841 2828 2904 ὡς
2867 2839 3041 2905 αὖθις
3071 2841 3185 2907 τὴν
3236 2839 3500 2898 καθόλου
3549 2845 3923 2911 Ἐκκλησίαν
3953 2845 4086 2897 ἑτά-

2559 2927 2824 2976 pandor.

2564 3025 2713 3077 Κατὰ
2745 3026 2800 3076 δὲ
2859 3025 3048 3079 τοῦτον
3077 3026 3166 3080 τὸν
3221 3029 3412 3096 χρόνον
3463 3030 3561 3096 τῆς
3590 3028 3690 3099 μὲν
3759 3032 3817 3082 ἐν
3890 3030 4086 3101 Ῥώμῃ

2508 3118 2836 3187 Ἐκκλησίας
2887 3120 2986 3187 τὴν
3024 3120 3327 3189 ἐπιτροπὴν
3368 3121 3619 3189 Δάμασος
3653 3117 3792 3190 εἶχε,
3828 3120 4082 3185 διαδεξά-

821 3222 1104 3283 superstes
1150 3215 1441 3268 ecclesiam
1490 3215 1654 3268 rexit.
1699 3213 2006 3268 Antiochiae
2047 3213 2279 3269 ecclesia
2336 3213 2388 3265 in
2419 3222 2461 3280 ο
2500 3230 2510 3282 ι

2419 3222 2461 3280 C
2500 3229 2658 3282 μενος
2690 3213 2781 3263 τὸν
2831 3210 3085 3281 Λιὸέριον
3112 3228 3127 3243 ο
3183 3213 3281 3282 τῆς
3327 3212 3372 3263 δ’
3409 3215 3465 3263 ἐν
3534 3212 3933 3283 Ἰεροσολύμοις
3994 3215 4079 3267 ἔτι

822 3321 934 3364 tres
984 3316 1169 3378 partes
1226 3308 1399 3360 divisa
1462 3316 1623 3362 erat:
1692 3314 1814 3375 post
1877 3306 2140 3358 liuzoium
2197 3307 2387 3370 enim,

826 3401 1155 3455 Theodorus
1219 3398 1535 3454 Perintbius
1591 3399 1843 3454 ecclesiis
1890 3399 2131 3467 praefuit,
2175 3399 2390 3452 Arianae

823 3492 1105 3561 religionis
1133 3500 1508 3561 propugnator
1536 3504 1552 3543 :
1589 3492 1901 3559 ὀμοουσίου,
1939 3490 2388 3543 consubstantia-

822 3586 908 3649 lis,
944 3600 1078 3637 vero
1129 3584 1253 3636 fidei
1300 3580 1708 3649 suifragatores,
1738 3580 1935 3649 partim
1984 3579 2234 3640 Paulino,
2265 3595 2389 3648 par-

823 3677 917 3727 tim
969 3673 1207 3736 Meletio,
1263 3673 1353 3739 qui
1402 3684 1577 3737 nuper
1623 3668 1917 3720 admodum
1970 3666 2037 3718 ab
2097 3666 2259 3719 exilio
2301 3680 2389 3718 re-

820 3766 1025 3825 dierat,
1068 3777 1323 3831 paruere.
1355 3761 1526 3815 Porro
1563 3756 1908 3812 Alexandria:
1942 3754 2131 3809 Ariani
2167 3755 2386 3823 quidem

820 3854 1052 3907 Lucium
1112 3852 1415 3904 antistitem
1478 3849 1739 3910 habuere,
1794 3848 1887 3915 qui
1951 3858 2063 3899 tum
2126 3847 2389 3915 profugus

818 3942 1298 4010 Constantinopoli
1338 3938 1591 4007 degebat.
1639 3936 1934 3991 Catholica:
1974 3946 2156 3990 autem
2200 3937 2389 3992 Eccle-

825 4039 941 4097 siae,
990 4044 1113 4103 post
1150 4034 1397 4088 Petrum.
1443 4028 1767 4082 Timotheus
1806 4027 1977 4081 frater
2014 4027 2211 4095 pr1eiit.
2247 4027 2392 4082 Cone

820 4125 1180 4195 stautiuopoli
1215 4122 1449 4177 Eudoxii
1495 4136 1790 4175 successor
1823 4119 2180 4187 Demophilus
2209 4119 2387 4173 eccle-

820 4218 928 4269 sias
948 4214 1308 4285 gubernavit:
1337 4213 1653 4280 ὀμοουσίου,
1674 4209 2182 4273 consubstantialis,
2205 4224 2386 4263 autem

822 4312 1108 4382 religionis
1154 4312 1445 4379 episcopus
1484 4308 1751 4376 Evagrius
1801 4307 1852 4360 in
1906 4308 2098 4361 exsilio
2147 4307 2383 4358 vivebat.

822 4407 891 4458 At
926 4412 1225 4457 sectatores
1255 4403 1374 4471 ejus
1400 4400 1783 4469 Demoplnlum
1811 4408 2151 4462 aversantes,
2179 4406 2233 4449 et
2258 4410 2387 4448 suos

822 4497 926 4549 sibi
981 4503 1287 4548 conventus
1330 4508 1574 4563 agentes,
1612 4508 1639 4544 a
1692 4492 1959 4559 Gregorio
2012 4489 2200 4559 Magno
2231 4504 2389 4541 cura-

824 4588 1045 4640 bantur.
1098 4584 1257 4654 225
1294 4587 1493 4652 Atque,
1551 4583 1947 4652 Hierosolymis
1985 4580 2252 4649 exceptis,
2293 4595 2388 4649 per

821 4680 1104 4735 Orientem
1162 4678 1409 4732 ecclesia:
1466 4692 1636 4747 prope
1698 4690 1890 4729 omnes
1943 4675 1995 4727 in
2053 4674 2385 4727 Arianorum

826 4779 1094 4841 potestate
1116 4777 1292 4823 erant.
1318 4768 1615 4823 Enimvero
1638 4766 2013 4819 Macedoniani
2054 4776 2175 4835 post
2198 4766 2388 4820 initam

824 4880 949 4919 cum
1012 4863 1232 4917 Liberio
1284 4860 1770 4921 conciliationem,
1830 4874 1941 4912 non
2004 4859 2303 4913 admodum
2361 4876 2389 4915 a

826 4954 1025 5009 Nicami
1059 4953 1263 5008 decreti
1286 4951 1668 5006 sectatoribus
1692 4948 2023 5004 dissensere.
2058 4951 2388 5020 Aliquandiu

824 5048 972 5100 cnim
1023 5047 1077 5100 in
1112 5045 1345 5098 urbibus
1381 5042 1546 5097 simul
1597 5050 1650 5095 et
1683 5044 1737 5094 in
1766 5040 2015 5095 ecclesiis
2055 5044 2386 5097 commercia

828 5140 975 5194 inter
1027 5153 1085 5192 se
1150 5136 1418 5197 habuere,
1464 5144 1524 5187 et
1576 5133 1747 5187 veluti
1804 5132 2047 5200 ejusdem
2102 5135 2388 5189 sententiae

827 5230 1219 5299 suffragatores
1258 5228 1430 5281 libere
1464 5229 1908 5280 communionem
1952 5226 2196 5279 coluere.
2229 5228 2389 5281 Post-

828 5340 989 5394 quam
1023 5331 1205 5379 adtem
1257 5319 1508 5377 Gratiani
1557 5318 1879 5373 constitutio
1922 5318 2170 5383 cuilibet,
2222 5336 2385 5389 quam

829 5418 995 5471 vellet
1039 5415 1361 5484 religionem
1413 5412 1813 5481 eomplectcndi
1858 5410 2173 5465 facultatem
2212 5414 2385 5477 dedit,

828 5508 1069 5578 episcopi
1117 5506 1337 5577 quidam
1372 5505 1620 5559 ccclesiis
1661 5502 1801 5566 suis,
1836 5518 1976 5572 quas
2026 5505 2127 5559 sub
2163 5505 2389 5562 Valente

830 5600 1150 5660 amiserant,
1183 5596 1438 5667 receptis,
1466 5595 1648 5650 denuo
1682 5606 1739 5648 se
1768 5594 1834 5649 ab
1857 5594 1981 5648 aliis
2009 5610 2387 5666 segregavere.

829 5694 869 5746 li
903 5691 1220 5747 Antiochia
1248 5690 1302 5743 in
1333 5688 1493 5744 Caria
1524 5695 1796 5741 conventu
1828 5695 2045 5751 coacto,
2076 5688 2386 5755 ὀμοουσίου,

830 5780 1337 5842 consubstantialis,
1377 5794 1562 5833 vocem
1626 5776 2022 5845 repudiarunt,
2079 5789 2135 5832 et
2178 5795 2277 5848 pro
2325 5796 2389 5835 ea

830 5875 990 5931 sicuti
1024 5885 1182 5929 antea
1214 5872 1573 5941 ὁμοιοούσιον,
1605 5869 2139 5939 aquisubstantiale,
2180 5874 2386 5927 contir-

2498 3304 2763 3372 Κύριλλος
2812 3302 3020 3370 περιὼν
3075 3304 3319 3372 ἐκράτει.
3388 3305 3451 3356 Ἦ
3508 3304 3552 3356 δ’
3598 3305 3872 3375 Ἀντιόχου
3908 3308 4082 3377 τριχῆ

2496 3395 2737 3466 διῄρητο.
2763 3396 2916 3448 Μετὰ
2937 3396 3044 3464 γὰρ
3078 3397 3316 3460 Εὑζώῖον
3369 3396 3646 3466 Θεόδωρος
3674 3401 3703 3450 ὁ
3764 3402 4082 3470 Πειρίνθιος

2493 3490 2602 3539 τῶν
2638 3484 3128 3558 ἐκκλησιῶν-ἦρχε,
3160 3489 3257 3555 τῆς
3288 3488 3577 3558 Ἀρειανῆς
3610 3492 3895 3560 προεστὼς
3936 3494 4080 3562 θρη-

2496 3581 2704 3641 σκείας.
2734 3582 2889 3633 Ὅσοι
2933 3581 2989 3633 δὲ
3029 3582 3125 3648 τῆς
3175 3583 3460 3651 ὁμοουσὶου
3518 3584 3752 3647 πίστεως
3799 3581 3965 3656 ἦσαν,
4027 3588 4080 3638 (οἱ

2496 3675 2593 3742 μὲν
2619 3672 2891 3741 Παυλίνῳ,
2922 3673 2970 3725 οἱ
2997 3672 3052 3724 δὲ
3087 3674 3334 3742 Μελετίῳ
3361 3674 3603 3743 συνῆσαν
3630 3677 3755 3745 ἄρτι
3779 3678 3876 3745 τῆς
3902 3679 4080 3746 ὑπερ-

2491 3767 2644 3835 ορίας
2670 3765 2970 3818 ἐπανιόντι.
3021 3765 3132 3818 Κάν
3162 3769 3227 3835 τῇ
3264 3767 3617 3837 Ἀλεξάνδρου
3657 3770 3711 3822 δὲ
3748 3771 3797 3822 ol
3860 3771 3963 3840 μὲν
4013 3771 4081 3835 ἐξ

2494 3858 2707 3927 Ἀρείου
2745 3858 2978 3911 Λούκιον
3013 3854 3160 3926 εἶχον
3190 3860 3516 3929 ἡγούμενον,
3560 3861 3862 3930 τηνικαῦτα
3922 3866 4076 3932 φυγῇ

2493 3952 2550 4001 ἐν
2586 3952 2647 4019 τῇ
2683 3950 3097 4003 Κωνσταντίνου
3143 3952 3489 4021 χρησάμενον
3514 3966 3528 3980 ·
3584 3953 3685 4018 τῆς
3743 3953 3798 4005 δέ
3838 3954 4077 4006 καθόλου

2493 4041 2825 4112 Ἐκκλησίας
2865 4044 3005 4113 μετὰ
3041 4046 3247 4113 Πέτρον
3274 4046 3537 4114 Τιμόθεος
3564 4048 3591 4098 ὁ
3623 4046 3850 4113 ἀδελφὸς
3881 4060 4077 4116 προει-

2493 4139 2705 4207 στήκει.
2739 4136 2871 4188 Ἀνὰ
2903 4136 2959 4187 δὲ
2997 4138 3095 4207 τὴν
3118 4134 3523 4189 Κωνσταντίνου
3569 4138 3679 4190 τῶν
3729 4140 3828 4208 μὲν
3870 4139 4075 4207 ἐκκλη-

2494 4228 2622 4281 σιῶν
2651 4228 2959 4297 Δημόφιλος
2988 4224 3179 4297 ἦρχεν,
3214 4229 3469 4294 Εὑδοξίου
3515 4230 3759 4299 διάδοχος
3785 4248 3799 4261 ·
3861 4231 3961 4301 τῆς
4015 4232 4078 4285 δὲ

2489 4323 2775 4389 ὀμοουσίου
2802 4320 3098 4390 θρησκείας
3141 4322 3411 4390 Εὐάγριος
3435 4324 3491 4373 ἐν
3524 4323 3799 4393 ὑπερορίᾳ
3838 4324 4074 4391 διάγων.

2490 4413 2550 4464 Οί
2600 4412 2653 4464 δὲ
2723 4412 2813 4464 τὸν
2867 4413 3177 4480 Δημόφιλον
3246 4413 3689 4483 ἐκτρεπόμενοι,
3752 4414 3876 4467 καθ’
3935 4417 4077 4468 ἐαυ-

2491 4501 2615 4562 τοὺς
2673 4496 2853 4571 ἦσαν,
2910 4501 3013 4554 ὑπὸ
3090 4502 3379 4573 Γρηγορίῳ
3443 4503 3522 4573 τῷ
3584 4504 3723 4555 πάνυ
3782 4506 4074 4575 ἀγόμενοι.

2420 4614 2471 4673 D
2498 4593 2691 4662 Σχεδὸν
2717 4593 2773 4645 δὲ
2806 4593 2943 4664 πλὴν
2975 4593 3368 4663 Ἰεροσολύμων
3393 4595 3502 4648 τῶν
3524 4597 3625 4649 ἀνὰ
3652 4597 3750 4667 τὴν
3771 4596 3849 4650 ’ἐω
3873 4600 4077 4668 ἐκκλη-

2499 4683 2629 4736 σιῶν
2658 4685 2707 4736 οί
2736 4683 2796 4749 ἐξ
2829 4683 3035 4752 Ἀρείου
3066 4686 3355 4752 ἐκράτουν.
3404 4687 3811 4740 Μακεδονιανοὶ
3837 4688 3895 4740 δὲ
3931 4690 4077 4757 μετὰ

2494 4777 2591 4838 τὰς
2623 4775 2757 4842 πρὸς
2806 4776 3058 4845 Λιὸἐριον
3088 4775 3363 4843 συνθήκας
3395 4778 3456 4829 οὐ
3487 4778 3626 4831 πάνυ
3658 4796 3713 4830 τι
3752 4779 4078 4850 διεφέροντο

2495 4863 2631 4931 πρὸς
2658 4867 2783 4925 τοὺς
2811 4864 2878 4915 τὰ
2901 4865 2957 4915 ὲν
2988 4864 3194 4934 Νικαίᾳ
3227 4865 3455 4929 δόξαντα
3490 4868 3820 4938 στέργοντας
3843 4885 3857 4897 ·
3905 4874 4075 4941 μέχρι

2494 4954 2601 5022 γάρ
2630 4971 2775 5017 τινος
2806 4955 2947 5007 κατὰ
2976 4955 3160 5017 πόλεις
3189 4960 3285 5010 καὶ
3314 4956 3620 5027 ἐκκλησίας
3647 4960 3905 5029 ἀλλήλοις
3943 4965 4075 5014 ἐπε-

2498 5048 2779 5113 μίγνυντο,
2833 5052 2925 5098 καὶ
2958 5046 3031 5109 ὡς
3062 5047 3343 5115 όμοδόξοις
3378 5050 3551 5105 ἀδεῶς
3582 5052 3931 5107 ἐκοινώνουν.
3982 5055 4073 5117 Ὧς

2494 5140 2550 5191 δὲ
2585 5141 2611 5192 ὁ
2635 5139 2935 5207 Γρατιανοῦ
2959 5140 3120 5208 νόμος
3156 5140 3342 5193 ἄδειαν
3374 5146 3636 5213 παρεῖχεν
3666 5146 3885 5216 ἑκάστῳ
3929 5147 4071 5217 Opi;-

2496 5231 2736 5293 σκεύειν,
2767 5230 2841 5293 ὡς
2874 5230 3137 5302 βούλοιτο,
3164 5232 3275 5284 τῶν
3303 5249 3449 5295 τινες
3488 5236 3807 5289 ἐπισκόπων
3845 5243 3947 5300 τὰς
3985 5242 4071 5291 ol-

2494 5323 2648 5386 κείας
2674 5322 2968 5392 ἐκκλησίας
3023 5323 3449 5389 καταλαϐόντες,
3509 5323 3575 5385 ἃς
3612 5327 3705 5378 ἐπὶ
3755 5328 4070 5391 υύἀλεντος

2493 5418 2869 5487 ἀφῃρέθησαν,
2895 5410 3269 5485 διακρίνεσθαι
3305 5413 3460 5480 αὖθις
3485 5420 3723 5489 σπουδὴν
3746 5421 3933 5472 ἐποιοῦ
3950 5438 4064 5473 rem

2496 5516 2585 5562 καὶ
2623 5510 2688 5579 δὴ
2744 5512 2886 5562 κατὰ
2934 5510 3033 5579 τὴν
3083 5512 3294 5581 Καρίας
3318 5513 3654 5581 Ἀντιόχειαν
3690 5516 4066 5581 συνελθόντες,

2492 5605 2591 5671 τὴν
2621 5601 2714 5653 τοῦ
2740 5602 3027 5670 ὀμοουσίου
3076 5605 3257 5671 φωνὴν
3303 5605 3674 5659 ἀπεόάλὶοντο
3694 5623 3707 5637 °
3742 5607 3982 5676 ἐκύρουν
4010 5610 4066 5662 δὲ

2491 5693 2564 5756 ὼς
2594 5691 2685 5745 καὶ
2718 5694 2953 5761 πρόσθεν
2983 5695 3043 5746 τὸ
3089 5695 3454 5762 ὁμοιοούσιον,
3502 5698 3595 5749 καὶ
3626 5700 3723 5761 τὴν
3765 5700 3821 5750 ἐν
3854 5699 4066 5768 Νικαίςι

2494 5785 2677 5836 πίστιν
2704 5784 2953 5852 ὴθίτουν,
2988 5790 3081 5837 καὶ
3108 5788 3219 5856 ἰδίᾳ
3246 5784 3387 5857 ἦσαν
3417 5790 3901 5857 ἐκκλησιάζοντες.
3921 5793 4065 5845 Ἀλλ’

2491 5877 2692 5947 ἥκιστα
2721 5877 2815 5931 τοῦ
2850 5881 3281 5949 ἐπιχειρήματος
3312 5881 3517 5937 ὦνακτ.
3542 5900 3556 5917 ·
3591 5885 3777 5938 πολλοὶ
3803 5888 3915 5955 γὰρ
3946 5888 4068 5957 ἔριν
