4278 6438
758 409 862 471 755

1956 417 2380 478 NICEPHORI
2417 415 2765 489 CALLlSTl

3903 410 4007 471 756

762 514 1089 572 succederet
1139 518 1362 574 locum:
1402 532 1523 589 post
1572 523 1691 592 ejus
1723 524 1897 592 ipsius
1928 540 2059 577 vero
2091 525 2329 582 obitum.
2361 546 2402 597 Α
2441 528 2451 578 l

2317 565 2329 582 .
2361 546 2402 597 Α
2441 526 2664 595 Πνεῦμα
2694 525 2755 576 τὸ
2792 523 2950 590 ἅγιον
2988 519 3329 588 ἐπιλέξηται,
3361 519 3461 590 τὴν
3496 517 3864 589 ἒπισκοπικην
3905 537 4006 572 κα-

761 617 820 660 υι
881 625 1023 664 unus
1057 626 1122 664 cx
1169 611 1251 665 eis
1308 615 1402 682 qui
1464 614 1854 685 suffragiorum
1899 619 2127 672 calculis
2177 618 2324 688 digni

760 711 963 767 essent,
998 716 1026 754 a
1067 702 1274 771 Spiritu
1322 714 1515 759 sancto
1555 708 1783 774 electus,
1823 709 2189 779 episcopalem
2239 726 2327 764 ca-

762 792 1011 846 thedram
1067 795 1370 851 obtineret.
1433 797 1736 854 Conventis
1792 801 1944 856 hisce
2009 803 2323 872 juramento

755 884 1142 949 conﬁrmatis,
1217 886 1512 941 multitudo
1572 888 1685 944 fere
1745 892 1928 946 omnis
1986 893 2318 947 consensit:

758 979 918 1044 pauci
965 989 1175 1030 tantum
1232 979 1471 1034 Luciferi
1528 993 1877 1046 sectatores,
1944 986 2317 1040 consecratio-

752 1082 875 1120 nem
945 1067 1148 1124 Meletii
1215 1069 1282 1123 ab
1341 1071 1537 1126 alienae
1599 1076 1890 1130 sententiae
1965 1076 2422 1145 sull'ragatoribus
2479 1087 2761 1144 acceptam

752 1170 969 1216 verunt.

1352 1289 1579 1344 CAPUT
1631 1291 1718 1345 ιγ.

756 1371 1181 1447 DeApoHinaris
1207 1390 1403 1438 errore,
1438 1392 1485 1432 et
1515 1382 1577 1432 dc
1609 1392 1790 1434 sancto
1819 1381 2100 1447 Flaviano,
2141 1393 2188 1436 et
2215 1384 2328 1435 Me-

822 1442 1251 1512 lgtio:'quazque
1298 1451 1408 1501 sedi
1456 1452 1786 1504 Amice/reum
1831 1442 2139 1508 evenerint:
2190 1463 2237 1506 ct
2265 1453 2328 1504 de

823 1509 1023 1581 Sapore
1046 1509 1178 1569 duce
1234 1527 1283 1570 et
1320 1519 1535 1572 Eulalia
1580 1523 1955 1575 Amasenorum
1989 1526 2245 1594 episcopo.

825 1759 984 1828 227
1007 1761 1145 1815 Tum
1200 1780 1331 1819 vero
1357 1765 1696 1835 Apollinaris
1729 1771 1802 1839 (l)
1834 1771 2050 1838 pietatis
2085 1789 2320 1841 persona

2436 617 2632 683 θέδραν
2660 614 3020 685 κληροῦσθαι.
3055 614 3181 665 Ἐπὶ
3214 610 3425 671 τούτοις
3463 611 3526 682 δὴ
3557 610 3667 663 τῶν
3705 611 3886 679 ὅρκων
3916 628 4010 678 γε-

2433 709 2772 776 γενημένων,
2822 707 3010 776 σχεδὸν
3051 705 3113 756 τὸ
3164 703 3390 771 σύμπαν
3450 702 3734 772 ὡμονόησε
3779 701 4005 771 πλῆθος,

2435 801 2670 869 Βραχεῖς
2698 800 2754 852 δὲ
2785 799 2906 852 λίαν
2937 800 2987 850 οἰ
3019 798 3124 848 άπδ
3153 797 3496 864 Λουκίφερος
3522 794 3862 863 διεφέροντο.
3907 794 4009 858 τὴν

2434 892 2701 948 Male-rice
2731 890 3048 959 αἰτιώμενοι
3073 887 3428 958 χειροτονίαν,
3452 887 3525 950 ὡς
3553 887 3656 937 ὑπὸ
3681 881 4010 953 ἑτεροδόξων

2430 983 2830 1053 γεγενημένην.

2855 1071 3359 1144 reprehendentes,
3437 1068 3836 1124 dissensionem
3924 1065 4010 1118 fo-

3023 1281 3278 1336 ΚΕΦΑΛ.
3314 1277 3383 1332 Δ’.

2431 1381 2574 1448 Περὶ
2602 1376 2705 1444 τῆς
2763 1371 3551 1448 Ἀπολλτναρίουηάςτὰζηςο
3573 1372 3686 1448 ﬁxa}
3723 1369 3855 1448 περί
3899 1367 4008 1448 τοῦ

2501 1440 3042 1516 ἆγίοόφλαϐιανοῦ
3084 1440 3180 1516 καὶ
3223 1444 3514 1516 Μελεζίου
3551 1442 3679 1516 ,ὅσα
3712 1440 3791 1499 τῷ
3819 1440 4010 1514 θρόνῳ

2502 1509 2613 1587 τῆς
2664 1520 2981 1597 Ἀντεόχου
3001 1514 3271 1597 arcear):
3312 1511 3410 1563 καί
3425 1510 3565 1597 ἰτερί
3591 1509 3882 1597 Σάξτὲωροὶςλ
3899 1509 4008 1597 τοῌῠ

2504 1580 2985 1655 στρατηγοῦίόιαὶ
3014 1580 3321 1638 Eulalich
3345 1581 3450 1634 τοῦ
3470 1580 3811 1634 ἐπισκόπου
3832 1580 4012 1644 Ἀμα-

2507 1675 2699 1724 σειας.

2503 1772 2818 1844 Τηνικαῦτα
2852 1772 2906 1823 δὲ
2944 1772 3036 1823 καί¹
3067 1768 3477 1835 Ἀπολλινάριος
3506 1765 3567 1821 τδ
3594 1765 3692 1835 τῆς
3723 1762 4009 1825 εὐσεϐείας

752 1862 992 1920 sumpla.
1031 1856 1261 1911 alterius
1310 1857 1573 1914 factionis
1616 1862 1922 1916 Antiochia:
1968 1865 2178 1918 exstitit.
2229 1882 2324 1919 au-
2361 1844 2441 1918 Bs

2318 1844 2399 1906 ~B
2432 1866 2790 1936 περιθέμενος
2854 1862 3237 1932 προσωπεῖον,
3288 1860 3640 1925 συστήματος
3701 1855 3891 1923 ἑτέρου
3951 1857 4007 1905 ἐν

753 1957 892 2000 etor.
924 1947 1056 2002 Nam
1099 1950 1200 2004 sub
1227 1955 1653 2019 apostolicornm
1686 1957 1999 2026 dogmatum
2025 1961 2324 2015 defenden—

751 2039 946 2092 «lorum
982 2053 1269 2109 prmtextu,
1301 2045 1455 2099 brevi
1494 2048 1761 2102 miriﬁcus
1783 2066 1904 2104 csse
1931 2067 2072 2105 verae
2106 2054 2323 2121 pietatis

752 2145 1100 2201 Oppugnator
1123 2137 1397 2203 apparuit.
1431 2139 1786 2196 Adulterinas
1807 2144 2011 2212 quippe
2031 2144 2096 2198 de
2116 2159 2319 2199 aeterna

750 2238 802 2275 et
833 2226 1131 2280 immortali
1161 2240 1354 2283 natura
1386 2232 1677 2299 Opiniones
1720 2247 2087 2302 cenimentus,
2120 2240 2323 2308 gradus

751 2318 1017 2385 quosdam
1049 2329 1105 2372 ct
1142 2322 1436 2389 dignitates
1479 2324 1626 2377 inter
1671 2343 1728 2379 se
1780 2325 2102 2384 differentes
2148 2332 2322 2384 intro-

751 2412 929 2465 duxit.
975 2413 1053 2465 Ad
1109 2414 1223 2468 haec
1266 2417 1459 2470 salutis
1507 2420 1672 2471 etiam
1725 2430 1927 2473 nostra:
1974 2421 2325 2476 administra-

753 2503 920 2555 tionis
951 2507 1272 2573 mysteriuiu
1305 2507 1685 2584 imperfectum
1743 2511 2010 2575 reddidit,
2050 2513 2320 2565 animam-

751 2609 859 2660 que
891 2597 1236 2662 rationalem,
1286 2614 1390 2668 qua
1443 2616 1646 2665 corpus
1701 2618 1863 2656 omne
1917 2605 2149 2673 regitur,
2203 2606 2323 2674 ejus

751 2701 874 2752 qua:
918 2688 1081 2740 nobis
1126 2689 1324 2758 obtigit
1379 2692 1578 2746 salutis
1629 2705 1910 2761 expertem
1962 2711 2086 2749 esse
2136 2696 2319 2749 dixit:

753 2790 1042 2846 propterea
1096 2781 1239 2849 quod
1278 2782 1418 2837 hanc
1463 2799 1682 2853 quoque
1730 2802 1836 2838 non
1871 2787 2106 2848 σὶιίιιιιιιι,
2159 2788 2318 2842 sicuti

753 2873 1019 2939 reliquam
1052 2875 1303 2943 corporis
1334 2887 1607 2939 naturam,
1647 2879 1793 2931 Deus
1828 2878 2064 2935 Verbum
2100 2897 2321 2949 recepe-

757 2967 850 3028 rit,
888 2963 1228 3033 proindeque
1254 2967 1302 3018 ei
1338 2982 1517 3036 neque
1559 2970 1902 3023 sanationem
1939 2986 2114 3038 neque
2151 2972 2323 3024 hono-

758 3071 870 3107 rem
903 3056 1140 3124 aliquem
1174 3058 1483 3112 tradiderit.
1514 3062 1735 3126 Verum,
1766 3078 1968 3131 corpus
1995 3064 2071 3132 (2)
2101 3064 2320 3132 quidem

753 3158 990 3216 nugatus
1045 3160 1132 3203 est.
1183 3134 1236 3201 in
1291 3153 1430 3203 cwlo
1485 3152 1554 3206 ab
1606 3154 2069 3221 intellectuali(3)
2128 3158 2320 3209 militia

753 3243 901 3293 omni
955 3241 1171 3295 adorari
1207 3260 1220 3295 :
1260 3244 1500 3297 animam
1542 3261 1671 3299 vero
1701 3247 1755 3299 in
1789 3248 1950 3300 terris
1989 3241 2323 3312 manentem,

755 3341 815 3384 ut
867 3347 986 3401 qum
1041 3343 1263 3402 recepta
1312 3351 1421 3388 non
1473 3337 1567 3402 sit,
1616 3338 1723 3392 huc
1772 3355 1946 3408 usque
1994 3340 2322 3402 incuratam,

753 3424 1078 3491 peccatique
1134 3426 1434 3494 ignominia
1489 3429 1894 3482 circumdatam
1950 3445 2091 3483 esse.
2149 3435 2327 3498 Atque

755 3513 860 3566 alia
892 3515 1059 3568 etiam
1111 3516 1478 3572 absurditatis
1503 3520 1772 3589 ejusmodi
1808 3522 1970 3590 plena
2005 3522 2324 3586 blatterans,

756 3604 1054 3673 aliquando
1085 3607 1305 3674 quidem
1355 3621 1410 3663 et
1465 3608 1757 3663 Dominum
1802 3612 1981 3680 ipsum
2013 3627 2079 3665 ex
2113 3613 2328 3681 Virgine

761 3713 986 3752 carnem
1036 3703 1330 3770 recepisse,
1386 3703 1684 3771 aliquando
1732 3719 1867 3757 vero
1907 3718 2028 3758 eam
2071 3721 2254 3759 secum
2299 3722 2329 3759 e

762 3789 903 3844 caelo
933 3791 1286 3846 descendisse
1311 3832 1325 3854 ,
1369 3793 1648 3848 interdum
1677 3795 1846 3849 etiam
1875 3796 2118 3851 Verbum
2151 3798 2331 3866 ipsum

763 3884 818 3935 in
847 3897 1070 3935 carnem
1126 3892 1420 3948 mutatum,
1451 3885 1588 3938 nihil
1621 3901 1686 3940 ex
1716 3902 1882 3940 carne
1922 3897 2109 3941 nostra
2144 3904 2332 3956 sump-

765 3974 926 4035 sisse,
963 3972 1122 4026 dixit.
1162 3976 1342 4042 Atque
1386 3974 1614 4044 insuper
1651 3977 1774 4030 aliis
1827 3978 2106 4031 nonnullis
2143 3979 2335 4032 deliris

763 4076 818 4119 et
851 4065 1158 4132 nugacibus
1192 4064 1395 4118 fabulis
1428 4065 1990 4131 adinventis,divinis
2024 4083 2118 4122 eas
2135 4067 2333 4121 Serva-

765 4156 904 4208 toris
938 4155 1401 4223 promissionibus
1448 4157 1758 4224 conjunxit.
1793 4156 1940 4222 Quas
1987 4159 2331 4228 singulatim,

765 4257 1135 4313 praeterquam
1162 4247 1308 4314 quod
1340 4245 1408 4298 de
1432 4246 1514 4299 eis
1547 4255 1707 4299 antea
1739 4262 1961 4316 quoque
1989 4247 2250 4311 diximus,
2281 4251 2334 4303 in

771 4334 1061 4402 pi'arsentia
1117 4349 1412 4388 recensere
1462 4318 1937 4403 supervacaneum
2002 4353 2122 4392 esse
2181 4353 2332 4409 ρυιο.

770 4429 910 4480 'l‘uin
964 4427 1184 4495 quidem
1240 4426 1332 4480 ille
1383 4437 1756 4481 nontantum
1809 4431 2174 4484 sectatoribus
2222 4433 2338 4509 suis

2445 1960 2748 2027 Ἀντιοχείᾳ
2781 1956 3076 2009 καθίστατο
3123 1953 3390 2021 ἀρχηγός.
3440 1951 3687 2018 Σχήματι
3739 1947 3848 2014 γὰρ
3897 1944 4010 1997 τίῗν

2431 2051 2808 2106 ἀποστολικῶν
2838 2049 3122 2117 δογμάτων
3178 2045 3351 2098 δοκῶν
3403 2040 3830 2110 ὑπερίστασθαι,
3889 2039 4009 2106 μετ’

2430 2147 2613 2211 ὀλίγον
2647 2142 2934 2211 ὑπερφυής
2967 2155 3049 2201 τις
3073 2136 3226 2206 ὤφθη
3265 2134 3362 2202 τῆς
3394 2131 3683 2192 εὐσεϐείας
3720 2130 4008 2197 πολέμιος.

2430 2235 2677 2305 Κίϐδηλα
2704 2235 2811 2302 γάρ
2850 2250 2970 2285 τινα
3011 2232 3141 2298 περὶ
3189 2229 3283 2297 τῆς
3317 2225 3598 2294 ἀκηράτου
3630 2223 3849 2288 φύσεως
3883 2222 4012 2270 ἐπι-

2431 2331 2651 2395 νοήσας,
2691 2323 2934 2394 βαθμούς
2969 2338 3118 2382 τινας
3153 2320 3244 2370 καὶ
3281 2317 3570 2385 διαφόρους
3597 2313 3751 2377 ἀξίας
3782 2311 3966 2379 εἰσῆγε
3993 2325 4005 2338 ·

2431 2420 2567 2486 προς
2594 2418 2648 2469 δὲ
2712 2419 2806 2468 καὶ¹
2854 2415 2914 2466 τὸ
2970 2416 3066 2481 τῆς
3098 2410 3422 2478 οἰκονομίας
3469 2407 3776 2474 μυστήριον
3820 2403 4010 2463 ἀτελὲς

2430 2511 2640 2562 ἐποίειο
2685 2508 2778 2559 καὶ
2827 2504 3160 2575 ἐστερῆσθαι
3206 2507 3307 2572 την
3349 2499 3577 2568 λογικὴν
3621 2491 3863 2567 ψυχὴν
3899 2495 4011 2545 πᾶν

2430 2601 2716 2652 διοικεῖται
2754 2599 2813 2650 τὸ
2842 2597 3022 2663 σῶμα,
3053 2595 3154 2662 τῆς
3217 2593 3597 2661 γεγενημένης
3643 2590 3798 2655 ἔλεγε
3833 2604 4012 2657 σωτη-

2435 2690 2554 2760 ρίας
2577 2707 2589 2719 ·
2621 2688 2755 2758 μηδὲ
2785 2688 2889 2756 γὰρ
2922 2683 3321 2752 προσειλῆφθαι
3351 2684 3444 2734 καὶ
3486 2681 3694 2748 ταύτην
3716 2680 3788 2740 ὡς
3817 2679 3913 2730 καὶ
3943 2679 4012 2730 τὰ

2431 2783 2598 2835 λοιπὰ
2631 2782 2724 2832 τοῦ
2759 2780 3011 2846 σώματος
3045 2778 3133 2827 τὸν
3166 2776 3302 2827 Θεὸν
3331 2776 3509 2840 Λόγον
3537 2787 3552 2801 σ
3589 2773 3681 2824 καὶ
3717 2771 3807 2822 διὰ
3852 2769 4013 2820 τοῦτο

2436 2875 2569 2946 μηδὲ
2629 2871 2866 2940 ἰατρείας
2922 2870 3058 2937 μηδὲ
3106 2867 3271 2935 τιμῆς
3329 2863 3672 2932 μεταδοῦναι.
3730 2862 3900 2914 Ἀλλά
3949 2861 4013 2912 τὸ

2436 2967 2537 3035 μὲν
2586 2966 2747 3031 σῶμα
2789 2962 3051 3030 εληρώδει
3087 2960 3199 3010 ἄνω
3231 2955 3663 3028 προσκυνεῖσθαι
3693 2953 3798 3004 ὑπὸ
3829 2952 4010 3021 πάσης

2435 3056 2699 3124 στρατιᾶς
2726 3053 2942 3121 νοερᾶς,
2973 3053 3071 3118 τὴν
3097 3051 3152 3101 δέ
3184 3066 3248 3117 γε
3298 3046 3477 3117 ψυχὴν
3518 3045 3669 3097 κάτω
3718 3045 4010 3110 μείνασαν,

2433 3146 2808 3213 ἀθεράπευτον
2840 3144 2896 3203 ἐς
2922 3141 3081 3207 δεῦρο
3101 3139 3176 3199 ὡς
3203 3137 3593 3204 άπρόσληπτον
3617 3129 3759 3184 εἶναι
3790 3131 3889 3200 τὴν
3912 3132 4016 3197 τῆς

2434 3237 2712 3305 ἁμαρτίας
2744 3233 2971 3300 ἀτιμίαν
3004 3228 3419 3297 περικειμένην.
3451 3226 3565 3278 Kal.
3600 3222 3736 3276 ἄλλα
3763 3221 3810 3273 δ’
3841 3221 4017 3288 ’ἐτερα

2430 3330 2530 3399 τῆς
2562 3329 2681 3397 ἴσης
2725 3327 2955 3386 ἀτοπίας
2987 3325 3244 3376 ἀνάπλεω
3278 3316 3598 3389 φληναφῶν,
3637 3316 3766 3368 ποτὲ
3822 3315 3922 3384 μὲν
3949 3316 4017 3366 ὲκ

2431 3423 2529 3490 τῆς
2557 3421 2828 3491 παρθένου
2880 3420 2970 3470 καὶ
2999 3417 3163 3469 αὑτὸν
3199 3413 3526 3481 ἀνειλῆφθαι
3561 3412 3658 3480 τὴν
3699 3411 3877 3478 σάρκα
3916 3407 4018 3459 τὸν

2437 3512 2641 3581 Κύριον
2671 3512 2875 3575 ἔλεγεν,
2909 3508 3098 3559 ἄλλοτε
3131 3506 3175 3557 δ’
3209 3504 3268 3567 ἐξ
3304 3500 3539 3568 οὐρανοῦ
3585 3503 3681 3551 σὺν
3723 3498 3874 3564 αὖτῷ
3918 3513 4022 3548 κα·

2436 3603 2786 3672 τεληλυθέναι
2810 3620 2822 3634 ο
2852 3600 2981 3652 ποτὲ
3008 3600 3062 3649 δὲ
3096 3599 3191 3650 καὶ
3218 3597 3382 3648 αὐτον
3416 3596 3505 3646 τὸν
3532 3593 3705 3658 Λόγον
3728 3593 3806 3651 εἰς
3833 3588 4019 3656 σάρκα

2438 3696 2881 3764 μετατραπῆναι,
2924 3692 3088 3759 μηδὲν
3145 3691 3208 3740 ἐκ
3255 3687 3354 3756 τῆς
3388 3687 3665 3756 ἡμετέρας
3713 3682 4018 3747 προσειλη-

2437 3791 2608 3854 φότα·
2649 3785 2741 3836 καί
2783 3799 2934 3842 τινας
2967 3780 3191 3848 ἑτέρους
3237 3776 3503 3846 ληρώδεις
3545 3773 3748 3841 μύθους
3785 3772 4020 3838 ἐξευρη-

2437 3881 2568 3944 κὼς,
2597 3883 2715 3940 ταίς
2748 3877 2920 3936 Θείαις
2948 3873 3042 3926 τοῦ
3080 3872 3336 3938 Σωτῆρος
3373 3867 3728 3937 παρεζεύγνυ
3766 3865 4020 3929 ἐπαγγε-

2435 3974 2598 4033 λίαις,
2630 3971 2665 4023 ἃ
2698 3970 2836 4022 κατὰ
2871 3967 3036 4036 μέρος
3071 3966 3145 4033 τῷ
3173 3963 3405 4030 παρόντι
3451 3960 3708 4023 διεξιέναι
3759 3956 4023 4025 περιττὸν

2439 4059 2578 4116 εἶναι
2611 4062 2836 4130 νομίζω.
2885 4059 3036 4119 Τέως
3069 4073 3133 4122 γε
3186 4055 3292 4124 μὴν
3325 4055 3533 4114 ἐκεῖνος
3587 4051 3649 4102 οὐ
3686 4050 3848 4118 μόνον
3901 4049 4022 4110 τοῖς

2439 4156 2632 4224 ἐκείνῳ
2658 4153 2942 4222 ἑπομένοις
2970 4151 3067 4218 τῆς
3089 4149 3299 4208 οἰκείας
3324 4145 3503 4214 λύμης
3528 4143 3857 4212 μετέδωκεν,
3880 4141 4023 4192 ά).λά

2441 4248 2536 4299 καὶ
2581 4244 2810 4304 πολλοὺς
2840 4241 2950 4295 τῶν
2999 4241 3286 4308 ἡμετέρων
3334 4239 3540 4304 ταύτης
3579 4233 3865 4301 ἐνέπλησε.
3903 4234 4024 4284 Κᾶν

2441 4341 2497 4398 ἐς
2528 4337 2754 4404 ὕστερον
2776 4335 2836 4386 τὸ
2861 4335 2959 4401 τῆς
2992 4332 3113 4384 καθ’
3144 4330 3290 4398 ἡμᾶς
3323 4331 3564 4388 πίστεως
3591 4325 3833 4395 ὁρῶντες
3863 4339 4025 4404 περι-

2444 4430 2631 4498 φανὲς,
2665 4403 2804 4495 πλὴν
2834 4427 3031 4492 ὀλίγων
3058 4425 3299 4483 ἅπαντες
3339 4423 3405 4490 τῇ
3442 4419 3678 4471 καθόλου
3713 4403 4028 4485 Ἐκκλησία

770 4530 981 4588 pestem
1034 4521 1174 4572 hanc
1222 4520 1676 4584 communicavit,
1707 4520 1801 4574 sed
1835 4537 1903 4575 ex
1936 4525 2142 4577 nostris
2170 4505 2334 4577 etiam
2365 4544 2418 4603 Ι)
2447 4539 2459 4571 1

2365 4544 2418 4603 Β
2447 4518 2754 4589 προσῆλθον
2778 4553 2794 4580 ,
2827 4515 2919 4568 καὶ
2970 4513 3071 4580 τῆς
3105 4511 3206 4580 μὲν
3248 4507 3534 4603 κοινωνίας
3576 4505 3878 4603 μετέσχονς
3920 4505 4028 4603 τῆς

775 4613 976 4666 multos
1005 4627 1068 4665 ea
1112 4610 1323 4666 infecit.
1355 4611 1616 4678 Quamvis
1647 4624 1835 4682 postea
1873 4615 2166 4682 papulares
2197 4617 2338 4684 ejus,

768 4721 927 4759 suam
959 4705 1202 4774 ipsorum
1236 4705 1633 4759 obscuritatem
1673 4714 1726 4758 et
1763 4705 1890 4760 lidei
1926 4715 2133 4759 nostra:
2157 4707 2344 4776 splen-

773 4800 962 4850 dorem
1009 4797 1280 4849 illustrem
1323 4806 1638 4858 cernentes,
1677 4798 1872 4866 paucis
1899 4800 2148 4866 exceptis
2177 4836 2190 4860 ,
2223 4813 2344 4851 om-

774 4902 878 4941 nes
907 4887 972 4939 ad
1019 4886 1310 4940 ecclesiam
1349 4902 1406 4938 se
1437 4885 1761 4960 catholicam
1795 4887 2152 4950 contulerint,
2191 4899 2246 4942 et
2276 4888 2344 4942 de

773 4979 1169 5032 communione
1202 4977 1422 5043 quidem
1456 4986 1644 5029 nostra
1676 4978 2156 5045 participaveriut,
2181 4979 2346 5047 πίει-ἰ-

779 5072 988 5123 tudinis
1018 5080 1202 5123 autem
1234 5085 1344 5122 suae
1377 5081 1647 5122 venenum
1681 5084 1788 5122 non
1827 5073 2054 5122 omnino
2082 5085 2346 5123 evomuc-

781 5168 916 5226 rint,
958 5176 1124 5232 atque
1160 5163 1213 5216 id
1269 5164 1560 5231 permultis
1608 5178 1797 5216 sanam
1847 5164 2164 5232 opinionem
2200 5165 2343 5216 obti-

783 5259 1044 5314 nentibus
1077 5258 1265 5310 furtim
1297 5257 1661 5311 obtruserint.
1699 5256 1853 5311 Unde
1885 5258 2049 5311 etiam
2087 5268 2342 5326 tauquam

781 5371 809 5407 a
865 5352 1050 5406 radice
1092 5351 1259 5418 mala,
1289 5366 1449 5403 unam
1485 5365 1606 5403 esse
1648 5358 1703 5403 et
1741 5349 2048 5402 divinitatis
2080 5359 2136 5402 et
2167 5350 2346 5402 carnis

790 5455 1037 5498 naturain
1096 5453 1151 5497 et
1197 5443 1542 5495 divinitatem
1597 5440 1838 5508 passioni
1894 5456 2001 5493 non
2052 5441 2342 5493 obnoxiam

787 5537 1095 5603 passionem
1131 5533 1371 5590 subiisse
1405 5533 1480 5603 (id
1507 5532 1654 5602 quod
1689 5547 1853 5601 supra
1891 5545 2109 5602 quoque
2142 5532 2348 5599 aliqua-

853 5715 930 5786 (l)
965 5712 1296 5783 Apollinaris
1329 5711 1552 5765 hmresis
1577 5751 1590 5774 ,
1632 5710 1794 5763 Deum
1837 5710 2077 5790 Verbum
2111 5708 2344 5760 animam

785 5786 1076 5840 humanam
1106 5801 1227 5838 cum
1250 5799 1425 5858 carne
1452 5797 1556 5834 non
1581 5786 1962 5858 assumpsisse,
1985 5791 2037 5833 et
2057 5789 2344 5849 propterea

782 5872 902 5914 tam
936 5857 988 5910 in
1019 5856 1203 5925 priore
1231 5854 1584 5908 damnatione
1609 5854 1996 5923 permansisse.

2445 4613 2484 4664 δ’·
2520 4610 2729 4670 οἰκείας
2779 4608 2936 4659 νόσον
2979 4606 3070 4656 τὸν
3124 4604 3200 4654 ἰδν
3244 4601 3349 4652 οὐκ
3403 4599 3701 4667 ὲξήμεσαν,
3747 4597 3887 4648 ἀλλά
3925 4599 4029 4647 καὶ

2447 4707 2664 4766 πολλοῖς
2693 4702 2804 4756 τῶν
2837 4699 3007 4768 ὑγιῶς
3036 4699 3270 4768 ἑχόντων
3309 4694 3510 4763 ταύτης
3547 4694 3734 4762 κρύφα
3784 4690 4031 4759 μετέδω-

2445 4818 2568 4852 καν.
2601 4794 2884 4852 Ἐντεῦθεν
2917 4793 2961 4844 δ’
2997 4793 3072 4852 ὡς
3111 4791 3218 4843 ἀπὸ
3251 4787 3430 4854 κακῆς
3477 4785 3688 4854 ρίζηςή
3726 4785 3824 4850 μία
3859 4784 4030 4848 φύσις

2445 4896 2545 4956 τῆς
2581 4891 2832 4956 θεότητος
2871 4885 2967 4937 καὶ
3000 4884 3099 4950 τῆς
3146 4881 3351 4950 σαρκὸς
3402 4881 3613 4945 άνεξύη
3649 4876 3796 4939 δόξα,
3831 4887 3924 4926 και
3968 4878 4030 4927 τι

2448 4985 2789 5053 προσάπτειν
2843 4975 3012 5036 πάθος
3063 4973 3137 5041 τῷ
3184 4971 3389 5023 ἀλαθεῖ
3439 4971 3539 5038 τῆς
3575 4968 3868 5036 θεότητος.
3930 4970 4029 5020 καὶ

2451 5075 2615 5128 τᾶλλα
2649 5074 2750 5123 ὅσα
2795 5070 3058 5138 μεγίστην
3103 5064 3219 5131 ἔριν
3256 5063 3333 5131 τῷ
3364 5078 3422 5113 τε
3449 5060 3648 5128 πλήθει
3689 5061 3782 5111 καὶ
3817 5062 3928 5120 τοῖς
3967 5062 4030 5125 ἡ-

2449 5165 2738 5234 γοωμένοις
2791 5164 2883 5213 καὶ
2930 5161 3166 5226 πόλεμον
3212 5157 3528 5222 ἀκήρυκτον
3568 5153 3808 5222 ἤγειρεν.
3861 5151 4031 5203 Ἀλλά

2450 5259 2623 5311 ταῦτα
2660 5256 2757 5323 μὲν
2791 5254 3019 5321 ὕστερον
3069 5249 3314 5318 ἐγεγόνει
3340 5263 3355 5277 ·
3400 5244 3706 5313 τηνικαῦτα
3732 5243 3799 5306 δ’,
3832 5244 3906 5304 ὡς
3944 5245 4032 5293 εἰ·

2455 5362 2634 5413 ρηται,
2663 5343 2923 5408 Σάπωρος
2952 5338 3043 5390 τοῦ
3095 5334 3403 5406 στρατηγοῦ
3434 5336 3612 5386 ἐκεῖσε
3648 5349 3844 5400 γεγενη
3858 5333 4032 5400 μένου

2452 5436 2594 5488 κατὰ
2621 5439 2720 5502 τὴν
2751 5432 3108 5498 Ἀντιόχειαν,
3139 5429 3277 5480 ὥστε
3314 5427 3662 5493 καταστῆσαι
3692 5426 3726 5480 ἃ
3760 5428 4032 5495 κηρύσσει

2451 5533 2702 5598 Δάμασος
2729 5527 2819 5578 καὶ
2848 5525 3014 5593 αὐτὴν
3047 5523 3318 5591 στέργειν,
3353 5523 3446 5571 καὶ
3474 5520 3565 5570 τὸν
3600 5520 3766 5589 νόμον
3792 5518 4032 5588 Γρατιειο

2529 5705 2604 5771 ('2)
2637 5707 2938 5759 Terrenum,
2976 5698 3188 5778 Theod.
3567 5770 3584 5778 _
3717 5767 3740 5778 ⁵
3830 5765 3840 5778 '

2527 5767 2601 5841 (5)
2645 5775 2780 5824 Ὑπὸ
2836 5776 2933 5822 :u'u
2989 5771 3232 5839 ἀοράτων
3285 5770 3680 5838 προσκυνεῖται
3716 5767 4030 5834 δυνάμεων.

2455 5845 2662 5900 Theod.
