4278 6438
303 364 405 426 757

1193 366 1792 428 ECCLESIASTIC/E
1831 366 2219 429 HISTORIA:
2258 370 2403 430 LIB-
2449 372 2582 435 XII.

3425 370 3533 431 758

296 481 393 532 νοῦ
425 479 845 549 προϐάλλοντος,
871 480 1129 544 Παυλῖνος
1146 480 1513 550 διισχυρίζετο
1543 478 1703 543 αὐτὸς
1726 476 1870 533 εἶναι
1899 480 1947 541 Α
1977 488 1985 532 I

1840 497 1870 531 ιι
1899 480 1947 541 Α
1977 488 2140 535 tenus
2182 496 2249 535 ex
2299 480 2563 551 Gregorio
2597 470 2941 538 Nazianzeno
2972 484 3309 551 retulimus),
3342 485 3529 553 opinio

291 573 395 641 τῆς
421 574 682 642 Δαμάσου
726 573 963 642 μερίδος.
996 573 1225 642 Ἐπίσης
1247 574 1303 627 δὲ
1336 574 1430 627 καλ⁵
1456 573 1866 643 Ἀπολλινάριος

292 665 448 730 ελεγι
477 664 886 733 κατακρύπτων
920 665 1020 733 τὴν
1050 664 1225 718 νόσον.
1276 664 1486 733 Ἦσυχῆ
1534 665 1590 719 δέ
1622 665 1869 734 καθῆστο

293 756 558 816 Μελὲτιος
590 754 699 808 τῶν
746 738 1023 827 ἑκατέρων
1080 757 1255 823 λόγων
1306 758 1756 827 ὲπακροώμενος.
1799 758 1858 811 Ὁ

292 848 351 900 δέ
379 865 441 914 γε
480 848 620 911 θεῖος
654 848 955 911 Φλαϐιανὺς
984 850 1064 902 ἐτι
1113 868 1166 903 τι
1212 850 1290 921 τῷ
1323 852 1434 905 τῶν
1479 850 1871 921 πρεσϐυτέρων

293 941 602 1011 ἐμπρέπων
627 941 843 1012 βαθμῷ,
878 942 1061 1011 ἠρέμα
1096 943 1193 996 τοῦ
1224 944 1531 1015 στρατηγοῦ
1560 946 1865 1007 έπαῖοντος,

296 1035 436 1102 πρὸς
495 1035 755 1089 Παυλῖνον
810 1037 950 1106 ἔφη·
988 1055 1008 1088 ι
1058 1038 1121 1091 El
1157 1036 1191 1090 ἃ
1240 1036 1559 1108 δογματίζει
1616 1037 1870 1105 Δάμασος

296 1130 572 1196 στέργεις,
604 1122 649 1181 ὧ
676 1128 853 1191 οὗτος,
906 1128 1077 1195 δεῖξον
1110 1132 1240 1199 ἡμῖν
1269 1130 1369 1201 τὴν
1401 1130 1501 1200 τῆς
1531 1128 1691 1198 δόξης
1737 1146 1868 1197 συγ-

295 1220 518 1287 γένειαν
539 1234 553 1249 ο
582 1220 791 1281 ἐκεῖνος
821 1221 933 1290 γὰρ
967 1222 1095 1291 μίαν
1122 1220 1316 1275 οὐσίαν
1342 1220 1442 1291 τῆς
1478 1221 1707 1291 Τριάδος
1737 1224 1870 1290 ὁμο·-

296 1311 470 1378 λογεῖ,
498 1311 593 1363 καὶ
622 1312 721 1373 τὰς
741 1312 893 1379 τρεῖς
918 1312 1244 1375 ὑποστάσεις
1264 1310 1565 1382 διαρρήδην
1587 1309 1868 1381 κηρύττει.

296 1403 369 1455 Σὺ
419 1402 467 1455 δ’
522 1402 707 1465 ἔοικας
749 1402 811 1467 ἑξ
843 1395 917 1455 ὧν
967 1401 1168 1468 λέγεις,
1220 1403 1321 1473 τὴν
1373 1402 1481 1456 τῶν
1518 1402 1872 1456 ὐποστάσεων

296 1492 549 1561 ἀναιρεῖν
576 1492 793 1561 τριάδα.
830 1489 1120 1559 Συμφὼνει
1151 1490 1333 1543 τοίνυν
1373 1486 1566 1557 ἐκείνῳ
1597 1490 1706 1550 τοῖς
1744 1487 1871 1554 δόγ-

299 1599 458 1650 μασι,
494 1584 591 1636 κει.)⁵
639 1584 783 1637 κατὰ
838 1583 929 1636 τὸν
974 1584 1077 1650 τῆς
1133 1582 1468 1650 Ἐκκλησίας
1522 1581 1728 1651 θεσμὸν
1776 1582 1872 1645 τάς

296 1671 601 1738 ἐκκλησίας
652 1672 917 1739 ἀσφαλῶς
952 1672 1171 1739 κάτεχε.
1238 1690 1259 1723 ο
1320 1670 1430 1723 Καὶ
1462 1669 1556 1722 τὸν
1598 1671 1698 1740 μὲν
1730 1667 1875 1723 οὕτω

296 1761 703 1828 κατασιγάσας,
743 1763 880 1831 πρλς
912 1762 1000 1813 τὸν
1043 1761 1455 1832 Ἀπολλινάριον
1488 1761 1872 1831 ἐπιστραφεὶς,

297 1855 402 1924 ἔφη
432 1872 446 1886 ·
488 1873 506 1907 ι
542 1855 743 1927 Θαῦμά
775 1875 864 1925 μοι
900 1856 1135 1919 ἔπεισιν,
1168 1850 1212 1910 ὦ
1252 1856 1497 1926 φιλότης,
1529 1857 1646 1918 πῶς
1700 1855 1876 1917 οὕτως

296 1951 495 2017 ἀνέδην
522 1950 658 2018 πρὸς
692 1952 755 2003 τὸ
780 1950 976 2020 ψεῦδος
1011 1950 1074 2020 δὴ
1101 1948 1345 2019 κεχηνὼς
1372 1950 1471 2002 οὐκ
1495 1950 1754 2019 ἐντρέπῃ,
1782 1952 1875 2001 καὶ

295 2040 454 2095 ταῦτ’
477 2042 722 2111 ἀκριϐῶς
744 2042 898 2104 είδὼς
926 2042 1001 2105 ὡς
1022 2044 1048 2094 6
1073 2041 1359 2103 θεσπέσιος
1392 2042 1643 2109 Δάμασος
1664 2042 1876 2094 τελείαν

297 2134 581 2200 εἰληφέναι
618 2134 715 2203 τὴν
747 2133 1025 2204 ἡμετέραν
1054 2133 1216 2201 φύσιν
1242 2133 1333 2185 τὸν
1368 2133 1499 2185 Θεὸν
1528 2133 1700 2199 Λόγον
1737 2132 1876 2185 πλα-

296 2225 381 2274 τεῖ
417 2221 735 2290 δογματίζει
762 2222 841 2292 τῷ
865 2222 1121 2291 στόματι.
1151 2223 1222 2274 Σὺ
1263 2222 1308 2274 δ’
1342 2222 1421 2285 είς
1461 2226 1607 2276 ἅπαν
1657 2222 1876 2274 ἐναντία

301 2314 451 2382 μάλα
477 2317 695 2384 φρονεῖς
722 2333 735 2348 σ
769 2316 845 2385 μὴ
872 2316 979 2386 γὰρ
1013 2315 1214 2384 ψυχὴν,
1254 2315 1391 2384 μηδὲ
1442 2315 1565 2367 νοῦν
1598 2316 1655 2368 τὸ
1682 2316 1879 2382 ἡμέτε-

302 2425 397 2476 ρον
427 2407 827 2478 προσειλῆφθαι
858 2409 963 2478 φῂς
1010 2408 1238 2477 ἐκείνῳ·
1274 2406 1309 2460 ἃ.
1338 2407 1402 2475 δὴ
1435 2410 1530 2475 τῆς
1581 2407 1701 2460 καθ’
1728 2407 1877 2476 ἡμᾶς

300 2503 519 2568 φύσεως
563 2500 900 2571 καιριώτερα
925 2515 943 2530 ⁹
982 2500 1077 2551 καὶ
1122 2500 1210 2552 διὰ
1241 2498 1398 2552 τοῦτο
1441 2501 1533 2550 καὶ
1569 2500 1667 2565 τῆς
1701 2516 1877 2567 σωτη-

304 2592 430 2660 ρίας
464 2593 653 2644 έκεῖνα
678 2594 910 2661 στερεῖς.
948 2590 1010 2643 Εἰ
1031 2590 1087 2641 δέ
1116 2590 1285 2657 ψευδῆ
1316 2605 1407 2641 σου
1438 2588 1875 2659 κατηγοροῦμεν,

298 2681 440 2733 ἀλλὰ
502 2680 602 2733 νῦν
645 2680 819 2744 δεῖξοι
848 2680 925 2743 ὡς
973 2682 1292 2747 συμφωνεῖς
1348 2679 1591 2747 Δαμάσῳ
1622 2677 1879 2729 τάναντία

302 2788 387 2824 σοι
426 2772 837 2841 δογματίζοντι,
884 2772 986 2841 τήν
1030 2787 1116 2823 σοι
1174 2770 1670 2838 καινοτομηοεῖσαν
1725 2768 1879 2821 νόσον

301 2858 770 2927 άποϐαλλόμενος,
807 2858 902 2913 καὶ
950 2860 1075 2920 τοὺς
1107 2857 1285 2927 ἱεροὺς
1322 2855 1523 2925 σηκοὺς
1583 2856 1802 2924 κάτεχε.
1853 2872 1873 2905 ι

314 2951 374 3004 ὐ
415 2952 514 3020 μὲν
539 2946 636 3002 οὖν
694 2949 843 3010 θεῖος
893 2947 1195 3010 Φλαϐιανὺς
1252 2946 1397 2999 οὕτω
1453 2949 1568 3009 τοῖς
1623 2946 1880 3015 ἀληθέσιν

299 3042 555 3109 ἐλέγχοις
580 3039 803 3109 τὴντῶν
827 3040 1156 3109 ἀμφοτέρων
1173 3040 1500 3108 ἐπεστόμισε
1529 3040 1843 3109 παρρησίαν
1860 3056 1872 3069 '

1970 572 2264 641 pullulavit
2293 589 2304 625 :
2344 584 2400 628 et
2440 575 2547 630 alia
2581 585 2846 646 praeterea
2880 591 3000 646 qua:
3036 577 3201 647 223
3233 586 3289 632 et
3341 578 3531 631 multi-

1973 666 2148 719 tudini
2168 666 2359 734 etejus
2378 668 2695 729 antistibus.
2725 670 3130 724 contentionem
3158 675 3213 724 in
3239 671 3530 724 maximam

1970 756 2285 826 bellumque
2306 758 2649 827 implacabile
2670 773 2950 828 peperere,
2973 760 3530 829 prodierunt.Verum

1973 849 2087 904 haec
2148 859 2335 919 postea
2390 851 2662 907 accidere.
2712 851 2851 906 Tum
2903 861 3110 918 autem,
3154 852 3320 908 sicuti
3384 854 3530 920 dixi,

1971 957 2095 995 cum
2164 944 2471 998 Antiochia:
2514 944 2752 1015 Sapores
2816 943 2925 999 dux
2971 954 3141 1009 esset,
3192 956 3358 1016 atque
3392 946 3533 1001 Grao

1978 1035 2114 1089 tiani
2145 1036 2621 1103 constitutionem,
2661 1047 2721 1091 ut
2749 1052 2914 1107 quam
2943 1036 3103 1090 tidem
3144 1036 3410 1091 Damasus
3441 1036 3538 1089 de-

1972 1126 2323 1196 pradicaret,
2375 1128 2428 1185 in
2458 1143 2520 1182 ea
2555 1142 2778 1198 quoque
2807 1127 3099 1182 Antiochia
3131 1126 3535 1197 acquiesceret,

1972 1218 2382 1288 praetenderet.
2443 1220 2883 1291 servandamque
2935 1220 3153 1290 iuberet.
3196 1235 3211 1273 :
3262 1217 3532 1272 Paulinus

1973 1310 2196 1379 quidem
2228 1311 2447 1366 Damasi
2488 1312 2727 1382 partium
2759 1326 2817 1367 se
2867 1326 2991 1369 esse
3036 1311 3346 1366 aﬂirmavit.
3387 1310 3534 1364 Idem

1974 1417 2195 1473 quoque
2233 1402 2588 1471 Apollinaris,
2624 1405 2879 1459 morbum
2928 1404 3139 1467 celans,
3169 1402 3329 1457 dixit.
3367 1402 3539 1456 Mele-

1975 1493 2085 1549 tius
2118 1502 2306 1550 autem
2340 1496 2628 1567 utriusque
2648 1497 2817 1553 verba
2838 1495 3092 1561 audiens,
3136 1496 3338 1551 tacitus
3370 1494 3534 1550 sedit.

1974 1585 2053 1641 lbi
2122 1596 2238 1641 tum
2303 1587 2523 1642 divinus
2574 1587 2908 1654 Flavianus,
2975 1590 3032 1645 in
3086 1590 3538 1659 presbyterorum

1975 1678 2283 1733 etiamnum
2315 1679 2511 1735 ordine
2541 1682 2874 1749 consistens,
2897 1682 3039 1737 duce
3074 1681 3288 1752 placide
3313 1682 3542 1736 audien-

1978 1779 2053 1831 te,
2109 1770 2177 1824 ad
2233 1770 2521 1825 Paulinum
2563 1787 2580 1824 :
2629 1790 2647 1823 ι
2688 1772 2743 1828 Si
2800 1773 2855 1827 in
2903 1772 3120 1840 eadem,
3162 1774 3361 1839 inquit,
3414 1788 3539 1827 cum

1981 1863 2232 1925 Damaso,
2267 1878 2300 1917 o
2331 1864 2499 1929 bone,
2533 1864 2808 1919 sententia
2843 1866 3173 1934 acquieScis,
3208 1865 3409 1920 exhibe
3442 1882 3544 1919 no-

1977 1954 2062 2008 bis
2118 1955 2394 2023 opinionis
2446 1956 2893 2025 coniunctionem
2948 1969 3003 2011 et
3055 1956 3397 2013 aﬂinitatem.
3448 1956 3545 2010 Ille

1980 2062 2216 2115 namque
2269 2046 2633 2101 substantiam
2685 2063 2847 2101 unam
2899 2048 3189 2103 Trinitatis
3234 2048 3542 2118 profitetur,

1978 2147 2033 2189 et
2094 2148 2203 2191 tres
2256 2137 2645 2193 subsistentias
2690 2138 2913 2193 disertis
2948 2140 3133 2194 verbis
3186 2139 3542 2208 depraadicat.

1979 2226 2056 2280 Tu
2094 2242 2240 2289 vero,
2282 2227 2443 2281 sicuti
2481 2227 2649 2281 verba
2684 2238 2774 2280 tua
2810 2228 3117 2293 declarant,
3160 2228 3546 2283 subsistentia-

1978 2335 2100 2372 rum
2166 2318 2465 2371 trinitatem
2529 2333 2753 2386 prorsus
2812 2319 2983 2372 tollis.
3059 2318 3407 2389 Quapropter
3475 2319 3545 2373 ad

1981 2410 2131 2463 illius
2186 2417 2258 2474 te,
2290 2424 2390 2478 per
2439 2424 2799 2473 consensum,
2848 2409 3103 2477 dogmata
3151 2410 3385 2480 adjungc
3426 2428 3439 2463 :
3492 2419 3547 2464 et

1980 2498 2266 2557 ecclesias.
2308 2498 2459 2567 juxta
2508 2512 2699 2551 earum
2736 2498 3074 2562 sanctiones,
3110 2508 3229 2550 tuto
3265 2497 3473 2550 obtinc.
3520 2516 3537 2547 ι

1980 2588 2159 2656 Atque
2207 2587 2300 2641 ubi
2338 2588 2485 2642 hunc
2526 2588 2603 2641 ita
2646 2587 2810 2642 silere
2846 2587 3045 2656 coegit.
3081 2587 3148 2640 ad
3181 2587 3544 2657 Apollinarium

1980 2694 2283 2733 conversus
2318 2696 2331 2732 :
2375 2697 2396 2757 ε
2429 2679 2597 2734 Valde
2630 2688 2680 2733 te
2713 2677 2981 2743 admiror,
3018 2678 3118 2741 ait,
3146 2692 3179 2731 ο
3216 2677 3415 2741 amice,
3452 2678 3546 2746 qui

1984 2782 2090 2825 tam
2118 2771 2468 2840 impudenter
2490 2770 2779 2824 mendacio
2803 2770 3045 2836 inhians,
3072 2784 3181 2824 non
3212 2770 3542 2824 erubescas:

1980 2879 2102 2919 Cum
2140 2862 2362 2931 quidem
2398 2868 2550 2916 certo
2587 2862 2749 2927 scias,
2773 2860 3095 2925 Damasum,
3129 2859 3407 2913 hominem
3449 2856 3547 2912 ad-

1984 2956 2317 3020 mirandum,
2343 2957 2487 3026 quod
2516 2956 2662 3011 Deus
2701 2954 2937 3011 Verbum
2965 2954 3260 3025 perfectam
3290 2963 3543 3006 naturam

1982 3055 2222 3097 nostram
2261 3042 2590 3112 susceperit,
2640 3059 2736 3097 ore
2792 3043 2954 3113 pleno
3002 3042 3283 3111 propalam
3319 3041 3542 3095 docere.

302 3133 567 3196 Μελέτιος
601 3133 679 3196 δὲ,
710 3134 931 3185 πάντων
960 3132 1269 3200 ἀνθρώπων
1298 3133 1623 3201 πραότατος,
1654 3134 1873 3202 ἡμέρως
1905 3137 1946 3196 C
1982 3134 1991 3148 '

1856 3137 1946 3196 :c
1982 3133 2061 3186 Tu
2111 3148 2240 3186 vero
2289 3132 2563 3187 contraria
2611 3148 2837 3203 prorsus
2886 3132 3081 3186 sentis.
3123 3130 3245 3186 Non
3280 3129 3425 3185 enim
3476 3132 3545 3183 ab

302 3224 443 3293 πρὸς
472 3224 737 3276 Παυλῖνον
774 3222 880 3291 ἔφη
905 3239 919 3253 ’
954 3241 973 3274 ι
1012 3221 1167 3274 Ἐπεὶ
1194 3223 1268 3290 μή
1307 3239 1388 3275 σοι
1425 3222 1591 3292 μόνῳ,
1621 3221 1755 3275 ἀλλὰ
1782 3225 1875 3276 καὶ⁵

301 3320 431 3385 ἐμοὶ
485 3318 663 3384 λόγοις
715 3310 797 3378 οἷς
851 3312 993 3368 οἶδεν
1025 3318 1053 3368 6
1105 3316 1360 3383 ἀληθινὸς
1398 3317 1603 3386 ποιμὴν
1636 3318 1731 3369 καὶ
1769 3316 1876 3369 τῶν

301 3410 597 3478 προϐάτων
618 3407 838 3477 Κύριος,
858 3407 955 3476 τὴν
971 3407 1176 3460 τούτων
1190 3409 1489 3477 ἐνεχείρισε
1516 3410 1876 3478 προστασίαν,

298 3502 474 3567 ἄμφω
492 3500 547 3552 δὲ
574 3501 641 3552 τὰ
665 3500 894 3567 ποίμνια
925 3499 1176 3569 ἀλλήλοις
1199 3499 1273 3561 ὡς
1296 3501 1442 3562 εἰκὸς
1479 3503 1755 3565 κοινωνεῖ,
1785 3501 1878 3553 καὶ

297 3596 398 3661 τὴν
415 3591 546 3658 ὐγιᾶ
564 3589 794 3659 βοτάνην
818 3591 920 3659 τῆς
946 3591 1230 3653 εὐσεϐείας
1253 3592 1572 3655 σιτίςονται,
1593 3592 1692 3661 τὴν
1711 3592 1876 3645 θανά-

299 3700 466 3752 σιμον
484 3685 626 3737 πόαν
648 3683 744 3737 καὶ
764 3683 995 3754 νοσερὰν
1018 3684 1128 3737 τῶν
1156 3683 1449 3753 αίρετικῶν
1474 3685 1875 3753 έκτρεπόμενα,

297 3778 346 3828 εί
377 3776 548 3839 δοκεῖ,
579 3775 932 3843 συνάψωμεν,
964 3767 1010 3827 ὦ
1059 3774 1307 3845 φιλότης,
1342 3776 1441 3844 τῆς
1493 3772 1781 3835 εὐσεϐείας
1807 3773 1877 3825 τὰ

296 3866 627 3937 θρέμματα,
675 3868 772 3919 καὶ
802 3865 908 3918 ὑπὸ
951 3866 1081 3933 μίαν
1121 3866 1363 3934 μάνδραν
1407 3865 1749 3935 ποιήσωμεν,
1777 3863 1878 3933 τὴν

295 3962 399 4030 τῆς
436 3958 804 4027 ποιμαντικῆς
839 3958 1192 4018 διαλύσαντες
1226 3956 1370 4025 εριν.
1402 3957 1514 4009 Καὶ
1540 3955 1710 4024 ἄμφω
1734 3955 1788 4007 δὲ
1811 3956 1879 4009 τὰ

297 4050 553 4119 πρόϐατα
585 4050 865 4117 νέμοντες,
897 4048 1087 4118 κοινὴν
1116 4049 1210 4101 καὶ
1236 4048 1333 4114 τὴν
1368 4046 1668 4116 θεραπείαν
1696 4048 1762 4100 ὲκ
1780 4048 1877 4116 τῆς

293 4141 653 4203 διδασκαλίας
676 4140 1067 4210 προσάγωμεν.
1100 4140 1161 4192 Εί
1192 4139 1250 4191 δὲ
1276 4141 1304 4191 6
1347 4139 1511 4209 μέσος
1553 4139 1741 4209 θρόνος
1778 4138 1878 4209 τὴν

297 4230 641 4303 φιλονεικίαν
664 4229 973 4301 διερεθίζει,
1022 4230 1115 4282 καὶ
1143 4228 1312 4295 τοῦτ’,
1346 4232 1395 4281 εί
1447 4228 1646 4297 βούλει,
1682 4229 1876 4282 θάττον

294 4322 553 4377 διαλῦσαι
604 4320 960 4391 πειράσομαι.
1002 4320 1214 4389 Χρῆναι
1274 4319 1382 4389 γάρ
1436 4318 1784 4387 είσηγοῦμαι,
1819 4321 1876 4371 ὲν

1981 3225 2075 3279 illo
2121 3226 2359 3278 animam
2394 3234 2449 3279 et
2488 3234 2726 3278 mentem
2766 3234 3034 3290 nostram,
3080 3237 3201 3292 quae
3249 3223 3301 3277 in
3350 3230 3546 3275 natura

1980 3329 2169 3372 nostra
2199 3318 2651 3386 praestantissima
2688 3325 2839 3381 sunt,
2868 3325 3204 3385 assumptum
3229 3330 3353 3369 esse
3383 3313 3544 3375 dicis,

1978 3418 2033 3462 et
2088 3417 2374 3476 propterea
2448 3406 2621 3460 salute
2688 3415 2978 3475 utramque
3033 3406 3240 3475 privas.
3288 3402 3445 3469 Quod
3498 3404 3545 3456 si

1979 3499 2119 3552 falso
2156 3506 2207 3552 te
2250 3498 2556 3567 arguimus,
2608 3506 2663 3551 at
2705 3506 2763 3551 tu
2804 3512 3071 3551 novarum
3104 3512 3287 3551 rerum
3328 3506 3543 3566 tuarum

1978 3588 2176 3642 morbo
2220 3588 2460 3653 abiecto,
2495 3595 2548 3641 te
2593 3587 2825 3640 Damaso
2869 3586 3089 3640 diversa
3144 3599 3372 3654 prorsus
3409 3600 3439 3636 a
3492 3592 3545 3637 te

1977 3681 2219 3745 docenti,
2262 3680 2578 3735 consentire
2626 3680 2877 3742 ostende,
2913 3687 2970 3733 ct
3005 3692 3286 3732 sacrarum
3343 3676 3541 3729 aedium

1979 3788 2168 3827 curam
2204 3771 2418 3827 obtine.
2453 3789 2472 3823 ι
2520 3772 2587 3826 Et
2623 3771 2845 3825 divinus
2875 3770 3097 3840 quidem
3132 3769 3443 3829 Flavianus,
3476 3767 3542 3819 ad

1977 3865 2128 3921 hunc
2149 3865 2370 3920 modum
2394 3865 2575 3918 veraci
2592 3863 2974 3918 conlutationc
3008 3866 3299 3929 utriusque
3321 3858 3543 3913 dicendi

1977 3958 2259 4013 obturavit
2322 3958 2625 4014 licentiam.
2691 3956 2943 4012 Meletius
3002 3966 3187 4010 autem
3258 3956 3543 4009 hominum

1978 4050 2227 4105 omnium
2281 4049 2633 4113 mitissimus,
2698 4048 3010 4117 perplacidc
3072 4047 3300 4101 Paulino
3351 4046 3540 4099 dixit:

1982 4161 2001 4195 ι
2036 4141 2491 4211 Quandoquidem
2519 4142 2594 4209 (ί)
2618 4155 2727 4194 non
2758 4140 2853 4194 tibi
2879 4140 3001 4203 soli,
3027 4140 3124 4194 sed
3153 4139 3289 4193 mihi
3319 4151 3544 4209 quoque

1980 4235 2194 4287 ratione
2223 4243 2280 4287 et
2310 4232 2512 4297 verbis,
2538 4246 2663 4299 qua:
2685 4246 2849 4285 verus
2881 4240 3066 4299 pastor
3097 4241 3152 4285 et
3178 4230 3322 4284 idem
3358 4230 3543 4283 ovium

1982 4327 2246 4380 Dominus
2288 4325 2462 4389 novit,
2513 4325 2747 4378 istorum
2781 4337 2973 4377 curam
3001 4332 3058 4378 et
3106 4323 3542 4378 administratio-

301 4414 407 4483 μὲν
442 4411 522 4482 τῷ
557 4411 734 4481 θρόνῳ
767 4412 921 4481 μέσῳ
954 4410 1200 4472 εὐλαϐῶς
1246 4410 1308 4462 τὸ
1358 4411 1503 4480 ἱερὸν
1544 4410 1875 4478 Εὐαγγέλιον
1906 4469 1947 4485 λ
1981 4435 1990 4472 ι

1854 4430 1875 4465 ν
1906 4469 1947 4485 λ
1981 4435 2105 4473 nem
2162 4416 2461 4480 mandavit,
2494 4426 2552 4471 et
2592 4430 2786 4485 greges
2833 4416 3056 4485 utrique
3104 4430 3205 4485 pro
3257 4430 3325 4469 eo
3379 4423 3543 4482 atque

296 4502 635 4571 προτεθῆναι
662 4518 678 4533 ο
712 4503 862 4571 ἡμᾶς
895 4501 951 4553 δὲ
1008 4501 1139 4572 παρτ
1186 4500 1425 4571 ἑκάτερα
1474 4499 1746 4569 καθῆσθαι
1774 4501 1874 4568 τὴν
1905 4499 1949 4527 ν
1980 4535 1985 4557 ς

1853 4519 1874 4551 ν
1905 4499 1949 4527 ν
1980 4511 2271 4571 convenit,
2337 4513 2481 4563 inter
2530 4523 2589 4562 se
2639 4508 3084 4571 communicant,
3138 4516 3193 4560 et
3244 4506 3542 4561 salutarem

295 4583 567 4667 ὐφεδρίἅν
597 4595 1040 4662 ἀσπαζομένους.
1062 4593 1172 4646 Καὶ
1205 4595 1254 4645 εἰ
1283 4593 1383 4663 μὲν
1429 4594 1552 4662 ἐμοὶ
1584 4591 1786 4662 πρώτῳ
1815 4593 1874 4644 τὸ

293 4694 476 4763 πέρας
506 4688 601 4743 τοῦ
637 4688 755 4758 βίον
786 4687 1027 4752 ἐπέλθοι,
1065 4686 1228 4749 αὐτὸς
1284 4686 1445 4756 μόνος
1496 4683 1754 4757 κληρὼσῃ
1782 4686 1876 4736 τὸν

295 4783 492 4851 θρόνον
520 4796 533 4811 ·
575 4781 623 4831 εί
651 4780 707 4831 δὲ
736 4778 801 4829 σὺ
827 4776 988 4829 τοῦτο
1014 4775 1283 4845 πρότερον
1329 4776 1547 4837 πάθοις,
1572 4772 1683 4840 ὲγὼ
1714 4772 1875 4825 πάλιν

293 4877 373 4938 ὥς
403 4891 467 4942 γε
496 4871 725 4941 δύναμις
754 4873 853 4937 τῆς
874 4868 1121 4938 ποίμνης
1150 4868 1451 4937 ἡγήσομαι.
1502 4865 1690 4918 Ταῦτα
1725 4867 1874 4933 φιλο.

293 4969 513 5039 φρόνως
553 4967 609 5017 έν
637 4963 858 5015 εὐλαϐεῖ
880 4961 1265 5031 καταστήματι
1310 4962 1337 5013 6
1376 4959 1517 5021 θεῖος
1547 4955 1666 5011 εἷπε
1698 4958 1872 5012 Μελέ-

292 5081 437 5126 τιος.
474 5059 535 5113 ὐ
565 5059 622 5111 δὲ
680 5056 940 5119 Παυλῖνος
999 5055 1198 5126 ἣκιστα
1227 5057 1338 5117 τοῖς
1386 5053 1568 5122 λόγοις
1594 5052 1867 5107 συνέθετο.

298 5157 561 5226 Σάπωρις
582 5155 639 5207 δὲ
665 5154 859 5224 κριτὴς
889 5153 995 5205 τῶν
1018 5153 1194 5219 λόγων
1220 5152 1528 5221 γενόμενος,
1555 5150 1629 5219 τῷ
1654 5151 1873 5221 μεγάλῳ

292 5250 556 5318 Μελετίῳ
589 5250 682 5310 τὰς
717 5248 1012 5316 ἐκκλησίας
1051 5246 1370 5313 ἐπέτρεψεν.
1418 5245 1474 5295 Ὀ
1518 5244 1572 5295 δὲ
1608 5244 1869 5306 Παυλῖνος

292 5336 457 5402 αὖθις
516 5342 614 5408 τῆς
665 5337 1059 5406 ἀποκριθείσης
1127 5323 1322 5400 ἐκείνῷ
1382 5335 1575 5403 μοίρας
1634 5331 1870 5395 εἰσάπαξ

292 5435 507 5504 ἡγεῖτο.
542 5431 797 5485 Ἔπειτα.
829 5428 1019 5496 ὥσπερ
1049 5426 1253 5480 άνωθεν
1283 5425 1521 5493 εἴρηται,
1554 5424 1661 5475 τῶν
1693 5424 1869 5493 ὅρκων

297 5523 686 5594 γεγενημένων
718 5522 830 5582 τοῖς
862 5518 1193 5589 ὑποψήφοις,
1252 5518 1384 5586 πρὸς
1433 5515 1686 5583 ὁμόνοιαν
1712 5513 1870 5583 ἦλθον

294 5622 363 5669 τά
398 5614 602 5685 πληθη.
648 5611 1057 5680 ’Δττολλινὲριος
1085 5609 1142 5660 δὲ
1178 5607 1495 5678 διαμαρτὼν
1521 5605 1612 5656 τοῦ
1644 5608 1867 5670 σκοποῦ,

1977 4600 2205 4655 herbam
2245 4598 2410 4653 noxio
2458 4598 2552 4652 illo
2591 4582 2662 4652 et.
2694 4598 2883 4653 lethali
2918 4598 3304 4651 haereticorum
3344 4596 3545 4665 pabulo

1977 4690 2149 4742 vitato
2192 4690 2499 4757 depascunt
2520 4696 2576 4742 et
2614 4697 2850 4757 carpunt
2880 4709 2891 4742 :
2924 4687 3089 4756 229
3119 4686 3541 4757 conjungamus,

1978 4797 2011 4835 ο
2041 4780 2240 4845 amice,
2272 4781 2317 4834 si
2362 4780 2604 4843 videtur,
2630 4796 2774 4835 verae
2804 4780 3027 4850 pietatis
3066 4795 3219 4843 oves,
3242 4793 3446 4847 easque
3479 4777 3539 4831 in

1980 4872 2123 4926 ovile
2174 4887 2345 4926 unum
2385 4886 2763 4944 aggregemus,
2799 4883 2967 4942 atque
3012 4888 3134 4940 qua:
3182 4871 3342 4925 nobis
3377 4871 3547 4924 inter-

1985 4966 2153 5018 cessit
2205 4965 2271 5018 de
2321 4966 2581 5034 pastorali
2639 4979 2868 5018 munere
2919 4965 3276 5019 contentione
3326 4962 3543 5026 soluta,

1983 5067 2217 5126 uterque
2250 5073 2380 5112 oves
2414 5065 2620 5126 pascat,
2660 5056 3135 5126 communiterque
3165 5056 3268 5117 eis.
3296 5054 3547 5109 docendo

1984 5165 2170 5205 curam
2202 5151 2499 5203 exhibeat:
2533 5150 2616 5202 sin
2654 5164 2807 5213 vero,
2838 5150 2932 5218 qui
2974 5150 3028 5203 in
3060 5148 3242 5202 medio
3272 5156 3377 5208 est,
3408 5162 3543 5201 eon-

1984 5242 2267 5308 tendendi,
2302 5258 2365 5296 ac
2416 5242 2722 5297 dissidendi
2774 5243 3018 5296 studium
3055 5244 3257 5295 excitat
3290 5242 3542 5301 thronus.

1979 5346 2032 5390 ct
2061 5336 2113 5388 id
2157 5336 2339 5404 sopire
2367 5334 2548 5388 statim
2581 5335 2929 5389 conabimur.
2967 5332 3236 5402 Oportere
3268 5334 3544 5401 siquidmn

1980 5443 2202 5493 censeo,
2244 5444 2298 5480 tn
2345 5426 2526 5480 medio
2561 5427 2762 5480 throno
2793 5442 2915 5480 eum
2951 5424 3257 5478 reverentia
3291 5424 3544 5493 religiose

1979 5535 2198 5575 sacrum
2246 5519 2372 5588 poni
2426 5518 2780 5588 Evangelium
2809 5536 2821 5571 :
2853 5532 2950 5571 nos
2976 5527 3158 5569 autem
3197 5527 3429 5583 utraque
3475 5531 3541 5568 cx

1981 5620 2135 5682 parte
2176 5610 2493 5676 considere,
2531 5611 2583 5663 in
2616 5610 2875 5665 inferiore
2908 5610 3172 5664 subsellio
3196 5608 3544 5677 acquiesoen-

370 5741 446 5803 H)
476 5739 687 5793 Theod.
714 5737 814 5791 lib.
847 5754 903 5795 ν.
954 5749 1077 5803 cap.
1106 5736 1139 5787 '5
1168 5750 1181 5785 :
1212 5730 1663 5799 Quandoquidmn
1704 5742 1758 5784 et
1798 5734 1931 5789 mihi
1974 5734 2163 5790 harum
2227 5751 2415 5791 curam
2473 5736 2655 5790 ovium
2709 5735 2987 5790 mandavit
3053 5735 3426 5798 Dominuth
3485 5740 3543 5784 tu

295 5816 532 5869 aliarum
572 5808 933 5881 regendarum
970 5805 1255 5875 suscepisti
1283 5805 1642 5873 provinciam,
1671 5814 1777 5859 ctc.
