4278 6438
220 437 329 498 ’769

1150 418 1751 486 ΕΕΕΕΕΒΙΑΞῪΙΟᾸΞ
1792 413 2179 476 ΗΙΞΤΟΗΜΞ
2209 412 2357 470 LIB.
2391 412 2529 473 ΧΠ.

3373 396 3479 456 770

224 538 423 601 ἑνυτόὖ
478 546 718 614 πατρίδα
754 543 1166 611 καταλαμϐάνει
1211 541 1309 607 τὴν
1361 538 1644 608 Βέρῤοιαν.
1689 530 1800 584 Καὶ
1831 529 1913 587 ΑΙ

1782 530 1873 587 ὶΑ
1904 528 2079 580 fausta
2133 526 2317 579 omnia
2378 540 2475 591 per
2524 521 2826 574 orationem
2874 524 3224 587 apprecatus,
3267 528 3360 569 eas
3397 514 3471 568 illi

226 640 507 709 Θεόδωρος
539 639 637 705 τῆς
681 638 960 707 Ἀντιόχου
996 632 1295 696 ἀπωσθεὶς,
1327 630 1405 691 είς
1438 628 1536 696 τὴν
1568 619 1799 693 Θρᾴκην

226 732 352 783 ίθεν
387 730 627 799 ἐγένετο,
660 728 939 796 ἀπεχώρει
966 740 982 756 ·
1014 722 1280 782 ὡσαύτως
1303 720 1357 772 δὲ
1387 718 1482 771 καὶ
1506 719 1531 769 ὁ
1560 713 1799 772 Νικαίας

235 824 505 883 ’Υπάτιος
552 821 705 891 παρά
734 820 831 887 τὴν
866 816 1279 887 γεννησαμένην
1314 811 1489 879 Τύρον
1521 809 1577 859 ὲν
1629 804 1802 875 Συρίᾳ.

231 915 522 984 μετεϐαινε
550 931 565 946 ο
598 915 691 966 καὶ
724 912 875 966 ἄλλοι
938 908 1170 980 ἀλλαχοῦ
1210 904 1604 969 διεσπείροντο,
1641 897 1703 948 Οί
1758 896 1801 946 δ’

228 1009 287 1057 ἐν
315 1004 627 1073 Ἀντιοχείᾳ.
678 1001 1064 1071 πρεσὸύτεροι,
1103 997 1378 1061 Ἀστέριος
1421 993 1515 1045 καὶ
1565 989 1803 1057 Κρισπῖ-

227 1114 343 1159 νος,
378 1095 562 1149 καὶτὸ
596 1093 725 1146 ἄλλο
757 1093 861 1145 ὑπὸ
897 1093 1175 1157 Θεόδωρον
1212 1087 1487 1156 πλήρωμα
1523 1080 1805 1150 συνεδριά-

232 1205 454 1247 σαντες,
494 1183 707 1237 πολλῶν
735 1185 829 1237 καὶ
860 1183 1034 1237 ἄλλων
1076 1181 1394 1233 ἐπισκόπων
1420 1180 1441 1229 ὲ
1470 1196 1483 1227 ι
1510 1174 1620 1227 τῶν
1645 1170 1808 1241 πέρεξ

229 1277 443 1331 πόλεων
493 1277 945 1345 συνδραμόντων,
1002 1272 1141 1342 πρὸς
1197 1269 1322 1331 τοὺς
1371 1267 1499 1337 περὶ
1544 1263 1809 1331 Εὐνόμιον

229 1370 507 1437 ἔπεμπον,
538 1369 639 1438 τὴν
671 1367 855 1422 αὐτῶν
887 1365 1175 1419 κοινωνίαν
1220 1359 1628 1430 ἐπιζητοῦντες.
1673 1356 1735 1406 Oi
1764 1352 1807 1405 δ’

230 1460 685 1521 ἀντεπέστελλον,
728 1457 983 1527 δέχεσθαι
1042 1458 1139 1527 μὲν
1172 1454 1393 1517 αὐτοὺς,
1427 1451 1565 1519 πλὴν
1595 1448 1814 1516 ἀποψη-

229 1550 574 1619 φισαμένους
600 1548 699 1617 τὴν
741 1549 825 1600 ἐπ’
845 1546 1033 1615 ’Δετίῳ
1063 1541 1543 1612 καταχειροτονίαν
1575 1539 1668 1592 καὶ
1698 1541 1810 1599 τοῖς

229 1644 447 1695 ἐκείνου
482 1642 883 1710 συγγράμμασι
904 1656 918 1671 ’
956 1636 1350 1709 προσαπῄτουν
1374 1635 1430 1687 δὲ
1452 1634 1543 1685 καὶ
1573 1630 1668 1684 τοῦ
1696 1630 1811 1700 βίου

229 1738 334 1803 τὴν
366 1735 735 1806 διακαθαρσιν
758 1750 770 1763 ·
798 1736 891 1785 καὶ
915 1734 1020 1799 γάρ
1050 1748 1169 1792 πως
1201 1732 1255 1781 ἒν
1286 1745 1432 1781 τισιν
1459 1727 1516 1778 οὐ
1548 1724 1814 1791 καθαροῖς

227 1827 559 1896 διαιτήμασι
592 1826 1021 1895 προσεφύροντο.
1055 1825 1115 1875 Οἱ
1149 1823 1203 1873 δὲ
1234 1822 1352 1872 τότε
1390 1819 1487 1887 μὲν
1530 1816 1629 1886 τὴν
1658 1815 1815 1880 αἴτη-

1902 616 2329 672 commendavit.
2372 616 2439 668 Et
2486 623 2677 682 postea
2725 612 2798 666 ibi
2846 611 2937 678 qui
2985 608 3309 663 Trinitatem
3351 620 3482 658 eon-

1907 708 2325 761 substanlialem
2368 706 2781 775 proﬁterentur,
2831 702 3095 757 ecclesias
3130 696 3479 753 oblinebant.

1906 796 2037 850 Erat
2069 796 2113 849 is
2145 812 2341 855 annos,
2376 808 2486 863 quo
2523 791 2817 846 Gratianus
2849 792 2903 845 in
2937 790 3170 859 imperio
3200 788 3477 856 quintum,

1905 887 2251 943 Theodosius
2282 895 2462 940 autem
2494 886 2735 955 primum
2763 884 2953 937 consul
2983 884 3103 937 fuit.
3135 882 3211 935 Ex
3243 894 3353 950 quo
3386 894 3483 931 au-

1906 980 2233 1034 tem~Ariani
2268 994 2419 1032 sacra
2449 979 2651 1046 templa
2688 983 3002 1034 tenuerant.
3036 973 3162 1027 anni
3206 987 3316 1026 non
3348 986 3486 1040 pau-

1908 1074 2084 1126 ciores
2139 1085 2301 1139 quam
2362 1069 2723 1138 quadraginta
2780 1066 2919 1136 lapsi
2976 1072 3156 1119 erant.
3211 1063 3484 1118 Caeterum

1913 1162 2268 1230 Demophilus
2304 1162 2591 1230 expulsus,
2624 1162 2676 1212 in
2713 1158 2948 1228 patriam
2984 1170 3138 1207 suam
3171 1152 3483 1207 Berrhmam

1912 1267 1969 1306 Se
2002 1253 2233 1319 recepit.
2272 1251 2597 1304 Theodorus
2627 1249 2920 1303 Antiochia
2957 1249 3185 1317 eiectus,
3222 1245 3273 1297 in
3310 1244 3486 1297 Thra-

1912 1345 2075 1409 ciam,
2106 1344 2252 1397 unde
2298 1354 2453 1395 ortus
2491 1343 2686 1405 fuerat,
2721 1341 2879 1394 abiit.
2923 1340 3110 1391 Itidem
3164 1336 3330 1389 etiam
3383 1334 3489 1403 Hy-

1915 1439 2095 1506 patius
2145 1436 2318 1491 Nicaea
2372 1436 2573 1506 Tyrum
2624 1432 2816 1505 Syriae,
2862 1446 2982 1500 qua:
3025 1445 3151 1483 eum
3198 1435 3484 1497 genuerat,

1916 1529 2101 1582 rediit.
2139 1529 2204 1582 Et
2234 1528 2325 1581 alii
2363 1528 2491 1581 item
2522 1526 2630 1579 alio
2660 1519 2891 1593 dispersi
2924 1530 3069 1574 sunt.
3099 1520 3268 1572 Porro
3296 1516 3489 1569 Antio-

1918 1620 2055 1673 chia:
2089 1620 2337 1674 Asterius
2386 1628 2441 1673 et
2486 1616 2773 1684 Crispinus
2822 1612 3146 1683 presbyteri,
3188 1618 3242 1663 et
3286 1606 3487 1675 reliqui

1920 1712 2176 1770 factionis
2200 1713 2315 1781 ejus
2344 1726 2464 1780 qua:
2490 1707 2763 1762 Theodori
2792 1706 3036 1774 auspicia
3070 1710 3258 1757 secuta
3291 1699 3489 1763 fuerat,

1921 1804 2292 1861 conciliabulo
2327 1812 2536 1865 coacto,
2571 1800 2635 1853 ad
2684 1798 2827 1867 quod
2883 1782 3047 1850 etiam
3094 1796 3185 1848 alii
3230 1792 3383 1845 multi
3425 1806 3493 1843 ex

232 1938 322 1971 σιν
350 1921 413 1972 οὐ
444 1920 826 1988 προσήκαντο·
859 1918 914 1978 ές
943 1914 1173 1979 ὕστερον
1204 1913 1257 1964 δὲ
1291 1913 1387 1963 καὶ
1410 1911 1468 1960 τὸ
1506 1908 1590 1959 ἐπ’
1614 1909 1814 1975 ἐκκλη-
1848 1880 1887 1934 Β
1919 1916 1921 1923 ‘

1803 1937 1814 1946 .
1848 1880 1887 1934 Β
1919 1899 2115 1952 vicinis
2158 1896 2389 1949 urbibus
2423 1892 2665 1962 episc0pi
2702 1904 3032 1949 convenere.
3069 1887 3394 1956 legationem
3425 1882 3492 1937 ad

231 2013 357 2071 σίας
392 2008 643 2072 κακίζειν
668 2007 933 2074 Εὐνόμιον
963 2005 1056 2056 καὶ
1092 2004 1215 2062 τοὺς
1250 2004 1379 2070 περὶ
1402 2004 1606 2053 ἐκεῖνον
1643 2001 1814 2067 προή-

233 2104 470 2172 χθησαν,
522 2098 972 2169 μετεωρολέσχας
1022 2095 1449 2157 ἀποκαλοῦντες,
1493 2094 1717 2160 πλήρεις
1753 2108 1809 2141 τε

231 2197 499 2256 ἀπονοίας
535 2194 628 2245 καὶ
652 2192 995 2259 σκαιότητος,
1027 2186 1106 2251 οἷς
1141 2192 1321 2250 αὐτοῖς
1344 2187 1565 2239 τοιαῦτα
1597 2186 1812 2253 προτεί-

232 2303 352 2339 νειν
397 2286 664 2349 ἔγνωσαν.
719 2284 782 2337 Οἱ
823 2283 879 2335 δὲ
920 2284 1022 2350 τῆς
1048 2281 1260 2350 Ἀρείου
1308 2280 1572 2347 αἱρέσεως
1606 2278 1814 2343 πλῆθος

231 2379 296 2431 οὐ
324 2380 550 2447 μέτριον
571 2376 746 2439 ὄντες,
781 2376 973 2443 ῥοπαῖς
997 2376 1116 2434 ταῖς
1140 2374 1402 2424 ἀνέκαθεν
1432 2371 1811 2422 Κωνσταντὲου

232 2489 294 2522 τε
326 2472 423 2522 καὶ
457 2469 783 2530 Οὐάλεντος,
840 2466 1009 2528 ἀδεῶς
1054 2468 1111 2526 ἐς
1139 2465 1304 2518 ταυτδ
1340 2464 1645 2529 γινόμενοι,
1687 2461 1816 2529 περὶ

230 2558 377 2611 Θεοῦ
439 2558 535 2609 καὶ
585 2556 686 2624 τῆς
745 2554 911 2607 αὐτοῦ
965 2553 1151 2613 οὐσίας
1196 2548 1481 2619 προπετῶς
1534 2547 1810 2613 διαλόγους

234 2649 480 2700 ἐποίουν.
531 2648 643 2698 Καὶ
689 2645 957 2713 βασιλέως
1005 2640 1300 2705 πειρᾶσθαι
1349 2638 1653 2697 ἀνέπειθον,
1701 2640 1814 2687 ὅσοι

234 2736 542 2805 ὁμόφρονες
571 2735 722 2791 ὄντες
752 2734 864 2793 τοῖς
892 2729 1216 2795 ἀνακτόροις
1245 2726 1531 2792 διέτριϐον.
1562 2727 1667 2777 Καὶ
1705 2732 1812 2791 γ)ρ

234 2833 298 2881 ιν
341 2826 559 2877 ἐλπίσιν
602 2820 744 2893 ¹ἦσαν
791 2825 886 2875 καὶ
930 2821 1121 2875 τοῦτον
1168 2820 1302 2871 είσω
1350 2819 1542 2870 θέσθαι
1591 2817 1813 2887 χειρῶν,

235 2916 387 2970 καθά
407 2915 473 2983 δὴ
500 2914 593 2966 καὶ
620 2911 1024 2965 Κωνσταντιον.
1063 2910 1127 2961 Ὃ
1154 2908 1219 2975 δὴ
1260 2907 1353 2958 καὶ
1375 2908 1423 2958 οἱ
1455 2908 1552 2975 τῆς
1584 2907 1814 2959 καθόλου

250 3005 585 3071 Ἐκκλησίας
613 3001 700 3053 διὰ
742 3001 941 3066 πολλῆς
969 2999 1255 3051 ἐποιοῦντο
1288 3000 1592 3066 φροντίδος,
1624 2999 1717 3049 καὶ
1759 3000 1817 3049 ὲν

234 3096 353 3149 δέει
388 3094 635 3161 μεγίστῳ
661 3090 1015 3148 καθίσταντο,
1058 3088 1157 3156 τὴν
1190 3088 1457 3156 Εὑνομίου
1490 3089 1546 3138 ἐν
1570 3089 1681 3148 τοῖς
1702 3087 1819 3138 δια-

1922 1992 2297 2045 Eonomianos
2322 1990 2545 2048 misere,
2568 1985 3009 2054 conjunctionem
3033 1978 3499 2034 communionem-

1921 2100 2027 2151 que
2058 2097 2249 2137 eorum
2282 2080 2611 2133 ambientes.
2647 2076 2809 2145 236
2833 2074 3043 2139 Quibus
3069 2072 3142 2125 illi
3169 2085 3265 2139 per
3290 2070 3493 2138 episto-

1921 2174 2051 2235 lam,
2086 2172 2159 2224 ita
2211 2185 2268 2223 se
2318 2183 2413 2222 eos
2462 2178 2779 2235 recepturos
2817 2179 2938 2222 esse
2985 2161 3408 2230 responderunt,
3447 2159 3491 2213 si

1922 2264 2176 2332 suﬂragia
2213 2277 2332 2322 sua,
2367 2260 2569 2328 quibus
2599 2260 2738 2311 Aetii
2772 2257 3067 2311 lectionem
3108 2265 3163 2306 et
3201 2268 3496 2307 consecra-

1925 2358 2128 2408 tionem
2164 2355 2582 2413 damnaverant,
2616 2353 2989 2419 antiquarent,
3020 2356 3076 2402 et
3111 2345 3314 2412 scripta
3344 2344 3496 2398 illius

1924 2449 2255 2515 reciperent.
2308 2445 2593 2499 Petierunt
2627 2456 2868 2510 quoque,
2906 2451 2965 2494 ut
2997 2442 3161 2492 vitam
3214 2439 3289 2492 illi
3345 2438 3497 2506 prius
3534 2470 3537 2471 ν

1924 2537 2349 2591 lustrationibus
2372 2543 2794 2602 perpurgareut,
2818 2532 2963 2599 quod
2990 2532 3241 2583 videlicet
3266 2529 3497 2596 impuris

1924 2626 2258 2695 quihusdam
2306 2624 2573 2675 institutis
2606 2623 2792 2675 iniecti
2828 2629 3032 2676 essent.
3069 2620 3217 2672 lianc
3246 2620 3322 2672 illi
3355 2619 3496 2688 peti-

1928 2724 2129 2771 tionem
2178 2726 2290 2769 tum
2336 2715 2559 2783 quidem
2613 2724 2962 2782 receperunt.
3019 2713 3211 2765 Postea
3258 2725 3385 2763 vero
3433 2726 3498 2764 eo

1928 2810 2096 2863 etiam
2132 2807 2387 2876 producti
2420 2815 2567 2870 sunt,
2603 2816 2663 2859 ut
2700 2808 2751 2858 in
2786 2803 3184 2871 Ecclesiasrieis
3212 2803 3498 2857 conventi-

1928 2902 2027 2954 bus
2074 2900 2348 2954 Eunomio
2394 2908 2451 2952 et
2499 2896 2859 2967 popularibus
2908 2896 3164 2949 factionis
3216 2896 3355 2965 ejus,
3402 2910 3499 2962 per

1925 2992 2212 3045 maledicta
2267 2988 2625 3043 detraherent
2665 3005 2679 3041 :
2725 2978 3198 3057 μετεωρολέσχας,
3245 2988 3348 3040 Ιιοο
3391 2997 3496 3047 est,

1924 3085 1991 3136 de
2031 3084 2197 3137 rebus
2240 3080 2560 3136 cmlestibus
2606 3080 3046 3149 sublimibusque
3092 3092 3215 3131 cum
3246 3076 3401 3133 fastu
3442 3090 3499 3131 et

237 3186 427 3252 λόγοις
472 3183 757 3250 δεινότητα
804 3181 1173 3247 ὑπειδόμενοι.
1226 3180 1300 3232 Οὐ
1344 3180 1484 3231 πάνυ
1525 3181 1633 3245 γὰρ
1663 3173 1815 3239 οὗτος
1846 3220 1885 3275 C

1807 3197 1885 3275 ;C
1926 3174 2221 3229 insolentia
2282 3174 2576 3227 verborum
2635 3181 2945 3242 nugantes,
3003 3172 3390 3240 dementiaque
3440 3179 3496 3225 et

235 3280 436 3348 πόρῤω
483 3276 739 3342 διάφορος
815 3273 1148 3340 Κυζικηνοῖς
1204 3271 1507 3333 καταστὰς,
1564 3270 1655 3322 ἐπὶ
1717 3269 1816 3336 τῆς

237 3368 544 3439 ἡγεμονίας
573 3365 895 3427 Οὐάλεντος,
926 3364 1025 3430 τῆς
1065 3363 1279 3429 Ἀρείου
1319 3361 1638 3428 συμμορίας
1676 3360 1815 3410 ἑαυ-

235 3462 333 3513 τὸν
368 3457 696 3525 ἀποκρίνας,
736 3455 1041 3521 ἀντιπέραν
1069 3454 1166 3520 τῆς
1216 3453 1626 3505 Κωνσταντίνου
1678 3454 1819 3506 κατά

235 3547 339 3615 τὴν
373 3546 433 3597 ὲν
458 3543 685 3610 Βιθυνίᾳ
713 3541 1030 3610 Χαλκηδόνα
1067 3539 1243 3609 ἡσυχῆ
1276 3540 1536 3609 καθῆστο.
1574 3540 1712 3592 Πολὺ
1751 3540 1811 3591 δὲ

238 3640 456 3706 πλῆθος
481 3639 543 3686 ἐκ
571 3636 670 3702 τῆς
703 3633 1027 3695 Βυζαντίδος
1052 3634 1187 3698 πρὸς
1216 3632 1379 3683 αὐτὸν
1399 3630 1780 3700 διεπεραιοῦτο
1802 3648 1815 3662 ·

237 3728 397 3781 ἄλλοι
446 3728 505 3777 δὲ
544 3728 637 3778 καὶ
696 3724 994 3793 ἀλλαχόθεν
1034 3724 1347 3793 συνέρρεον,
1384 3724 1432 3774 οί
1489 3724 1588 3791 μὲν
1624 3725 1821 3790 πεῖραν

242 3820 643 3889 προσάγοντες,
669 3817 718 3867 oi
749 3816 807 3867 δὲ
847 3816 902 3867 εἴ
929 3832 981 3867 τι
1012 3815 1162 3881 λέγοι
1210 3816 1547 3882 καινότερον,
1596 3816 1821 3866 ἀκουσό-

244 3928 428 3980 μενοι.
477 3909 538 3960 Ἠ
573 3909 630 3959 δὲ
662 3908 793 3979 περὶ
827 3908 995 3959 αὑτὸν
1030 3907 1185 3974 φήμη
1222 3907 1316 3957 καὶ
1346 3907 1427 3966 εἰς
1454 3905 1683 3973 βασιλέα
1714 3906 1821 3958 διέ-

239 4017 433 4069 τρεχε.
467 3998 573 4051 Καί
600 4016 663 4064 γε
709 3999 775 4050 ἂν
804 3998 900 4049 καὶ
940 3998 1019 4058 είς
1050 3996 1242 4063 λόγους
1265 3989 1366 4066 ἦκε
1391 3996 1469 4063 τῷ
1504 3995 1738 4063 βασιλεῖ,
1771 3997 1821 4047 εί

246 4094 325 4161 μὴ
355 4096 387 4160 ἡ
422 4093 675 4159 θεοφιλὴς
706 4089 1039 4159 Πλακίλλαὴ
1076 4088 1288 4155 βασιλὶς
1326 4087 1593 4139 ἀνέκαθεν
1622 4087 1690 4139 τὰ
1739 4088 1824 4139 δό-

242 4189 419 4251 ξαντα
454 4187 512 4235 ὲν
557 4183 765 4251 Νικαίᾳ
807 4182 1210 4249 πρεσῦεύουσα,
1265 4180 1465 4247 ἐπέσχε
1502 4179 1707 4249 σπουδῇ
1755 4183 1821 4249 τῇ

241 4277 426 4347 πάσῃ,
487 4274 561 4343 μὴ
616 4274 676 4327 τὸ
725 4274 989 4342 παράπαν
1033 4272 1225 4339 ἐκείνῳ
1269 4273 1353 4332 εἰς
1399 4271 1591 4336 λόγους
1625 4272 1821 4325 ἐλθεῖν.

256 4370 489 4424 Ἐὁεδίει
539 4367 649 4436 γὰρ
680 4368 941 4434 μάλιστα,
1000 4366 1075 4434 μὴ
1110 4366 1245 4433 πρὸς
1285 4364 1385 4423 τὴν
1411 4363 1618 4417 ἐκείνου
1655 4381 1824 4432 μετα-

247 4465 442 4526 στήσοι
472 4462 629 4525 δόξαν
667 4461 756 4509 τὸν
786 4459 957 4527 ἄνδρα
984 4458 1062 4525 τῷ
1106 4455 1383 4524 ἐπαγωγῷ
1413 4454 1507 4507 τοῦ
1532 4456 1696 4523 ἠθους
1728 4458 1824 4509 καὶ

244 4557 328 4623 τῷ
365 4554 460 4605 τοῦ
487 4553 649 4620 λόγου
681 4550 864 4620 δεινῷ.

1922 3266 2273 3334 improbitate
2299 3266 2512 3333 plenos,
2539 3264 2633 3332 qui
2664 3264 2770 3317 sibi
2803 3264 2927 3317 talia
2955 3262 3343 3331 prwtendenda
3370 3276 3493 3317 esse

1919 3358 2279 3419 statuissent,
2333 3371 2429 3410 eos
2487 3356 2965 3425 cognominautes.
3042 3356 3210 3409 Porro
3261 3356 3493 3417 Ariani,

1919 3450 2068 3519 quod
2114 3463 2306 3502 eorum
2362 3464 2472 3501 non
2524 3448 2821 3502 mediocris
2874 3456 3021 3503 esset
3068 3448 3386 3512 multitudo,
3428 3464 3492 3503 ex

1922 3555 2201 3595 momento
2244 3540 2386 3608 quod
2426 3540 2534 3593 illis
2573 3541 2686 3608 jam
2728 3539 2861 3593 inde
2906 3540 2973 3594 ab
3027 3539 3185 3594 initio
3213 3542 3317 3595 sub
3353 3540 3498 3594 Cou—

1922 3632 2122 3686 stantio
2150 3640 2206 3685 et
2245 3631 2475 3686 Valente
2505 3639 2836 3693 accesserat,
2871 3642 3019 3684 metu
3062 3620 3213 3685 nol30
3261 3645 3498 3685 conven-

1925 3734 2012 3778 tus
2048 3724 2320 3793 agebant,
2365 3731 2421 3777 et
2461 3722 2529 3777 de
2564 3721 2675 3776 Deo
2721 3731 2886 3790 atque
2918 3722 3037 3791 ejus
3068 3722 3379 3776 substantia
3412 3731 3494 3777 te-

1923 3831 2073 3869 mere
2127 3815 2504 3882 disputabant.
2559 3813 2816 3867 Animum
2864 3802 3097 3882 quoque
3128 3814 3494 3881 imperatoris

1924 3907 2117 3976 ipsius,
2154 3905 2232 3957 illi
2268 3919 2363 3973 per
2398 3903 2656 3957 factionis
2701 3918 2813 3956 suae
2858 3904 3131 3966 homines,
3166 3901 3260 3971 qui
3298 3905 3350 3957 in
3389 3904 3495 3959 im-

1924 3998 2115 4068 periali
2143 3997 2266 4050 aula
2283 3994 2669 4059 versabantur,
2697 3993 3020 4049 tentandum
3043 4010 3162 4049 esse
3181 3996 3457 4051 duxerunt
3480 4014 3492 4049 :

1925 4094 2015 4146 illa
2048 4106 2143 4159 spe
2176 4097 2462 4157 concepta,
2496 4089 2642 4140 hunc
2668 4101 2909 4155 quoque,
2946 4087 3106 4141 sicuti
3144 4098 3201 4141 et
3227 4088 3497 4143 Constan-

1925 4182 2087 4244 tium,
2119 4180 2171 4233 in
2207 4186 2530 4247 potestatem
2563 4190 2754 4230 eorum
2791 4177 3087 4229 adductum
3125 4178 3212 4230 iri.
3248 4178 3379 4242 Quae
3409 4193 3496 4234 res
3562 4208 3565 4211 λ

1924 4278 2003 4328 eis
2035 4286 2254 4341 quoque
2290 4252 2396 4338 qui
2420 4267 2701 4321 catholicae
2737 4265 3000 4320 Ecclesiae
3026 4278 3207 4331 erant,
3240 4284 3493 4337 magnam

1925 4363 2107 4417 attulit
2139 4375 2349 4414 curam.
2384 4359 2728 4426 Quapropter
2762 4357 2815 4409 in
2864 4357 3099 4411 maximo
3134 4358 3287 4411 fuere
3321 4369 3493 4425 metu,

1930 4452 2185 4509 Eunomii
2218 4452 2274 4504 in
2305 4450 2779 4519 disputationibus
2808 4452 2915 4503 vim
2949 4461 3261 4516 suspectam
3292 4450 3497 4503 haben-

1860 4545 1900 4597 D
1934 4557 2032 4599 tes.
2072 4544 2188 4598 Non
2243 4544 2316 4596 ita
2364 4542 2575 4610 pridem
2626 4542 2771 4593 enim
2824 4541 2893 4606 is,
2936 4554 3056 4592 cum
3106 4541 3207 4592 sub
3258 4541 3495 4595 Valentis

246 4651 488 4731 imperip
549 4666 578 4703 a
631 4649 919 4721 Cyzicenis
973 4646 1237 4701 dissidere
1291 4646 1565 4714 cepisset.
1620 4653 1677 4697 et
1733 4645 1973 4713 seipsum
2015 4642 2083 4695 ab
2139 4638 2465 4692 Arianorum
2523 4635 2814 4689 sodalitate
2877 4635 3493 4705 segregasset.Chalce-

242 4726 763 4813 donem—Bithynia:
806 4758 837 4797 e
891 4742 1113 4809 regione
1164 4736 1641 4806 Constantinopoli
1681 4736 1842 4790 sitam
1868 4774 1883 4798 ,
1937 4734 2030 4789 ubi
2071 4731 2319 4801 privatus
2355 4726 2702 4793 considebat,
2745 4742 2804 4781 se
2858 4728 3185 4781 contulerat.
3246 4727 3311 4780 Et
3349 4728 3489 4780 mul-

246 4836 433 4892 titudo
472 4835 667 4905 ingens
719 4848 749 4885 ο
788 4827 1268 4896 Constantinopoli
1323 4827 1393 4881 ad
1446 4841 1573 4881 eum
1631 4826 1952 4879 ventitabat.
2009 4821 2114 4875 Alii
2164 4835 2385 4889 quoque
2439 4818 2663 4872 aliunde
2710 4819 2776 4870 ad
2818 4832 2942 4871 eum
2993 4817 3360 4884 conﬂuebant,
3396 4826 3490 4888 qui

245 4935 453 5004 partim
495 4934 564 4986 de
603 4932 716 4986 vita
764 4940 820 4983 et
859 4926 1109 4980 doctrina
1146 4924 1264 4990 ejus
1302 4920 1608 4989 periculum
1661 4917 1971 4971 faciebant:
2014 4915 2232 4983 partim,
2268 4913 2311 4966 si
2364 4912 2487 4965 novi
2531 4911 2828 4980 quidquam
2872 4912 3096 4973 diceret,
3130 4911 3332 4980 cupide
3364 4928 3492 4967 eum

245 5003 660 5081 auscultabant.
705 5024 771 5075 Et
806 5024 918 5090 jam
962 5020 1100 5072 fama
1142 5027 1362 5084 quoque
1412 5012 1653 5065 nominis
1694 5013 1812 5081 ejus
1852 5010 1917 5063 ad
1960 5008 2347 5077 imperatorem
2400 5015 2746 5073 pervenerat.
2802 5003 3016 5057 Fuisset
3066 5004 3157 5058 ille
3204 5005 3269 5058 ad
3319 5009 3491 5061 collo-

249 5126 448 5193 quium
489 5123 654 5174 etiam
705 5114 971 5185 principis
1020 5110 1290 5164 admissus
1315 5147 1329 5167 ,
1378 5105 1480 5157 nisi
1524 5104 1619 5157 Dei
1656 5103 2029 5156 amantissima
2072 5099 2246 5167 ipsius
2282 5098 2477 5166 conjux
2513 5095 2752 5159 Placilla,
2784 5111 2905 5164 qua:
2925 5097 3035 5165 jam
3072 5095 3197 5149 inde
3227 5098 3296 5151 ab
3336 5098 3492 5151 initio

250 5184 478 5278 decreta
510 5184 727 5265 Niewna
759 5214 1079 5260 constanter
1113 5190 1496 5267 proﬁtebatur,
1530 5210 1658 5249 cura
1689 5203 1744 5249 ct
1778 5192 1961 5246 studio
1989 5190 2137 5243 omni
2170 5188 2492 5244 obsistendo
2520 5188 2623 5240 hoc
2644 5184 2875 5255 egisset,
2901 5202 2967 5241 ne
2997 5203 3119 5240 cum
3151 5189 3247 5243 illo
3268 5205 3493 5257 prorsus

251 5317 689 5382 colloqueretur.
746 5300 977 5354 Maxime
1029 5294 1232 5363 quippe
1285 5291 1460 5345 verita
1514 5301 1619 5353 est,
1665 5304 1734 5343 ne
1788 5288 2167 5345 institutorum
2217 5285 2339 5338 vitae
2400 5283 2700 5348 illecebris,
2755 5292 2810 5336 et
2866 5282 3155 5336 verborum
3219 5285 3268 5337 vi
3327 5296 3493 5356 atque

252 5414 561 5489 gravitate,
615 5404 1000 5470 imperatorem
1054 5391 1145 5444 ille
1193 5389 1247 5442 in
1292 5387 1615 5442 sententiam
1664 5397 1819 5439 suam
1867 5382 2186 5436 abduceret.
