4278 6438
766 472 865 537 771
1985 459 2421 523 NICEPIIORI
2467 459 2813 524 CALLISTI

1239 582 1400 652 237
1441 577 1665 635 CAPUT
1705 577 1798 632 Ix.

767 677 1200 751 DeAmphilochii
1225 675 1390 729 Iconii
1418 672 1646 751 episcopi
1663 672 1730 723 ad
1758 668 2100 723 Theodosium
2129 668 2339 722 dicendi

1415 745 1677 798 libertate.

836 864 959 917 Hinc
989 876 1112 916 cum
1157 861 1230 916 ita
1280 860 1498 921 fierent,
1531 874 1594 912 ac
1634 860 1753 927 ejus
1806 856 1882 909 rei
1919 853 2162 908 studium
2195 852 2337 922 apud

766 957 996 1010 Arianos
1045 955 1286 1025 vigeret,
1341 967 1570 1023 magnus
1614 949 2062 1019 Amphilochius,
2112 947 2179 1002 de
2228 959 2338 1014 quo

763 1061 924 1104 antea
953 1064 1176 1118 quoque
1207 1049 1540 1102 mentionem
1575 1043 1826 1105 fecimus,
1863 1056 2008 1094 unus
2033 1056 2099 1094 ex
2130 1040 2212 1092 eis
2242 1036 2334 1106 qui

762 1157 878 1199 tum
913 1128 1448 1206 Constantinopolim
1493 1138 1854 1198 advenerant,
1891 1130 2188 1200 episcopis,
2226 1144 2336 1182 non

763 1238 853 1290 ille
883 1236 1104 1303 quidem
1143 1234 1196 1286 in
1231 1233 1399 1286 rebus
1432 1230 1662 1300 agendis
1693 1235 1966 1289 versatus,
1999 1224 2095 1279 sed
2127 1221 2336 1291 alioqui

763 1344 934 1382 senex
988 1324 1374 1387 venerandus,
1421 1334 1586 1392 atque
1636 1322 1691 1374 in
1751 1320 1916 1374 rebus
1968 1319 2174 1373 divinis
2219 1320 2336 1372 acri

760 1434 946 1475 meme
1000 1419 1302 1489 praeditus,
1353 1417 1740 1485 imperatorem
1791 1414 2028 1472 adiisse.
2073 1413 2232 1482 eique
2279 1419 2338 1465 ut

759 1513 1088 1565 Arianorum
1133 1517 1441 1563 conventus
1476 1508 1543 1560 ab
1582 1507 1811 1560 urbibus
1846 1514 2174 1568 semoveret,
2209 1519 2339 1573 sup-

761 1607 995 1674 plicasse
1019 1605 1243 1658 dicitur.
1271 1603 1576 1670 Imperator
1599 1609 1806 1663 autem,
1835 1599 2157 1667 petitionem
2188 1613 2336 1659 eam,

757 1697 907 1766 quod
961 1696 1151 1749 durior
1200 1694 1668 1760 iuhnmaniorque
1715 1706 1837 1746 esse
1887 1690 2190 1754 videretur,
2229 1705 2336 1742 non

758 1789 1163 1854 comprobavit.
1203 1785 1273 1839 At
1320 1786 1542 1852 sapiens
1596 1786 1687 1837 ille
1736 1797 1902 1836 senex
1947 1791 2061 1835 tum
2111 1781 2335 1849 quidem

759 1884 958 1934 tacitus
989 1881 1145 1942 abiit,
1177 1890 1230 1932 et
1264 1878 1496 1932 consilio
1524 1876 1724 1928 deinde
1759 1874 2085 1943 sapientiore
2118 1872 2328 1926 facinus

758 1973 1027 2026 memoria
1060 1973 1286 2040 dignum
1333 1971 1482 2025 fecit.
1515 1967 1651 2020 Cum
1686 1983 1920 2034 namque
1953 1982 2169 2018 rursum
2206 1979 2330 2018 cum

759 2068 988 2136 reliquis
1015 2066 1292 2135 episcopis
1330 2067 1381 2117 in
1421 2065 1598 2117 aulam
1648 2062 1909 2125 venisset,
1941 2070 1998 2114 et
2039 2061 2332 2128 imperato-

758 2177 897 2223 rem,
931 2163 1002 2213 ita
1041 2169 1099 2212 ut
1131 2158 1309 2221 decet,
1347 2167 1510 2224 atque
1556 2165 1614 2207 ut
1658 2157 1749 2209 alii
1785 2153 2030 2223 episcopi
2068 2156 2332 2214 fecerant,

761 2254 850 2322 pie
897 2261 954 2307 et
1004 2253 1248 2304 suaviter
1299 2249 1593 2302 admodum
1648 2249 2047 2300 consalutasset
2091 2263 2103 2298 :
2163 2243 2331 2298 lilium

760 2345 934 2411 ipsius
977 2342 1292 2404 Arcadium,
1330 2341 1423 2406 qni
1479 2355 1656 2407 nuper
1701 2340 1766 2391 ad
1814 2339 2106 2407 imperium
2160 2338 2336 2391 lectus

759 2436 958 2500 fuerat,
996 2451 1103 2489 non
1135 2435 1326 2488 eadem
1365 2435 1439 2487 illi
1478 2432 1756 2500 impertita
1788 2433 2114 2485 reverentiae
2147 2431 2336 2485 obser-

759 2539 965 2588 vantia,
1000 2529 1392 2581 inhonoratum
1431 2527 1675 2594 reliquit.
1721 2527 1921 2578 Verum
1963 2525 2033 2578 ad
2075 2540 2199 2578 eum
2241 2540 2334 2576 ac-

759 2623 979 2679 cedens.
1007 2631 1063 2674 et
1096 2621 1260 2673 veluti
1300 2635 1422 2672 cum
1466 2633 1639 2685 puero
1679 2617 2023 2683 colloquens,
2057 2631 2334 2683 manuque

758 2728 885 2765 eum
940 2711 1259 2762 detnulcens
1296 2727 1311 2761 :
1358 2729 1375 2758 ι
1421 2708 1579 2760 Salve
1609 2716 1666 2760 et
1701 2715 1783 2766 tn.
1816 2721 1848 2758 0
1881 2721 2038 2773 puer,
2075 2707 2268 2771 inquit.
2312 2724 2327 2753 ι

761 2800 1088 2868 Imperator,
1144 2798 1290 2867 quod
1353 2812 1540 2850 senem
1597 2795 2047 2865 Amphilochium
2124 2796 2334 2848 rudiori

760 2895 945 2946 animo
976 2906 1120 2954 esse,
1174 2901 1231 2944 et
1288 2890 1549 2944 rusticius
1583 2904 1743 2959 agere
1789 2889 2154 2952 existimaret,
2196 2904 2334 2955 quo--

766 2985 930 3038 modo
981 2984 1154 3036 lilium
1202 2983 1443 3036 salutare
1469 2981 1720 3043 deberet,
1761 2981 1967 3034 docuit.
2006 2981 2182 3047 Atque
2222 2981 2332 3040 ille,

762 3075 1014 3131 sufﬁcere
1043 3076 1092 3127 ei
1124 3075 1388 3128 honorem
1419 3075 1606 3135 talem,
1632 3073 1788 3126 dixit.
1821 3073 2121 3141 Imperator
2151 3083 2334 3124 autem

763 3170 843 3222 ira
878 3168 1144 3235 percitus,
1177 3175 1232 3217 et
1269 3167 1438 3219 veluti
1479 3166 1624 3219 filius
1657 3165 1855 3234 injuria
1899 3163 2125 3217 affectus
2164 3172 2333 3225 esset.

761 3261 1004 3330 graviter
1046 3269 1378 3316 commotus.
1424 3272 1551 3312 cum
1591 3255 1844 3310 convicio
1877 3259 2197 3324 episcopum
2237 3253 2335 3306 ab-
2365 3285 2410 3344 Ο
2444 3254 2532 3304 τὸν

762 3353 888 3406 duci
911 3354 1096 3420 jussit.
1132 3351 1226 3406 Ille
1253 3365 1418 3419 porro
1447 3350 1700 3418 quamvis
1730 3348 2170 3417 protrudere-tur,
2207 3361 2338 3399 con-

743 3459 959 3498 versus
1004 3453 1184 3496 tamen
1243 3443 1522 3511 paululum
1550 3483 1563 3505 ,
1611 3442 2010 3508 consiliumque
2052 3439 2107 3491 in
2155 3440 2340 3491 animo

762 3536 1098 3590 occultatum
1165 3535 1455 3602 proferens
1486 3552 1499 3587 :
1541 3552 1559 3584 ι
1597 3533 1856 3593 Videsne,
1882 3534 2078 3600 inquit,
2103 3546 2135 3584 ο
2169 3532 2342 3598 impe-

763 3641 937 3691 rator,
963 3645 1124 3698 quam
1157 3641 1212 3680 tu
1239 3627 1545 3697 procaciter
1573 3625 1684 3680 filio
1711 3626 1916 3679 illatam
1947 3625 2338 3678 contumeliam

768 3738 875 3775 non
922 3721 1068 3784 fers,
1111 3720 1204 3774 sed
1246 3720 1620 3773 amarulenter
1661 3727 1886 3787 pr0pter
1923 3701 2338 3771 sulimissiorein

768 3813 1283 3883 compellationetn,
1319 3813 1372 3864 in
1419 3827 1522 3864 nos
1568 3811 1960 3865 excandescis?
2001 3811 2093 3864 Sic
2133 3810 2341 3863 scilicet

767 3905 1086 3957 existimare
1118 3913 1169 3956 te
1201 3903 1471 3969 oportuit,
1506 3915 1838 3954 succensere
1865 3902 2031 3953 etiam
2061 3899 2340 3954 cmlestem

769 3997 1165 4063 Imperatorem
1195 4003 1251 4046 et
1274 3994 1491 4046 Patrem
1524 3992 1829 4061 Unigeniti,
1863 3998 2090 4059 pr0pter
2117 4004 2213 4043 eos
2248 3990 2342 4056 qui

765 4105 876 4143 non
915 4103 1261 4142 communem
1307 4086 1390 4139 illi
1433 4085 1685 4139 tribuunt
1715 4083 2004 4146 honorem,
2044 4083 2138 4136 sed
2179 4081 2343 4135 dissi-

771 4183 955 4235 milem
1005 4192 1062 4235 et
1107 4181 1269 4249 longe
1312 4180 1581 4232 minorem
1624 4177 1783 4230 Patre
1813 4189 2012 4228 vocare
2054 4175 2276 4228 audent.
2321 4193 2337 4223 ι

770 4277 1073 4344 Imperator
1116 4289 1238 4327 cum
1294 4273 1422 4326 inde
1477 4284 1591 4323 rem
1639 4277 1815 4323 actam
1866 4267 2233 4337 intelligeret,
2289 4275 2347 4319 et

770 4368 937 4420 verba
976 4381 1040 4420 ea
1078 4364 1472 4425 admiraretur,
1508 4361 1918 4430 quamprimum
1956 4359 2024 4412 ad
2069 4373 2126 4411 se
2164 4371 2345 4413 sacer-

768 4459 956 4510 dotem
987 4455 1082 4511 Dei
1114 4456 1428 4519 accersivit,
1462 4462 1516 4507 et
1547 4451 1612 4506 ad
1649 4450 1817 4518 pedes
1851 4450 1970 4519 ejus
2001 4449 2340 4517 provolutus.

769 4551 985 4602 veniam
1014 4549 1083 4602 ab
1115 4563 1183 4602 eo
1219 4550 1398 4618 petiit.
1432 4547 1622 4616 Neque
1656 4546 1816 4597 aliter
1842 4559 2004 4612 quam
2034 4543 2148 4611 ipse
2177 4542 2345 4596 dixis-

3043 578 3293 634 ΚΕΦΑΛ.
3335 579 3413 637 θ’.

2445 663 2583 733 Περὶ
2631 665 2742 740 τῆς
2770 667 2919 737 πρὸς
2952 669 3275 740 Θεοδόσιον
3328 671 3672 736 παρῤησιάς
3707 670 3810 724 τοῦ
3843 674 4020 740 ἁγίου

2630 738 3022 806 Ἀμφιλοχίοιι
3046 739 3149 793 τοῦ
3184 740 3527 794 ἐπισκόπου
3573 743 3840 795 Ἰκονίου.

2513 851 2790 908 Τοιούτων
2853 854 2917 925 δὴ
2978 857 3304 926 γινομένων,
3360 856 3454 910 καὶ
3512 859 3614 924 τῆς
3675 860 3804 929 περὶ
3848 857 4021 911 ταῦτα

2442 945 2678 1014 σπουδῆς
2733 948 2884 1016 παρὰ
2920 946 3222 1018 Ἀρειανοῖς
3254 949 3634 1020 ἀκμαζούσης,
3678 950 3896 1017 λέγεται
3927 955 4020 1005 τὸν

2442 1034 2610 1086 πολὺν
2645 1037 3018 1110 Ἀμφιλὸχιον,
3045 1038 3105 1092 οὖ
3141 1042 3234 1092 καὶ
3269 1042 3463 1111 πρώην
3513 1042 3888 1112 ἐμνήσθημεν,
3924 1046 4020 1098 ἕνα

2440 1139 2504 1189 γε
2543 1124 2673 1177 ὅντα
2726 1127 2834 1178 τῶν
2866 1131 3282 1200 ἐπιδημούντων
3333 1133 3674 1197 ἐπισκόπων,
3722 1134 4018 1204 πράγμασι

2445 1214 2544 1282 μὲν
2571 1215 2776 1287 ἥκιστα
2808 1221 3054 1292 ὲντριϐἦ,
3105 1224 3428 1292 πρεσϐύτην
3455 1224 3500 1275 δ’
3540 1226 3721 1289 ἄλλως
3763 1229 3858 1281 καὶ
3892 1235 4020 1299 περὶ

2439 1309 2506 1360 τὰ
2530 1308 2649 1361 θεῖα
2685 1309 2812 1365 νοῦν
2843 1313 3059 1381 ἔχοντα,
3091 1313 3302 1383 βασιλεί
3334 1317 3647 1386 προσιέναι,
3683 1323 3776 1372 καὶ
3806 1323 4024 1375 ἀντιϐο-

2439 1401 2601 1468 λῆσαι
2651 1403 2777 1465 τοὺς
2829 1406 2940 1460 τῶν
2964 1407 3262 1477 Ἀρειανῶν
3313 1411 3604 1478 συλλόγους
3658 1413 3766 1465 τῶν
3809 1414 4021 1467 πόλεων

2440 1493 2846 1558 ἐξελαύνεσθαι.
2889 1501 2948 1552 'U
3004 1503 3060 1554 δὲ
3095 1502 3372 1572 βασιλεὺς,
3425 1504 3502 1562 ὡς
3558 1505 3624 1558 ἂν
3681 1507 3872 1575 ἁπηνῆ
3921 1507 4020 1574 τὴν

2440 1595 2658 1663 αἴτησιν
2684 1595 3055 1663 ἡγησάμενος,
3089 1597 3190 1648 οὐκ
3225 1596 3467 1661 ἐδέξατο.
3509 1598 3568 1650 ὐ
3596 1598 3652 1649 δὲ
3683 1599 3847 1664 σοφὸς
3876 1599 4022 1647 ἐκεῖ·

2441 1703 2529 1746 νος
2584 1689 2921 1756 πρεσϐύτης,
2972 1689 3034 1740 τό
3069 1707 3131 1756 γε
3182 1689 3278 1742 νῦν
3311 1691 3432 1760 ἕχον
3464 1693 3521 1742 ἐν
3572 1697 3700 1760 σιγῇ
3729 1691 4020 1758 παρελθὼν

2440 1779 2654 1849 ἐπινοίᾳ.
2683 1781 2988 1850 σοφωτέρᾳ,
3025 1783 3249 1852 μνήμης
3281 1783 3430 1846 ἄξιον
3474 1784 3826 1852 διεπράξατο.
3854 1783 4021 1843 Αὖθις

2440 1873 2548 1940 γὰρ
2604 1875 2702 1925 σὺν
2735 1876 2846 1935 τοῖς
2899 1875 3110 1936 λοιποῖς
3142 1879 3469 1941 ἐπισκόποις
3519 1882 3600 1940 εἰς
3652 1878 3721 1929 τὰ
3771 1879 4022 1944 βασίλεια

2443 1965 2754 2032 παρελθὼν,
2793 1966 2883 2018 τὸν
2923 1967 3021 2036 μὲν
3049 1967 3291 2036 βασιλέα,
3328 1969 3403 2031 ὦς
3443 1987 3508 2038 γε
3543 1971 3711 2033 εἰκὸς,
3744 1969 3890 2021 καθὰ
3924 1971 4018 2020 καὶ

2442 2059 2490 2108 οἱ
2520 2059 2698 2110 λοιπολ⁵
2719 2059 2829 2110 τῶν
2867 2061 3079 2128 ἱερέων,
3113 2062 3401 2129 ἠσπάσατο
3445 2064 3684 2126 εὐσεϐῶς
3719 2065 3812 2116 καὶ
3840 2064 4020 2130 ἠπίως

2446 2149 2590 2217 μάλα
2612 2164 2625 2176 ·
2659 2149 2736 2220 τῷ
2759 2151 2817 2203 δὲ
2849 2151 2942 2204 τοῦ
2997 2153 3258 2220 βασιλέως
3300 2154 3454 2206 παιδὶ
3485 2154 3784 2223 Ἀρκαδίῳ,
3823 2158 4022 2206 νεωστὶ

2440 2240 2495 2289 δὲ
2524 2241 2621 2308 τὴν
2651 2242 2746 2310 τῆς
2778 2242 3050 2306 βασιλείας
3081 2248 3412 2312 χειροτονίαν
3440 2245 3675 2313 εἰλήφει,
3709 2248 4018 2314 ἀγέραστοδ

2441 2333 2801 2385 καταλέλοιπε
2870 2336 2943 2403 μὴ
2985 2337 3082 2404 τὴν
3131 2338 3253 2404 ἴσην
3281 2337 3584 2404 ἀπονείμας
3632 2339 3817 2408 τιμήν.
3853 2337 4024 2389 Ἀλλὰ

2444 2426 2778 2493 προσελθὼν,
2841 2430 2984 2480 καθὰ
3027 2431 3091 2497 δὴ
3143 2431 3325 2500 νηπίῳ
3365 2431 3770 2499 διαλεγόμενος,
3800 2431 3878 2499 τῷ
3924 2433 4025 2484 δα-

2443 2517 2622 2585 κτύλῳ
2649 2519 2874 2582 σαίνων,
2918 2537 2935 2570 ι
2978 2521 3210 2590 Χαέροις
3245 2524 3339 2574 καὶ
3391 2522 3478 2587 σὺ,
3517 2523 3750 2584 παιδον,
3800 2541 3816 2572 ι
3863 2528 4022 2590 φησί.

2445 2608 2710 2670 Βασιλεὺς
2745 2610 2801 2662 δὲ
2829 2612 3250 2682 ἰδιωτικώτερον
3279 2607 3369 2664 οἷα
3399 2631 3462 2679 γε
3502 2615 3820 2683 πρεσϐύτην
3869 2615 4029 2681 νομίο

2445 2714 2541 2755 σας
2576 2700 2883 2749 διακεῖσθαι
2937 2703 3028 2749 τὸν
3072 2703 3445 2768 ’Λμῳλόχιοη
3479 2703 3628 2762 ὅπως
3665 2705 3746 2753 δεῖ
3777 2706 4028 2764 ἀσπάζε-

2446 2789 2565 2839 σθαι
2591 2789 2679 2840 τὸν
2701 2790 2837 2855 υἰδν,
2866 2790 3235 2853 ἐξεπαίδευεν.
3269 2792 3329 2844 ’0
3362 2792 3428 2857 δ’,
3462 2812 3478 2840 ι
3510 2793 3773 2861 ’Λπόχρη,
3796 2811 3812 2842 ι
3842 2793 4026 2858 ἔλεγε,

2448 2898 2464 2928 ι
2521 2883 2611 2932 καὶ
2660 2881 2863 2948 ταύτης
2921 2883 3070 2951 αὐτῷ
3137 2883 3237 2952 τῆς
3286 2886 3477 2952 τιμῆς.
3537 2903 3555 2934 ι
3609 2887 3915 2954 ιιεριοργὴς
3966 2888 4025 2939 δὲ

2442 2972 2735 3039 γενόμενος
2795 2974 3050 3041 βασιλεὺς
3104 2976 3178 3036 ὡς
3233 2976 3691 3045 περιυϐρισμένῳ
3735 2980 3812 3045 τῷ
3869 2981 4029 3030 παιδὶ

2442 3061 2806 3130 χαλεπαίνων,
2845 3067 2962 3133 μεθ’
2981 3067 3191 3136 ὕϐρεων
3217 3067 3433 3133 ἐξάγειν
3451 3067 3540 3118 τὸν
3567 3069 3716 3136 ἱερέα
3741 3069 4026 3123 ἐκέλευεν.

2452 3160 2511 3212 ’0
2547 3161 2604 3212 δὲ
2633 3164 2835 3230 καίπερ
2864 3161 3200 3230 ὠθούμενος,
3237 3164 3437 3233 μικρὸν
3468 3165 3856 3231 ἐπιστραφεὶς,
3891 3165 4025 3232 ἔφη,

2587 3256 2802 3320 sxw-st;
2878 3255 3260 3322 κρυπτόμενον
3320 3256 3723 3308 ἀνακαλύπτων
3777 3260 4026 3311 σκοπόν·

2450 3365 2466 3396 ι
2521 3349 2704 3418 Ὁρᾷς,
2738 3342 2782 3398 ὦ
2835 3347 3085 3415 βασιλεῦ,
3119 3348 3192 3411 ὡς
3243 3349 3304 3399 οὑ
3340 3350 3528 3417 φέρεις
3566 3350 3662 3419 τὴν
3690 3351 3783 3401 τοῦ
3833 3354 4031 3414 παιὸἰς

2444 3439 2753 3507 παρο.νίαν,
2815 3439 2932 3490 ἀλλ’
2972 3441 3109 3508 ἡμῖν
3161 3440 3509 3509 χαλεπαίνεις
3568 3443 3780 3511 πικρῶς
3821 3444 3901 3511 τῷ
3929 3447 4032 3510 τῆς

2445 3535 2803 3602 προσρήσεως
2858 3533 3180 3601 ὑφειμένῳ;
3215 3533 3374 3585 Οῦτω
3435 3534 3500 3601 δὴ
3545 3537 3790 3603 νομίζειν
3841 3539 4032 3605 χρεὼν

2444 3626 2540 3675 καὶ
2567 3626 2660 3674 τὸν
2696 3627 2953 3692 οὐράνιον
2987 3625 3225 3676 Βασιλέα
3276 3626 3369 3675 καὶ
3417 3627 3644 3693 Πατέρα
3689 3628 4034 3693 ἀγανακτεῖν

2444 3715 2536 3766 τοῦ
2566 3715 2927 3781 Μονογενοῦς,
2964 3715 3093 3776 τοὺς
3147 3715 3220 3783 μὴ
3253 3715 3313 3766 τὸ
3365 3715 3480 3767 ἴσον
3536 3717 3733 3783 ἐκείνῳ
3789 3723 4035 3786 προσνέ-

2448 3823 2648 3873 μοντας
2682 3809 2870 3873 γέρας,
2902 3806 3016 3859 ἀλλ’
3069 3808 3257 3860 ἄνισον
3307 3809 3403 3860 καὶ
3451 3807 3634 3876 πολλῷ
3679 3810 3776 3861 τοῦ
3811 3812 4036 3880 [ἰατρὸς

2443 3899 2644 3966 ἦττονα
2699 3899 3019 3967 τολμῶντας
3053 3899 3377 3956 ἀποκαλεῖν.
3427 3918 3445 3951 ι
3483 3902 3672 3964 Συνεις
3697 3902 3745 3952 δ’
3771 3905 4037 3959 ἐντεῦθεν

2445 3993 2471 4039 ὀ
2506 3989 2759 4058 βασιλεὺς
2791 3993 2859 4043 τα
2889 4009 2947 4044 τε
2979 3995 3348 4062 πεπραγμένα
3380 3995 3474 4045 καὶ
3509 3997 3578 4047 τὰ
3600 3997 3875 4063 εἰρημένα
3903 4001 4041 4052 Θαυ-

2449 4085 2650 4147 μάσας,
2682 4084 2757 4146 ὡς
2787 4087 2954 4152 τάχος
2977 4086 3069 4137 τὸν
3103 4086 3258 4154 ἱερέα
3283 4087 3422 4139 Θεοῦ
3459 4089 3854 4155 μετεστέλλετο
3881 4107 3895 4121 ⁸
3937 4095 4039 4145 καὶ

2445 4179 2559 4238 τοῖς
2591 4180 2751 4228 ποσὶν
2788 4179 2999 4231 ἐκείνου
3050 4178 3244 4230 ἑαυτὸν
3280 4179 3649 4248 έπιρῤίπτων,
3687 4183 4041 4254 συγγνώμην

2447 4267 2590 4337 ᾔτει,
2627 4269 2721 4320 καὶ
2755 4269 2830 4336 μὴ
2861 4269 3036 4346 ἄλλως
3059 4269 3208 4337 ἔχειν
3252 4269 3483 4322 έτίθιτο.
3520 4270 3624 4323 Καὶ
3661 4272 3716 4323 έν
3746 4272 3825 4339 τῷ
3849 4274 4043 4342 ἀσφα-

2450 4362 2534 4412 λεῖ
2563 4365 2879 4430 γενόμενος,
2929 4363 3023 4414 τοῦ
3056 4361 3247 4414 λοιποῦ
3298 4363 3428 4425 τοὺς
3477 4363 3629 4431 παρὰ
3661 4366 3721 4414 τδ
3770 4365 3940 4429 δόξαν
3980 4373 4042 4418 ὲν

2450 4453 2657 4518 Νικαία
2693 4452 3036 4516 δοξάζοντας,
3068 4453 3433 4523 ὲξετρέπετοο
3481 4456 3582 4518 τάς
3619 4455 3668 4506 τ’
3697 4454 3786 4507 ἐπ’
3819 4446 4042 4526 ἀγορᾶς

2451 4546 2630 4610 ἐριδας
2689 4547 2786 4596 καὶ
2842 4546 2967 4606 τοὺς
3025 4546 3285 4613 ὲπικενῆς
3322 4547 3616 4612 συλλόγους
3658 4549 3860 4616 ἀνέσχε
3887 4566 3901 4579 ·
3941 4553 4042 4602 καὶ

771 4648 876 4698 set,
909 4653 968 4692 se
1004 4653 1118 4692 rem
1155 4638 1375 4698 habere,
1410 4645 1690 4706 professus
1733 4651 1836 4690 est.
1875 4635 2040 4705 233
2070 4636 2243 4704 Atque
2288 4638 2340 4688 in
2377 4619 2419 4670 ο
2452 4659 2460 4673 ι

2377 4619 2419 4670 D
2452 4644 2578 4707 περὶ
2609 4638 2741 4692 Θεοῦ
2776 4640 2872 4691 καὶ
2900 4639 2998 4706 τῆς
3031 4638 3197 4690 αὐτοῦ
3229 4639 3448 4704 φύσεως
3480 4641 3674 4706 λόγους
3699 4645 3877 4693 κινεῖν
3907 4662 4045 4695 nam.

771 4743 839 4783 ea
887 4731 1161 4785 sententia
1214 4731 1609 4788 confirmatus,
1661 4741 1851 4797 postea
1898 4743 1991 4781 eos
2045 4728 2136 4796 qui
2185 4729 2344 4780 aliter

772 4837 937 4889 quam
966 4821 1159 4874 Nicreaa
1189 4829 1451 4875 statutum
1485 4820 1684 4883 fuerat,
1711 4820 2094 4888 Opinarentur,
2127 4834 2347 4871 aversa-

776 4921 865 4964 tus
898 4921 1002 4964 est.
1031 4910 1432 4966 Contentiones
1464 4914 1519 4965 in
1567 4912 1685 4964 foro
1718 4923 1772 4966 et
1811 4913 2004 4965 inanes
2037 4921 2345 4966 conventus

775 5002 1017 5056 inhibuit
1049 5004 1147 5072 (1),
1182 5005 1649 5074 disputationibus
1679 5005 1745 5058 de
1781 5003 1888 5058 Deo
1914 5015 1970 5057 et
1999 5014 2194 5057 natura
2220 5005 2341 5075 ejus

777 5096 940 5149 finem
988 5099 1214 5152 omnino
1263 5099 1524 5168 imposuit
1553 5116 1564 5151 :
1597 5107 1652 5151 et
1693 5098 2086 5153 constitutione
2128 5101 2344 5166 publice

777 5190 1079 5256 proposita,
1115 5191 1414 5258 periculum
1452 5193 1544 5260 qui
1587 5192 1637 5244 ei
1675 5207 1784 5244 non
1821 5201 2092 5259 parerent,
2132 5193 2336 5245 denun-

2450 4733 2690 4783 τάπασιν
2711 4732 2939 4783 ἔπαυσε.
2977 4731 3083 4782 Καὶ
3101 4731 3265 4800 νόμον
3292 4732 3338 4782 δ’
3365 4733 3456 4783 ἐπὶ
3490 4733 3658 4800 μέσου
3692 4736 3910 4802 ὀρέσας.
3936 4741 4042 4789 οᾴκ

2453 4826 2738 4877 ἀκίνδυνον
2771 4826 3004 4877 ἐποιεῖτο
3031 4825 3122 4876 τὸν
3153 4825 3228 4893 μὴ
3260 4825 3600 4891 φυλάττοντα
3621 4841 3634 4854 ·
3664 4829 4042 4894 προσηπείλει

2459 4917 2644 4985 μέντοι
2679 4919 2773 4970 καὶ
2808 4917 3078 4986 τιμωρίαν
3108 4917 3339 4984 ἐπάγειν
3390 4918 3468 4986 τῷ
3503 4917 3777 4986 τολμητῇ.
3809 4919 4042 4984 Ἐξελα·

2456 5009 2663 5059 θέντων
2713 5007 2759 5060 δ’
2791 5009 3041 5060 ἐντεῦθεν
3074 5009 3375 5077 Ἀρειανῶν
3407 5025 3468 5060 τε
3506 5010 3598 5060 καὶ
3648 5009 4041 5079 Εὑνομιανών,

2454 5104 2501 5152 oi
2528 5102 2625 5168 τῆς
2658 5100 2954 5168 δμοουσίσυ
2995 5100 3230 5162 πϊστεως
3263 5101 3371 5150 τῶν
3417 5098 3725 5167 ἐκκλησιῶν
3755 5105 4045 5172 κατεκρά-

2452 5211 2646 5261 τησαν.

779 5285 964 5346 tiavit,
998 5300 1216 5355 pmnam
1264 5288 1311 5341 ei
1346 5303 1566 5356 quoque
1599 5289 1692 5357 qui
1733 5299 1921 5342 contra
1955 5289 2144 5343 venire
2215 5309 2383 5349 ausus
2420 5301 2585 5352 esset,
2615 5291 3004 5345 comminatus.
3071 5291 3146 5344 Ita
3181 5292 3410 5357 factum,
3439 5302 3499 5346 ut
3531 5293 3750 5347 Arianis
3774 5305 3826 5348 ct
3856 5295 4044 5349 Ειιιιο-

779 5380 980 5433 mianis
1014 5381 1207 5448 pulsis,
1237 5382 1330 5435 τοῦ
1378 5385 1691 5452 ὀμοουσίου,
1739 5384 2249 5452 consubstantialis,
2299 5389 2425 5444 fidei
2466 5389 2806 5458 professores
2833 5388 3098 5442 ecclesias
3123 5389 3571 5442 moderarentur.

850 5522 929 5594 (I)
954 5522 1294 5582 Theodosius
1313 5529 1672 5583 conventibus
1693 5529 1921 5598 publicis
1948 5539 2107 5585 secta:
2129 5530 2342 5583 Arianze
2381 5531 2680 5593 interdicit,
2709 5533 2745 5584 Ι.
2782 5547 2814 5585 ιι
2846 5531 2905 5585 C.
2946 5531 3016 5584 De
3049 5549 3186 5585 sum.
3214 5530 3355 5585 Trin.
3389 5541 3436 5585 et
3465 5530 3560 5599 ῥά.
3591 5533 3732 5585 cum.
