  <div class='ocr_page' id='page_1' title='image "/cluster/home/n/w/nwhite01/storage/ocr_20150623/146/nnc1.0046980610/420.png"; bbox 0 0 4278 6438; ppageno 0'>
   <div class='ocr_carea' id='block_1_1' title="bbox 195 400 303 460">
    <p class='ocr_par' dir='ltr' id='par_1_1' title="bbox 195 400 303 460">
     <span class='ocr_line' id='line_1_1' title="bbox 195 400 303 460; baseline -0.009 -2"><span class='ocrx_word' id='word_1_1' title='bbox 195 400 303 460; x_wconf 74' lang='lat'><strong>773</strong></span> 
     </span>
    </p>
   </div>
   <div class='ocr_carea' id='block_1_2' title="bbox 808 510 1157 564">
    <p class='ocr_par' dir='ltr' id='par_1_2' title="bbox 808 510 1157 564">
     <span class='ocr_line' id='line_1_2' title="bbox 808 510 1157 564; baseline 0.003 -1"><span class='ocrx_word' id='word_1_2' title='bbox 808 511 1059 564; x_wconf 76' lang='grc' dir='ltr'><strong>ΚΕΦΑΛ.</strong></span> <span class='ocrx_word' id='word_1_3' title='bbox 1102 510 1157 564; x_wconf 88' lang='lat' dir='ltr'><strong>l&#39;.</strong></span> 
     </span>
    </p>
   </div>
   <div class='ocr_carea' id='block_1_3' title="bbox 192 598 1760 673">
    <p class='ocr_par' dir='ltr' id='par_1_3' title="bbox 192 598 1760 673">
     <span class='ocr_line' id='line_1_3' title="bbox 192 598 1760 673; baseline -0.008 -10"><span class='ocrx_word' id='word_1_4' title='bbox 192 606 332 669; x_wconf 67' lang='lat' dir='ltr'><strong>napi</strong></span> <span class='ocrx_word' id='word_1_5' title='bbox 364 605 475 672; x_wconf 81' lang='grc' dir='ltr'>τῆς</span> <span class='ocrx_word' id='word_1_6' title='bbox 495 605 669 673; x_wconf 55' lang='grc' dir='ltr'>ἀμίας</span> <span class='ocrx_word' id='word_1_7' title='bbox 708 605 989 669; x_wconf 76' lang='grc' dir='ltr'><strong>δευτέρας</strong></span> <span class='ocrx_word' id='word_1_8' title='bbox 1012 600 1433 673; x_wconf 75' lang='grc' dir='ltr'>οἰκουμενικῆς</span> <span class='ocrx_word' id='word_1_9' title='bbox 1457 598 1724 673; x_wconf 74' lang='grc' dir='ltr'>συνόδου</span> <span class='ocrx_word' id='word_1_10' title='bbox 1747 614 1760 631; x_wconf 78' lang='grc' dir='ltr'><strong><em>ο</em></strong></span> 
     </span>
    </p>
   </div>
   <div class='ocr_carea' id='block_1_4' title="bbox 266 670 1762 745">
    <p class='ocr_par' dir='ltr' id='par_1_4' title="bbox 266 670 1762 745">
     <span class='ocr_line' id='line_1_4' title="bbox 266 670 1762 745; baseline -0.007 -16"><span class='ocrx_word' id='word_1_11' title='bbox 266 677 304 745; x_wconf 79' lang='grc' dir='ltr'><strong><em>ἦ</em></strong></span> <span class='ocrx_word' id='word_1_12' title='bbox 341 670 431 741; x_wconf 70' lang='grc' dir='ltr'>δὴ</span> <span class='ocrx_word' id='word_1_13' title='bbox 454 670 710 741; x_wconf 65' lang='grc' dir='ltr'>σπουδῇ</span> <span class='ocrx_word' id='word_1_14' title='bbox 742 670 1402 745; x_wconf 12' lang='grc' dir='ltr'>Θωδοσίρυίβασιλέως</span> <span class='ocrx_word' id='word_1_15' title='bbox 1451 671 1548 745; x_wconf 59' lang='grc' dir='ltr'><strong>καί</strong></span> <span class='ocrx_word' id='word_1_16' title='bbox 1578 673 1762 745; x_wconf 53' lang='lat' dir='ltr'><strong>nisls-</strong></span> 
     </span>
    </p>
   </div>
   <div class='ocr_carea' id='block_1_5' title="bbox 262 739 1762 811">
    <p class='ocr_par' dir='ltr' id='par_1_5' title="bbox 262 739 1762 811">
     <span class='ocr_line' id='line_1_5' title="bbox 262 739 1762 811; baseline -0.007 -10"><span class='ocrx_word' id='word_1_17' title='bbox 262 739 531 802; x_wconf 59' lang='grc' dir='ltr'>ίίουτοῦ</span> <span class='ocrx_word' id='word_1_18' title='bbox 547 739 919 811; x_wconf 64' lang='grc' dir='ltr'>*Αντιοχείας</span> <span class='ocrx_word' id='word_1_19' title='bbox 949 742 1027 806; x_wconf 84' lang='grc' dir='ltr'>τῷ</span> <span class='ocrx_word' id='word_1_20' title='bbox 1055 742 1451 810; x_wconf 76' lang='grc' dir='ltr'>Θεολόγῳτὴν</span> <span class='ocrx_word' id='word_1_21' title='bbox 1476 739 1583 806; x_wconf 82' lang='grc' dir='ltr'>τῆς</span> <span class='ocrx_word' id='word_1_22' title='bbox 1609 741 1762 792; x_wconf 76' lang='grc' dir='ltr'>Κων-</span> 
     </span>
    </p>
   </div>
   <div class='ocr_carea' id='block_1_6' title="bbox 262 813 1383 891">
    <p class='ocr_par' dir='ltr' id='par_1_6' title="bbox 262 813 1383 891">
     <span class='ocr_line' id='line_1_6' title="bbox 262 813 1383 891; baseline -0.006 -19"><span class='ocrx_word' id='word_1_23' title='bbox 262 817 595 872; x_wconf 81' lang='grc' dir='ltr'>σταντίνου</span> <span class='ocrx_word' id='word_1_24' title='bbox 624 813 972 879; x_wconf 79' lang='grc' dir='ltr'><strong>ἐπισκοπὴν</strong></span> <span class='ocrx_word' id='word_1_25' title='bbox 995 813 1383 891; x_wconf 61' lang='grc' dir='ltr'>ἐνεχείρισεν.</span> 
     </span>
    </p>
   </div>
   <div class='ocr_carea' id='block_1_7' title="bbox 267 925 1766 997">
    <p class='ocr_par' dir='ltr' id='par_1_7' title="bbox 267 925 1766 997">
     <span class='ocr_line' id='line_1_7' title="bbox 267 925 1766 997; baseline -0.006 -13"><span class='ocrx_word' id='word_1_26' title='bbox 267 932 367 985; x_wconf 86' lang='grc' dir='ltr'><strong>Διά</strong></span> <span class='ocrx_word' id='word_1_27' title='bbox 393 948 474 983; x_wconf 88' lang='grc' dir='ltr'><strong>τοι</strong></span> <span class='ocrx_word' id='word_1_28' title='bbox 500 930 683 989; x_wconf 69' lang='grc' dir='ltr'>τοῦτο,</span> <span class='ocrx_word' id='word_1_29' title='bbox 718 929 842 981; x_wconf 82' lang='grc' dir='ltr'>ὅσον</span> <span class='ocrx_word' id='word_1_30' title='bbox 871 927 1036 997; x_wconf 86' lang='grc' dir='ltr'>τάχος</span> <span class='ocrx_word' id='word_1_31' title='bbox 1071 926 1165 978; x_wconf 79' lang='grc' dir='ltr'>καὶ</span> <span class='ocrx_word' id='word_1_32' title='bbox 1204 926 1419 978; x_wconf 85' lang='grc' dir='ltr'>σύνοδον</span> <span class='ocrx_word' id='word_1_33' title='bbox 1448 925 1766 978; x_wconf 72' lang='grc' dir='ltr'>ἐπισκόπων</span> 
     </span>
    </p>
   </div>
   <div class='ocr_carea' id='block_1_8' title="bbox 188 1016 1765 1087">
    <p class='ocr_par' dir='ltr' id='par_1_8' title="bbox 188 1016 1765 1087">
     <span class='ocr_line' id='line_1_8' title="bbox 188 1016 1765 1087; baseline -0.006 -10"><span class='ocrx_word' id='word_1_34' title='bbox 188 1027 249 1085; x_wconf 71' lang='grc' dir='ltr'>ξς</span> <span class='ocrx_word' id='word_1_35' title='bbox 277 1023 447 1077; x_wconf 80' lang='grc' dir='ltr'>ταυτδ</span> <span class='ocrx_word' id='word_1_36' title='bbox 490 1020 768 1073; x_wconf 78' lang='grc' dir='ltr'>συνελθεῖν</span> <span class='ocrx_word' id='word_1_37' title='bbox 806 1018 991 1071; x_wconf 75' lang='grc' dir='ltr'>ἐκάλει</span> <span class='ocrx_word' id='word_1_38' title='bbox 1032 1019 1095 1069; x_wconf 77' lang='grc' dir='ltr'>ὲκ</span> <span class='ocrx_word' id='word_1_39' title='bbox 1143 1017 1313 1087; x_wconf 85' lang='grc' dir='ltr'>μόνης</span> <span class='ocrx_word' id='word_1_40' title='bbox 1342 1016 1439 1085; x_wconf 82' lang='grc' dir='ltr'>τῆς</span> <span class='ocrx_word' id='word_1_41' title='bbox 1484 1016 1575 1068; x_wconf 79' lang='grc' dir='ltr'><strong>ὑπ’</strong></span> <span class='ocrx_word' id='word_1_42' title='bbox 1602 1016 1765 1069; x_wconf 81' lang='grc' dir='ltr'>αὑτὸν</span> 
     </span>
    </p>
   </div>
   <div class='ocr_carea' id='block_1_9' title="bbox 187 1108 1761 1186">
    <p class='ocr_par' dir='ltr' id='par_1_9' title="bbox 187 1108 1761 1186">
     <span class='ocr_line' id='line_1_9' title="bbox 187 1108 1761 1186; baseline -0.006 -16"><span class='ocrx_word' id='word_1_43' title='bbox 187 1118 528 1186; x_wconf 79' lang='grc' dir='ltr'>ἀρχομένης,</span> <span class='ocrx_word' id='word_1_44' title='bbox 561 1113 703 1167; x_wconf 84' lang='grc' dir='ltr'>ὥστε</span> <span class='ocrx_word' id='word_1_45' title='bbox 737 1114 804 1166; x_wconf 81' lang='grc' dir='ltr'>τὰ</span> <span class='ocrx_word' id='word_1_46' title='bbox 833 1115 890 1164; x_wconf 71' lang='grc' dir='ltr'><strong>ἰν</strong></span> <span class='ocrx_word' id='word_1_47' title='bbox 914 1111 1120 1182; x_wconf 81' lang='grc' dir='ltr'>Νικαίᾳ</span> <span class='ocrx_word' id='word_1_48' title='bbox 1149 1111 1379 1176; x_wconf 78' lang='grc' dir='ltr'>δόξαντα</span> <span class='ocrx_word' id='word_1_49' title='bbox 1424 1108 1722 1174; x_wconf 73' lang='grc' dir='ltr'>βεϐαιῶσαι</span> <span class='ocrx_word' id='word_1_50' title='bbox 1747 1123 1761 1139; x_wconf 79' lang='grc'><strong><em>⁸</em></strong></span> 
     </span>
    </p>
   </div>
   <div class='ocr_carea' id='block_1_10' title="bbox 184 1198 1767 1275">
    <p class='ocr_par' dir='ltr' id='par_1_10' title="bbox 184 1198 1767 1275">
     <span class='ocr_line' id='line_1_10' title="bbox 184 1198 1767 1275; baseline -0.008 -13"><span class='ocrx_word' id='word_1_51' title='bbox 184 1207 586 1275; x_wconf 74' lang='grc' dir='ltr'>διασκέψασθαί</span> <span class='ocrx_word' id='word_1_52' title='bbox 610 1223 666 1257; x_wconf 86' lang='grc' dir='ltr'><strong>τε</strong></span> <span class='ocrx_word' id='word_1_53' title='bbox 697 1205 790 1259; x_wconf 69' lang='grc' dir='ltr'>καὶ</span> <span class='ocrx_word' id='word_1_54' title='bbox 815 1198 857 1272; x_wconf 82' lang='grc' dir='ltr'>ᾧ</span> <span class='ocrx_word' id='word_1_55' title='bbox 888 1205 1158 1274; x_wconf 77' lang='grc' dir='ltr'>προσήκει</span> <span class='ocrx_word' id='word_1_56' title='bbox 1194 1201 1286 1255; x_wconf 77' lang='grc' dir='ltr'><strong>τὸν</strong></span> <span class='ocrx_word' id='word_1_57' title='bbox 1335 1202 1435 1272; x_wconf 86' lang='grc' dir='ltr'>τῆς</span> <span class='ocrx_word' id='word_1_58' title='bbox 1475 1203 1767 1254; x_wconf 62' lang='grc' dir='ltr'>Κωνσταν.</span> 
     </span>
    </p>
   </div>
   <div class='ocr_carea' id='block_1_11' title="bbox 182 1292 1765 1373">
    <p class='ocr_par' dir='ltr' id='par_1_11' title="bbox 182 1292 1765 1373">
     <span class='ocr_line' id='line_1_11' title="bbox 182 1292 1765 1373; baseline -0.008 -18"><span class='ocrx_word' id='word_1_59' title='bbox 182 1303 339 1357; x_wconf 82' lang='grc' dir='ltr'>τίνου</span> <span class='ocrx_word' id='word_1_60' title='bbox 390 1301 700 1373; x_wconf 73' lang='grc' dir='ltr'><strong>ἐγχειρίσαι</strong></span> <span class='ocrx_word' id='word_1_61' title='bbox 749 1300 961 1367; x_wconf 80' lang='grc' dir='ltr'><strong>θρόνον.</strong></span> <span class='ocrx_word' id='word_1_62' title='bbox 1021 1296 1280 1365; x_wconf 82' lang='grc' dir='ltr'>Οἰόμενος</span> <span class='ocrx_word' id='word_1_63' title='bbox 1314 1295 1369 1346; x_wconf 81' lang='grc' dir='ltr'>δὲ</span> <span class='ocrx_word' id='word_1_64' title='bbox 1416 1295 1549 1363; x_wconf 81' lang='grc' dir='ltr'>πρὸς</span> <span class='ocrx_word' id='word_1_65' title='bbox 1584 1292 1765 1359; x_wconf 84' lang='grc' dir='ltr'><strong>ἰσχύος</strong></span> 
     </span>
    </p>
   </div>
   <div class='ocr_carea' id='block_1_12' title="bbox 184 1383 1766 1457">
    <p class='ocr_par' dir='ltr' id='par_1_12' title="bbox 184 1383 1766 1457">
     <span class='ocr_line' id='line_1_12' title="bbox 184 1383 1766 1457; baseline -0.008 -11"><span class='ocrx_word' id='word_1_66' title='bbox 184 1393 333 1447; x_wconf 73' lang='grc' dir='ltr'>εἶναι</span> <span class='ocrx_word' id='word_1_67' title='bbox 375 1395 503 1455; x_wconf 74' lang='grc' dir='ltr'>τοὺς</span> <span class='ocrx_word' id='word_1_68' title='bbox 538 1394 644 1445; x_wconf 72' lang='grc' dir='ltr'>ἀπὸ</span> <span class='ocrx_word' id='word_1_69' title='bbox 689 1388 1023 1444; x_wconf 79' lang='grc' dir='ltr'>Μακεδονίου</span> <span class='ocrx_word' id='word_1_70' title='bbox 1073 1393 1137 1457; x_wconf 80' lang='grc' dir='ltr'>τῇ</span> <span class='ocrx_word' id='word_1_71' title='bbox 1187 1386 1418 1441; x_wconf 76' lang='grc' dir='ltr'><strong>καθόλου</strong></span> <span class='ocrx_word' id='word_1_72' title='bbox 1468 1383 1766 1453; x_wconf 72' lang='grc' dir='ltr'>Ἐκκλησία</span> 
     </span>
    </p>
   </div>
   <div class='ocr_carea' id='block_1_13' title="bbox 184 1476 1766 1547">
    <p class='ocr_par' dir='ltr' id='par_1_13' title="bbox 184 1476 1766 1547">
     <span class='ocr_line' id='line_1_13' title="bbox 184 1476 1766 1547; baseline -0.006 -12"><span class='ocrx_word' id='word_1_73' title='bbox 184 1484 413 1544; x_wconf 79' lang='grc' dir='ltr'>ὲνῶσαι,</span> <span class='ocrx_word' id='word_1_74' title='bbox 448 1481 569 1533; x_wconf 73' lang='grc' dir='ltr'>ὲπεί</span> <span class='ocrx_word' id='word_1_75' title='bbox 633 1481 713 1533; x_wconf 86' lang='grc' dir='ltr'><strong>τοί</strong></span> <span class='ocrx_word' id='word_1_76' title='bbox 744 1498 806 1547; x_wconf 85' lang='grc' dir='ltr'><strong>γε</strong></span> <span class='ocrx_word' id='word_1_77' title='bbox 858 1480 919 1532; x_wconf 86' lang='grc' dir='ltr'>οὐ</span> <span class='ocrx_word' id='word_1_78' title='bbox 957 1480 1098 1532; x_wconf 71' lang='grc' dir='ltr'>πάνυ</span> <span class='ocrx_word' id='word_1_79' title='bbox 1146 1495 1197 1530; x_wconf 89' lang='grc' dir='ltr'><strong>τι</strong></span> <span class='ocrx_word' id='word_1_80' title='bbox 1265 1478 1400 1529; x_wconf 79' lang='grc' dir='ltr'>πολὺ</span> <span class='ocrx_word' id='word_1_81' title='bbox 1458 1476 1766 1542; x_wconf 80' lang='grc' dir='ltr'>διεφέροντο</span> 
     </span>
    </p>
   </div>
   <div class='ocr_carea' id='block_1_14' title="bbox 185 1566 1765 1639">
    <p class='ocr_par' dir='ltr' id='par_1_14' title="bbox 185 1566 1765 1639">
     <span class='ocr_line' id='line_1_14' title="bbox 185 1566 1765 1639; baseline -0.006 -13"><span class='ocrx_word' id='word_1_82' title='bbox 185 1574 338 1626; x_wconf 82' lang='grc' dir='ltr'>κατὰ</span> <span class='ocrx_word' id='word_1_83' title='bbox 362 1574 421 1624; x_wconf 78' lang='grc' dir='ltr'>τὸ</span> <span class='ocrx_word' id='word_1_84' title='bbox 454 1573 645 1624; x_wconf 78' lang='grc' dir='ltr'>δοκοῦν</span> <span class='ocrx_word' id='word_1_85' title='bbox 671 1573 796 1639; x_wconf 69' lang='grc' dir='ltr'>περὶ</span> <span class='ocrx_word' id='word_1_86' title='bbox 837 1570 974 1623; x_wconf 79' lang='grc' dir='ltr'>Θεοῦ</span> <span class='ocrx_word' id='word_1_87' title='bbox 1020 1570 1270 1637; x_wconf 76' lang='grc' dir='ltr'>ἑκατέρῳ</span> <span class='ocrx_word' id='word_1_88' title='bbox 1308 1568 1633 1637; x_wconf 82' lang='grc' dir='ltr'>συστήματι,</span> <span class='ocrx_word' id='word_1_89' title='bbox 1670 1566 1765 1618; x_wconf 74' lang='grc' dir='ltr'>καὶ</span> 
     </span>
    </p>
   </div>
   <div class='ocr_carea' id='block_1_15' title="bbox 182 1658 1768 1731">
    <p class='ocr_par' dir='ltr' id='par_1_15' title="bbox 182 1658 1768 1731">
     <span class='ocr_line' id='line_1_15' title="bbox 182 1658 1768 1731; baseline -0.006 -14"><span class='ocrx_word' id='word_1_90' title='bbox 182 1666 417 1726; x_wconf 80' lang='grc' dir='ltr'><strong>τούτους</strong></span> <span class='ocrx_word' id='word_1_91' title='bbox 450 1665 526 1724; x_wconf 89' lang='grc' dir='ltr'><strong>εἰς</strong></span> <span class='ocrx_word' id='word_1_92' title='bbox 556 1664 653 1731; x_wconf 73' lang='grc' dir='ltr'>τὴν</span> <span class='ocrx_word' id='word_1_93' title='bbox 696 1662 911 1714; x_wconf 81' lang='grc' dir='ltr'>σύνοδον</span> <span class='ocrx_word' id='word_1_94' title='bbox 948 1661 1353 1730; x_wconf 64' lang='grc' dir='ltr'>μετεστέλλετο.</span> <span class='ocrx_word' id='word_1_95' title='bbox 1396 1659 1503 1712; x_wconf 76' lang='grc' dir='ltr'><strong>Καὶ</strong></span> <span class='ocrx_word' id='word_1_96' title='bbox 1534 1658 1598 1724; x_wconf 79' lang='grc' dir='ltr'>δὴ</span> <span class='ocrx_word' id='word_1_97' title='bbox 1644 1673 1768 1708; x_wconf 87' lang='grc' dir='ltr'>συν-</span> 
     </span>
    </p>
   </div>
   <div class='ocr_carea' id='block_1_16' title="bbox 183 1747 1765 1828">
    <p class='ocr_par' dir='ltr' id='par_1_16' title="bbox 183 1747 1765 1828">
     <span class='ocr_line' id='line_1_16' title="bbox 183 1747 1765 1828; baseline -0.008 -19"><span class='ocrx_word' id='word_1_98' title='bbox 183 1758 356 1828; x_wconf 81' lang='grc' dir='ltr'>ῆλθον</span> <span class='ocrx_word' id='word_1_99' title='bbox 388 1757 495 1809; x_wconf 76' lang='grc' dir='ltr'><strong>ἀπὸ</strong></span> <span class='ocrx_word' id='word_1_100' title='bbox 538 1762 634 1824; x_wconf 72' lang='grc' dir='ltr'>μὲν</span> <span class='ocrx_word' id='word_1_101' title='bbox 665 1755 773 1806; x_wconf 84' lang='grc' dir='ltr'>τῶν</span> <span class='ocrx_word' id='word_1_102' title='bbox 820 1756 1099 1822; x_wconf 58' lang='grc' dir='ltr'>ὀμοούσιον</span> <span class='ocrx_word' id='word_1_103' title='bbox 1138 1750 1514 1822; x_wconf 78' lang='grc' dir='ltr'><strong>κηρυττόντων</strong></span> <span class='ocrx_word' id='word_1_104' title='bbox 1559 1747 1765 1815; x_wconf 73' lang='grc' dir='ltr'>Τριὰδα</span> 
     </span>
    </p>
   </div>
   <div class='ocr_carea' id='block_1_17' title="bbox 185 1842 1511 1916">
    <p class='ocr_par' dir='ltr' id='par_1_17' title="bbox 185 1842 1511 1916">
     <span class='ocr_line' id='line_1_17' title="bbox 185 1842 1511 1916; baseline -0.005 -15"><span class='ocrx_word' id='word_1_105' title='bbox 185 1851 334 1916; x_wconf 68' lang='grc' dir='ltr'>ἀμφὶ</span> <span class='ocrx_word' id='word_1_106' title='bbox 385 1850 582 1900; x_wconf 67' lang='grc' dir='ltr'>ἑκατὸν</span> <span class='ocrx_word' id='word_1_107' title='bbox 622 1847 716 1898; x_wconf 74' lang='grc' dir='ltr'>καὶ</span> <span class='ocrx_word' id='word_1_108' title='bbox 763 1847 1106 1912; x_wconf 75' lang='grc' dir='ltr'>πεντήκοντα</span> <span class='ocrx_word' id='word_1_109' title='bbox 1135 1862 1145 1873; x_wconf 91' lang='grc'><strong>·</strong></span> <span class='ocrx_word' id='word_1_110' title='bbox 1184 1843 1421 1913; x_wconf 84' lang='grc' dir='ltr'>θατέρας</span> <span class='ocrx_word' id='word_1_111' title='bbox 1459 1842 1511 1895; x_wconf 71' lang='grc' dir='ltr'><strong>δὲ,</strong></span> 
     </span>
    </p>
   </div>
   <div class='ocr_carea' id='block_1_18' title="bbox 185 1933 1763 2007">
    <p class='ocr_par' dir='ltr' id='par_1_18' title="bbox 185 1933 1763 2007">
     <span class='ocr_line' id='line_1_18' title="bbox 185 1933 1763 2007; baseline -0.007 -13"><span class='ocrx_word' id='word_1_112' title='bbox 185 1942 245 2007; x_wconf 80' lang='grc' dir='ltr'><strong>ἒξ</strong></span> <span class='ocrx_word' id='word_1_113' title='bbox 278 1945 375 1993; x_wconf 77' lang='grc' dir='ltr'>καὶ</span> <span class='ocrx_word' id='word_1_114' title='bbox 403 1938 694 2006; x_wconf 75' lang='grc' dir='ltr'>τριάκοντα</span> <span class='ocrx_word' id='word_1_115' title='bbox 723 1933 885 2005; x_wconf 64' lang='grc' dir='ltr'>ἦσαν,</span> <span class='ocrx_word' id='word_1_116' title='bbox 918 1936 976 2000; x_wconf 77' lang='grc' dir='ltr'><strong>ἐξ</strong></span> <span class='ocrx_word' id='word_1_117' title='bbox 1015 1935 1411 2003; x_wconf 73' lang='grc' dir='ltr'>Ἑλλησπόντου</span> <span class='ocrx_word' id='word_1_118' title='bbox 1446 1936 1497 1985; x_wconf 86' lang='grc' dir='ltr'><strong>οἰ</strong></span> <span class='ocrx_word' id='word_1_119' title='bbox 1543 1933 1763 1994; x_wconf 81' lang='grc' dir='ltr'>πλείους</span> 
     </span>
    </p>
   </div>
   <div class='ocr_carea' id='block_1_19' title="bbox 185 2025 1759 2101">
    <p class='ocr_par' dir='ltr' id='par_1_19' title="bbox 185 2025 1759 2101">
     <span class='ocr_line' id='line_1_19' title="bbox 185 2025 1759 2101; baseline -0.008 -14"><span class='ocrx_word' id='word_1_120' title='bbox 185 2037 363 2096; x_wconf 78' lang='grc' dir='ltr'>δντες.</span> <span class='ocrx_word' id='word_1_121' title='bbox 403 2034 623 2085; x_wconf 79' lang='grc' dir='ltr'>Τούτων</span> <span class='ocrx_word' id='word_1_122' title='bbox 653 2033 706 2086; x_wconf 77' lang='grc' dir='ltr'>δὲ</span> <span class='ocrx_word' id='word_1_123' title='bbox 733 2030 1077 2101; x_wconf 84' lang='grc' dir='ltr'>προεστῶτες</span> <span class='ocrx_word' id='word_1_124' title='bbox 1104 2025 1241 2098; x_wconf 83' lang='grc' dir='ltr'>ἦσαν</span> <span class='ocrx_word' id='word_1_125' title='bbox 1281 2026 1553 2085; x_wconf 76' lang='grc' dir='ltr'>Ἐλεύσιος</span> <span class='ocrx_word' id='word_1_126' title='bbox 1588 2026 1613 2076; x_wconf 82' lang='grc' dir='ltr'><strong>ὁ</strong></span> <span class='ocrx_word' id='word_1_127' title='bbox 1649 2026 1759 2077; x_wconf 65' lang='grc' dir='ltr'><strong>Κυδ</strong></span> 
     </span>
    </p>
   </div>
   <div class='ocr_carea' id='block_1_20' title="bbox 187 2116 1765 2193">
    <p class='ocr_par' dir='ltr' id='par_1_20' title="bbox 187 2116 1765 2193">
     <span class='ocr_line' id='line_1_20' title="bbox 187 2116 1765 2193; baseline -0.007 -16"><span class='ocrx_word' id='word_1_128' title='bbox 187 2128 369 2190; x_wconf 75' lang='grc' dir='ltr'>ζῐκου,</span> <span class='ocrx_word' id='word_1_129' title='bbox 410 2126 503 2177; x_wconf 72' lang='grc' dir='ltr'>καὶ</span> <span class='ocrx_word' id='word_1_130' title='bbox 542 2123 856 2193; x_wconf 62' lang='grc' dir='ltr'>Μαρκιανὸς</span> <span class='ocrx_word' id='word_1_131' title='bbox 879 2124 905 2174; x_wconf 89' lang='grc' dir='ltr'><strong>ό</strong></span> <span class='ocrx_word' id='word_1_132' title='bbox 934 2122 1245 2191; x_wconf 65' lang='grc' dir='ltr'>Λαμψάκου</span> <span class='ocrx_word' id='word_1_133' title='bbox 1270 2136 1283 2150; x_wconf 88' lang='grc'>·</span> <span class='ocrx_word' id='word_1_134' title='bbox 1320 2120 1423 2171; x_wconf 82' lang='grc' dir='ltr'>τῶν</span> <span class='ocrx_word' id='word_1_135' title='bbox 1446 2117 1499 2168; x_wconf 78' lang='grc' dir='ltr'>δὲ</span> <span class='ocrx_word' id='word_1_136' title='bbox 1544 2116 1641 2183; x_wconf 79' lang='grc' dir='ltr'>τῆς</span> <span class='ocrx_word' id='word_1_137' title='bbox 1673 2133 1765 2167; x_wconf 83' lang='grc' dir='ltr'>κα-</span> 
     </span>
    </p>
   </div>
   <div class='ocr_carea' id='block_1_21' title="bbox 188 2212 1764 2285">
    <p class='ocr_par' dir='ltr' id='par_1_21' title="bbox 188 2212 1764 2285">
     <span class='ocr_line' id='line_1_21' title="bbox 188 2212 1764 2285; baseline -0.006 -15"><span class='ocrx_word' id='word_1_138' title='bbox 188 2220 351 2271; x_wconf 73' lang='grc' dir='ltr'>θόλου</span> <span class='ocrx_word' id='word_1_139' title='bbox 387 2218 716 2285; x_wconf 74' lang='grc' dir='ltr'>Ἐκκλησίας</span> <span class='ocrx_word' id='word_1_140' title='bbox 756 2216 1013 2284; x_wconf 76' lang='grc' dir='ltr'>Τιμόθεος</span> <span class='ocrx_word' id='word_1_141' title='bbox 1045 2217 1071 2266; x_wconf 86' lang='grc' dir='ltr'><strong>ό</strong></span> <span class='ocrx_word' id='word_1_142' title='bbox 1113 2215 1211 2282; x_wconf 76' lang='grc' dir='ltr'>τῆς</span> <span class='ocrx_word' id='word_1_143' title='bbox 1244 2212 1596 2279; x_wconf 67' lang='grc' dir='ltr'>Ἀλεξάνδρου</span> <span class='ocrx_word' id='word_1_144' title='bbox 1645 2212 1764 2263; x_wconf 83' lang='grc' dir='ltr'>δια-</span> 
     </span>
    </p>
   </div>
   <div class='ocr_carea' id='block_1_22' title="bbox 186 2304 1761 2378">
    <p class='ocr_par' dir='ltr' id='par_1_22' title="bbox 186 2304 1761 2378">
     <span class='ocr_line' id='line_1_22' title="bbox 186 2304 1761 2378; baseline -0.006 -14"><span class='ocrx_word' id='word_1_145' title='bbox 186 2312 487 2378; x_wconf 65' lang='grc' dir='ltr'>δεξάμενος</span> <span class='ocrx_word' id='word_1_146' title='bbox 522 2311 611 2361; x_wconf 81' lang='grc' dir='ltr'>τὸν</span> <span class='ocrx_word' id='word_1_147' title='bbox 647 2308 875 2375; x_wconf 76' lang='grc' dir='ltr'>ἀδελφὸν</span> <span class='ocrx_word' id='word_1_148' title='bbox 912 2309 1138 2376; x_wconf 80' lang='grc' dir='ltr'><strong>Πέτρον,</strong></span> <span class='ocrx_word' id='word_1_149' title='bbox 1169 2308 1260 2357; x_wconf 73' lang='grc' dir='ltr'><strong>τὸν</strong></span> <span class='ocrx_word' id='word_1_150' title='bbox 1305 2308 1401 2372; x_wconf 73' lang='grc' dir='ltr'>τῆς</span> <span class='ocrx_word' id='word_1_151' title='bbox 1438 2304 1761 2358; x_wconf 66' lang='grc' dir='ltr'>Ἀθανασίου</span> 
     </span>
    </p>
   </div>
   <div class='ocr_carea' id='block_1_23' title="bbox 189 2396 1763 2472">
    <p class='ocr_par' dir='ltr' id='par_1_23' title="bbox 189 2396 1763 2472">
     <span class='ocr_line' id='line_1_23' title="bbox 189 2396 1763 2472; baseline -0.006 -17"><span class='ocrx_word' id='word_1_152' title='bbox 189 2404 490 2472; x_wconf 77' lang='grc' dir='ltr'>προεδρίας</span> <span class='ocrx_word' id='word_1_153' title='bbox 513 2402 850 2472; x_wconf 64' lang='grc' dir='ltr'>κληρονόμον</span> <span class='ocrx_word' id='word_1_154' title='bbox 882 2401 1173 2469; x_wconf 84' lang='grc' dir='ltr'>γενόμενον</span> <span class='ocrx_word' id='word_1_155' title='bbox 1197 2416 1209 2428; x_wconf 91' lang='grc'><strong>·</strong></span> <span class='ocrx_word' id='word_1_156' title='bbox 1238 2398 1495 2460; x_wconf 78' lang='grc' dir='ltr'>Μελέτιός</span> <span class='ocrx_word' id='word_1_157' title='bbox 1527 2414 1584 2447; x_wconf 84' lang='grc' dir='ltr'><strong>τε</strong></span> <span class='ocrx_word' id='word_1_158' title='bbox 1616 2396 1642 2447; x_wconf 85' lang='grc' dir='ltr'>ὁ</span> <span class='ocrx_word' id='word_1_159' title='bbox 1667 2396 1763 2461; x_wconf 66' lang='grc' dir='ltr'>τὴς</span> 
     </span>
    </p>
   </div>
   <div class='ocr_carea' id='block_1_24' title="bbox 202 2488 1765 2562">
    <p class='ocr_par' dir='ltr' id='par_1_24' title="bbox 202 2488 1765 2562">
     <span class='ocr_line' id='line_1_24' title="bbox 202 2488 1765 2562; baseline -0.007 -15"><span class='ocrx_word' id='word_1_160' title='bbox 202 2496 486 2562; x_wconf 75' lang='grc' dir='ltr'>Ἀντιόχου</span> <span class='ocrx_word' id='word_1_161' title='bbox 519 2494 839 2555; x_wconf 81' lang='grc' dir='ltr'>ἐπίσκοπος,</span> <span class='ocrx_word' id='word_1_162' title='bbox 878 2493 977 2561; x_wconf 70' lang='grc' dir='ltr'>ήδη</span> <span class='ocrx_word' id='word_1_163' title='bbox 1019 2491 1284 2561; x_wconf 81' lang='grc' dir='ltr'>πρότερον</span> <span class='ocrx_word' id='word_1_164' title='bbox 1313 2489 1398 2540; x_wconf 69' lang='grc' dir='ltr'>διὰ</span> <span class='ocrx_word' id='word_1_165' title='bbox 1425 2488 1523 2557; x_wconf 75' lang='grc' dir='ltr'>τὴν</span> <span class='ocrx_word' id='word_1_166' title='bbox 1558 2488 1765 2555; x_wconf 82' lang='grc' dir='ltr'>Γρηγο-</span> 
     </span>
    </p>
   </div>
   <div class='ocr_carea' id='block_1_25' title="bbox 190 2577 1761 2654">
    <p class='ocr_par' dir='ltr' id='par_1_25' title="bbox 190 2577 1761 2654">
     <span class='ocr_line' id='line_1_25' title="bbox 190 2577 1761 2654; baseline -0.006 -18"><span class='ocrx_word' id='word_1_167' title='bbox 190 2588 316 2654; x_wconf 78' lang='grc' dir='ltr'><strong>ρίου</strong></span> <span class='ocrx_word' id='word_1_168' title='bbox 380 2585 719 2637; x_wconf 79' lang='grc' dir='ltr'>κατάστασιν</span> <span class='ocrx_word' id='word_1_169' title='bbox 785 2582 883 2651; x_wconf 77' lang='grc' dir='ltr'>τὴν</span> <span class='ocrx_word' id='word_1_170' title='bbox 941 2582 1357 2634; x_wconf 82' lang='grc' dir='ltr'>Κωνσταντίνου</span> <span class='ocrx_word' id='word_1_171' title='bbox 1405 2577 1761 2629; x_wconf 69' lang='grc' dir='ltr'>καταλαϐών·</span> 
     </span>
    </p>
   </div>
   <div class='ocr_carea' id='block_1_26' title="bbox 191 2668 1766 2741">
    <p class='ocr_par' dir='ltr' id='par_1_26' title="bbox 191 2668 1766 2741">
     <span class='ocr_line' id='line_1_26' title="bbox 191 2668 1766 2741; baseline -0.009 -12"><span class='ocrx_word' id='word_1_172' title='bbox 191 2686 282 2728; x_wconf 60' lang='lat' dir='ltr'><strong>ita.&quot;</strong></span> <span class='ocrx_word' id='word_1_173' title='bbox 324 2681 351 2729; x_wconf 82' lang='grc' dir='ltr'><strong>ό</strong></span> <span class='ocrx_word' id='word_1_174' title='bbox 382 2680 490 2726; x_wconf 77' lang='grc' dir='ltr'>τῶν</span> <span class='ocrx_word' id='word_1_175' title='bbox 535 2674 923 2741; x_wconf 80' lang='grc' dir='ltr'>Ἱεροσολύμων</span> <span class='ocrx_word' id='word_1_176' title='bbox 959 2672 1245 2738; x_wconf 84' lang='grc' dir='ltr'>Κύρι).λος,</span> <span class='ocrx_word' id='word_1_177' title='bbox 1281 2668 1586 2735; x_wconf 79' lang='grc' dir='ltr'><strong>μετάμελος</strong></span> <span class='ocrx_word' id='word_1_178' title='bbox 1616 2684 1766 2734; x_wconf 84' lang='grc' dir='ltr'>τηνι-</span> 
     </span>
    </p>
   </div>
   <div class='ocr_carea' id='block_1_27' title="bbox 188 2758 1766 2833">
    <p class='ocr_par' dir='ltr' id='par_1_27' title="bbox 188 2758 1766 2833">
     <span class='ocr_line' id='line_1_27' title="bbox 188 2758 1766 2833; baseline -0.007 -12"><span class='ocrx_word' id='word_1_179' title='bbox 188 2767 377 2821; x_wconf 70' lang='grc' dir='ltr'>καῦτα</span> <span class='ocrx_word' id='word_1_180' title='bbox 405 2767 700 2833; x_wconf 83' lang='grc' dir='ltr'>γενόμενος</span> <span class='ocrx_word' id='word_1_181' title='bbox 730 2779 742 2792; x_wconf 92' lang='grc'><strong>·</strong></span> <span class='ocrx_word' id='word_1_182' title='bbox 780 2764 878 2831; x_wconf 80' lang='grc' dir='ltr'>τὴν</span> <span class='ocrx_word' id='word_1_183' title='bbox 904 2762 1013 2831; x_wconf 73' lang='grc' dir='ltr'><strong>γὰρ</strong></span> <span class='ocrx_word' id='word_1_184' title='bbox 1041 2758 1375 2814; x_wconf 84' lang='grc' dir='ltr'>Μακεδονίου</span> <span class='ocrx_word' id='word_1_185' title='bbox 1410 2759 1567 2824; x_wconf 79' lang='grc' dir='ltr'>δόξαν</span> <span class='ocrx_word' id='word_1_186' title='bbox 1592 2759 1766 2827; x_wconf 71' lang='grc' dir='ltr'>ἠσπά-</span> 
     </span>
    </p>
   </div>
   <div class='ocr_carea' id='block_1_28' title="bbox 190 2846 1764 2922">
    <p class='ocr_par' dir='ltr' id='par_1_28' title="bbox 190 2846 1764 2922">
     <span class='ocr_line' id='line_1_28' title="bbox 190 2846 1764 2922; baseline -0.007 -15"><span class='ocrx_word' id='word_1_187' title='bbox 190 2855 321 2920; x_wconf 78' lang='grc' dir='ltr'>ζετο</span> <span class='ocrx_word' id='word_1_188' title='bbox 347 2853 617 2922; x_wconf 81' lang='grc' dir='ltr'>πρότερον</span> <span class='ocrx_word' id='word_1_189' title='bbox 637 2868 651 2880; x_wconf 88' lang='grc'><strong>·</strong></span> <span class='ocrx_word' id='word_1_190' title='bbox 676 2850 810 2919; x_wconf 71' lang='grc' dir='ltr'>πρὸς</span> <span class='ocrx_word' id='word_1_191' title='bbox 832 2849 887 2901; x_wconf 83' lang='grc' dir='ltr'>δὲ</span> <span class='ocrx_word' id='word_1_192' title='bbox 914 2849 1123 2908; x_wconf 83' lang='grc' dir='ltr'>τούτοις</span> <span class='ocrx_word' id='word_1_193' title='bbox 1152 2848 1422 2916; x_wconf 74' lang='grc' dir='ltr'>Ἀσχόλιος</span> <span class='ocrx_word' id='word_1_194' title='bbox 1448 2849 1473 2897; x_wconf 89' lang='grc' dir='ltr'>ὁ</span> <span class='ocrx_word' id='word_1_195' title='bbox 1495 2846 1764 2898; x_wconf 83' lang='grc' dir='ltr'>Θεσσαλο-</span> 
     </span>
    </p>
   </div>
   <div class='ocr_carea' id='block_1_29' title="bbox 188 2940 1764 3015">
    <p class='ocr_par' dir='ltr' id='par_1_29' title="bbox 188 2940 1764 3015">
     <span class='ocr_line' id='line_1_29' title="bbox 188 2940 1764 3015; baseline -0.004 -16"><span class='ocrx_word' id='word_1_196' title='bbox 188 2948 373 3015; x_wconf 80' lang='grc' dir='ltr'>νίκης,</span> <span class='ocrx_word' id='word_1_197' title='bbox 427 2944 688 3013; x_wconf 80' lang='grc' dir='ltr'>Διόδωρός</span> <span class='ocrx_word' id='word_1_198' title='bbox 720 2961 778 2995; x_wconf 84' lang='grc' dir='ltr'><strong>τε</strong></span> <span class='ocrx_word' id='word_1_199' title='bbox 833 2945 861 2994; x_wconf 89' lang='grc' dir='ltr'><strong>ό</strong></span> <span class='ocrx_word' id='word_1_200' title='bbox 913 2942 1152 3011; x_wconf 82' lang='grc' dir='ltr'>Ταρσοῦ,</span> <span class='ocrx_word' id='word_1_201' title='bbox 1201 2943 1294 2993; x_wconf 73' lang='grc' dir='ltr'>καὶ</span> <span class='ocrx_word' id='word_1_202' title='bbox 1345 2942 1373 2992; x_wconf 91' lang='grc' dir='ltr'><strong>ό</strong></span> <span class='ocrx_word' id='word_1_203' title='bbox 1424 2940 1764 3009; x_wconf 78' lang='grc' dir='ltr'>περιώνυμος</span> 
     </span>
    </p>
   </div>
   <div class='ocr_carea' id='block_1_30' title="bbox 187 3032 1765 3110">
    <p class='ocr_par' dir='ltr' id='par_1_30' title="bbox 187 3032 1765 3110">
     <span class='ocr_line' id='line_1_30' title="bbox 187 3032 1765 3110; baseline -0.004 -22"><span class='ocrx_word' id='word_1_204' title='bbox 187 3038 457 3110; x_wconf 75' lang='grc' dir='ltr'>Βερροίας</span> <span class='ocrx_word' id='word_1_205' title='bbox 508 3034 885 3097; x_wconf 74' lang='grc' dir='ltr'>Ἀκάκιοςοοῖ</span> <span class='ocrx_word' id='word_1_206' title='bbox 938 3035 1002 3102; x_wconf 78' lang='grc' dir='ltr'>δὴ</span> <span class='ocrx_word' id='word_1_207' title='bbox 1057 3034 1256 3094; x_wconf 80' lang='grc' dir='ltr'>πάντες</span> <span class='ocrx_word' id='word_1_208' title='bbox 1300 3032 1398 3100; x_wconf 81' lang='grc' dir='ltr'><strong>τὴν</strong></span> <span class='ocrx_word' id='word_1_209' title='bbox 1447 3035 1505 3082; x_wconf 83' lang='grc' dir='ltr'>ὲν</span> <span class='ocrx_word' id='word_1_210' title='bbox 1558 3032 1765 3100; x_wconf 66' lang='grc' dir='ltr'>Νικαία</span> 
     </span>
    </p>
   </div>
   <div class='ocr_carea' id='block_1_31' title="bbox 186 3123 1764 3201">
    <p class='ocr_par' dir='ltr' id='par_1_31' title="bbox 186 3123 1764 3201">
     <span class='ocr_line' id='line_1_31' title="bbox 186 3123 1764 3201; baseline -0.006 -17"><span class='ocrx_word' id='word_1_211' title='bbox 186 3130 414 3201; x_wconf 79' lang='grc' dir='ltr'>γραφὴν</span> <span class='ocrx_word' id='word_1_212' title='bbox 436 3127 837 3191; x_wconf 74' lang='grc' dir='ltr'>ἀσπαζόμενοι,</span> <span class='ocrx_word' id='word_1_213' title='bbox 874 3126 1173 3193; x_wconf 69' lang='grc' dir='ltr'>ἐπειρῶντο</span> <span class='ocrx_word' id='word_1_214' title='bbox 1199 3126 1323 3187; x_wconf 77' lang='grc' dir='ltr'>τοὺς</span> <span class='ocrx_word' id='word_1_215' title='bbox 1352 3126 1474 3191; x_wconf 72' lang='grc' dir='ltr'>περὶ</span> <span class='ocrx_word' id='word_1_216' title='bbox 1493 3123 1764 3176; x_wconf 73' lang='grc' dir='ltr'>Ἑλεύσιον</span> 
     </span>
    </p>
   </div>
   <div class='ocr_carea' id='block_1_32' title="bbox 188 3212 1760 3287">
    <p class='ocr_par' dir='ltr' id='par_1_32' title="bbox 188 3212 1760 3287">
     <span class='ocr_line' id='line_1_32' title="bbox 188 3212 1760 3287; baseline -0.004 -15"><span class='ocrx_word' id='word_1_217' title='bbox 188 3221 379 3287; x_wconf 80' lang='grc' dir='ltr'>σφίσιν</span> <span class='ocrx_word' id='word_1_218' title='bbox 437 3216 813 3287; x_wconf 74' lang='grc' dir='ltr'>ὁμοφρονῆσαι</span> <span class='ocrx_word' id='word_1_219' title='bbox 842 3232 857 3247; x_wconf 80' lang='grc' dir='ltr'><strong>ο</strong></span> <span class='ocrx_word' id='word_1_220' title='bbox 889 3212 1020 3285; x_wconf 80' lang='grc' dir='ltr'>ἦγόν</span> <span class='ocrx_word' id='word_1_221' title='bbox 1045 3232 1101 3267; x_wconf 88' lang='grc' dir='ltr'><strong>τε</strong></span> <span class='ocrx_word' id='word_1_222' title='bbox 1139 3217 1218 3277; x_wconf 82' lang='grc' dir='ltr'><strong>εἰς</strong></span> <span class='ocrx_word' id='word_1_223' title='bbox 1278 3215 1500 3285; x_wconf 85' lang='grc' dir='ltr'><strong>μνήμην</strong></span> <span class='ocrx_word' id='word_1_224' title='bbox 1530 3215 1627 3284; x_wconf 80' lang='grc' dir='ltr'><strong>τὴν</strong></span> <span class='ocrx_word' id='word_1_225' title='bbox 1680 3217 1760 3277; x_wconf 86' lang='grc' dir='ltr'><strong>εἰς</strong></span> 
     </span>
    </p>
   </div>
   <div class='ocr_carea' id='block_1_33' title="bbox 184 3300 1758 3380">
    <p class='ocr_par' dir='ltr' id='par_1_33' title="bbox 184 3300 1758 3380">
     <span class='ocr_line' id='line_1_33' title="bbox 184 3300 1758 3380; baseline -0.006 -14"><span class='ocrx_word' id='word_1_226' title='bbox 184 3312 447 3380; x_wconf 77' lang='grc' dir='ltr'>Λιῦέριον</span> <span class='ocrx_word' id='word_1_227' title='bbox 473 3310 657 3370; x_wconf 79' lang='grc' dir='ltr'>αὐτοῖς</span> <span class='ocrx_word' id='word_1_228' title='bbox 691 3308 993 3375; x_wconf 83' lang='grc' dir='ltr'>γενομένην</span> <span class='ocrx_word' id='word_1_229' title='bbox 1039 3307 1354 3375; x_wconf 73' lang='grc' dir='ltr'>πρεσϐείαν,</span> <span class='ocrx_word' id='word_1_230' title='bbox 1389 3308 1448 3358; x_wconf 88' lang='grc' dir='ltr'>ὲν</span> <span class='ocrx_word' id='word_1_231' title='bbox 1481 3300 1623 3377; x_wconf 76' lang='grc' dir='ltr'>ᾖδιὰ</span> <span class='ocrx_word' id='word_1_232' title='bbox 1649 3307 1758 3358; x_wconf 82' lang='grc' dir='ltr'>τῶν</span> 
     </span>
    </p>
   </div>
   <div class='ocr_carea' id='block_1_34' title="bbox 183 3397 1758 3470">
    <p class='ocr_par' dir='ltr' id='par_1_34' title="bbox 183 3397 1758 3470">
     <span class='ocr_line' id='line_1_34' title="bbox 183 3397 1758 3470; baseline -0.003 -17"><span class='ocrx_word' id='word_1_233' title='bbox 183 3403 318 3470; x_wconf 73' lang='grc' dir='ltr'>περὶ</span> <span class='ocrx_word' id='word_1_234' title='bbox 354 3398 652 3451; x_wconf 79' lang='grc' dir='ltr'>Εὐστὰθιόν</span> <span class='ocrx_word' id='word_1_235' title='bbox 681 3415 739 3450; x_wconf 91' lang='grc' dir='ltr'><strong>τε</strong></span> <span class='ocrx_word' id='word_1_236' title='bbox 778 3399 871 3450; x_wconf 74' lang='grc' dir='ltr'>καὶ</span> <span class='ocrx_word' id='word_1_237' title='bbox 929 3397 1184 3449; x_wconf 74' lang='grc' dir='ltr'>Σιλϐανδν</span> <span class='ocrx_word' id='word_1_238' title='bbox 1213 3400 1311 3465; x_wconf 78' lang='grc' dir='ltr'>τὴν</span> <span class='ocrx_word' id='word_1_239' title='bbox 1338 3399 1394 3449; x_wconf 82' lang='grc' dir='ltr'>ἐν</span> <span class='ocrx_word' id='word_1_240' title='bbox 1426 3398 1629 3467; x_wconf 65' lang='grc' dir='ltr'>Νικαίᾳ</span> <span class='ocrx_word' id='word_1_241' title='bbox 1666 3398 1758 3449; x_wconf 89' lang='grc' dir='ltr'>πί-</span> 
     </span>
    </p>
   </div>
   <div class='ocr_carea' id='block_1_35' title="bbox 185 3489 1757 3561">
    <p class='ocr_par' dir='ltr' id='par_1_35' title="bbox 185 3489 1757 3561">
     <span class='ocr_line' id='line_1_35' title="bbox 185 3489 1757 3561; baseline -0.003 -16"><span class='ocrx_word' id='word_1_242' title='bbox 185 3508 309 3545; x_wconf 84' lang='grc' dir='ltr'>στιν</span> <span class='ocrx_word' id='word_1_243' title='bbox 344 3490 600 3560; x_wconf 80' lang='grc' dir='ltr'>στέργειν</span> <span class='ocrx_word' id='word_1_244' title='bbox 633 3490 921 3541; x_wconf 86' lang='grc' dir='ltr'>συνέθεντο</span> <span class='ocrx_word' id='word_1_245' title='bbox 946 3506 957 3518; x_wconf 91' lang='grc'><strong>·</strong></span> <span class='ocrx_word' id='word_1_246' title='bbox 994 3489 1225 3557; x_wconf 74' lang='grc' dir='ltr'>ἑκουσίῳ</span> <span class='ocrx_word' id='word_1_247' title='bbox 1255 3506 1312 3540; x_wconf 92' lang='grc' dir='ltr'><strong>τε</strong></span> <span class='ocrx_word' id='word_1_248' title='bbox 1347 3493 1542 3561; x_wconf 82' lang='grc' dir='ltr'>γνώμῃ</span> <span class='ocrx_word' id='word_1_249' title='bbox 1580 3490 1757 3559; x_wconf 85' lang='grc' dir='ltr'>χρόνῳ</span> 
     </span>
    </p>
   </div>
   <div class='ocr_carea' id='block_1_36' title="bbox 185 3580 1759 3654">
    <p class='ocr_par' dir='ltr' id='par_1_36' title="bbox 185 3580 1759 3654">
     <span class='ocr_line' id='line_1_36' title="bbox 185 3580 1759 3654; baseline -0.001 -15"><span class='ocrx_word' id='word_1_250' title='bbox 185 3586 372 3652; x_wconf 81' lang='grc' dir='ltr'>πο).λῴ</span> <span class='ocrx_word' id='word_1_251' title='bbox 402 3585 718 3654; x_wconf 81' lang='grc' dir='ltr'>ἀδιάκριτον</span> <span class='ocrx_word' id='word_1_252' title='bbox 746 3580 893 3653; x_wconf 72' lang='grc' dir='ltr'>εἰχον</span> <span class='ocrx_word' id='word_1_253' title='bbox 914 3585 1015 3654; x_wconf 83' lang='grc' dir='ltr'>τὴν</span> <span class='ocrx_word' id='word_1_254' title='bbox 1044 3585 1329 3637; x_wconf 75' lang='grc' dir='ltr'>κοινωνίαν</span> <span class='ocrx_word' id='word_1_255' title='bbox 1353 3602 1366 3617; x_wconf 79' lang='grc'><em>’</em></span> <span class='ocrx_word' id='word_1_256' title='bbox 1400 3584 1677 3654; x_wconf 81' lang='grc' dir='ltr'>παρῄνουν</span> <span class='ocrx_word' id='word_1_257' title='bbox 1702 3603 1759 3637; x_wconf 85' lang='grc' dir='ltr'><strong>τε</strong></span> 
     </span>
    </p>
   </div>
   <div class='ocr_carea' id='block_1_37' title="bbox 184 3677 1758 3748">
    <p class='ocr_par' dir='ltr' id='par_1_37' title="bbox 184 3677 1758 3748">
     <span class='ocr_line' id='line_1_37' title="bbox 184 3677 1758 3748; baseline -0.001 -17"><span class='ocrx_word' id='word_1_258' title='bbox 184 3680 263 3748; x_wconf 80' lang='grc' dir='ltr'>μὴ</span> <span class='ocrx_word' id='word_1_259' title='bbox 321 3679 513 3731; x_wconf 84' lang='grc' dir='ltr'>δίκαια</span> <span class='ocrx_word' id='word_1_260' title='bbox 576 3677 873 3746; x_wconf 72' lang='grc' dir='ltr'>πράττειν,</span> <span class='ocrx_word' id='word_1_261' title='bbox 941 3678 1197 3741; x_wconf 71' lang='grc' dir='ltr'>καθάπαξ</span> <span class='ocrx_word' id='word_1_262' title='bbox 1251 3678 1349 3747; x_wconf 77' lang='grc' dir='ltr'>τὴν</span> <span class='ocrx_word' id='word_1_263' title='bbox 1399 3679 1758 3746; x_wconf 78' lang='grc' dir='ltr'>ὁμογνώμονα</span> 
     </span>
    </p>
   </div>
   <div class='ocr_carea' id='block_1_38' title="bbox 180 3768 1758 3839">
    <p class='ocr_par' dir='ltr' id='par_1_38' title="bbox 180 3768 1758 3839">
     <span class='ocr_line' id='line_1_38' title="bbox 180 3768 1758 3839; baseline -0.001 -16"><span class='ocrx_word' id='word_1_264' title='bbox 180 3776 375 3824; x_wconf 80' lang='grc' dir='ltr'>πίστιν</span> <span class='ocrx_word' id='word_1_265' title='bbox 403 3768 847 3839; x_wconf 77' lang='grc' dir='ltr'>προσειληφότας</span> <span class='ocrx_word' id='word_1_266' title='bbox 891 3770 1135 3839; x_wconf 83' lang='grc' dir='ltr'>θερμῶς.</span> <span class='ocrx_word' id='word_1_267' title='bbox 1184 3769 1340 3831; x_wconf 77' lang='grc' dir='ltr'>αὖθις</span> <span class='ocrx_word' id='word_1_268' title='bbox 1374 3769 1659 3837; x_wconf 77' lang='grc' dir='ltr'>ἀφανίζειν</span> <span class='ocrx_word' id='word_1_269' title='bbox 1690 3771 1758 3822; x_wconf 81' lang='grc' dir='ltr'>τὰ</span> 
     </span>
    </p>
   </div>
   <div class='ocr_carea' id='block_1_39' title="bbox 179 3858 1757 3930">
    <p class='ocr_par' dir='ltr' id='par_1_39' title="bbox 179 3858 1757 3930">
     <span class='ocr_line' id='line_1_39' title="bbox 179 3858 1757 3930; baseline -0.001 -18"><span class='ocrx_word' id='word_1_270' title='bbox 179 3858 371 3921; x_wconf 83' lang='grc' dir='ltr'>καλῶς</span> <span class='ocrx_word' id='word_1_271' title='bbox 405 3859 591 3920; x_wconf 72' lang='grc' dir='ltr'>αὐτοῖς</span> <span class='ocrx_word' id='word_1_272' title='bbox 616 3859 954 3924; x_wconf 73' lang='grc' dir='ltr'>ἐγνωσμένα.</span> <span class='ocrx_word' id='word_1_273' title='bbox 999 3859 1061 3909; x_wconf 75' lang='grc' dir='ltr'><strong>ΟΞ</strong></span> <span class='ocrx_word' id='word_1_274' title='bbox 1095 3858 1140 3910; x_wconf 88' lang='grc' dir='ltr'>δ’</span> <span class='ocrx_word' id='word_1_275' title='bbox 1172 3859 1228 3911; x_wconf 79' lang='grc' dir='ltr'><strong>ἰν</strong></span> <span class='ocrx_word' id='word_1_276' title='bbox 1283 3858 1522 3930; x_wconf 83' lang='grc' dir='ltr'>δευτέρῳ</span> <span class='ocrx_word' id='word_1_277' title='bbox 1554 3860 1623 3911; x_wconf 83' lang='grc' dir='ltr'><strong>τὰ</strong></span> <span class='ocrx_word' id='word_1_278' title='bbox 1646 3860 1757 3912; x_wconf 82' lang='grc' dir='ltr'>τῶν</span> 
     </span>
    </p>
   </div>
   <div class='ocr_carea' id='block_1_40' title="bbox 178 3945 1756 4020">
    <p class='ocr_par' dir='ltr' id='par_1_40' title="bbox 178 3945 1756 4020">
     <span class='ocr_line' id='line_1_40' title="bbox 178 3945 1756 4020; baseline 0.001 -20"><span class='ocrx_word' id='word_1_279' title='bbox 178 3945 568 4018; x_wconf 83' lang='grc' dir='ltr'>παραινέσεων</span> <span class='ocrx_word' id='word_1_280' title='bbox 607 3948 849 4015; x_wconf 78' lang='grc' dir='ltr'>θέμενοι,</span> <span class='ocrx_word' id='word_1_281' title='bbox 883 3948 983 4017; x_wconf 76' lang='grc' dir='ltr'>τὴν</span> <span class='ocrx_word' id='word_1_282' title='bbox 1026 3948 1242 4018; x_wconf 82' lang='grc' dir='ltr'>Ἀρείου</span> <span class='ocrx_word' id='word_1_283' title='bbox 1271 3949 1431 4014; x_wconf 77' lang='grc' dir='ltr'>δόξαν</span> <span class='ocrx_word' id='word_1_284' title='bbox 1471 3950 1756 4020; x_wconf 83' lang='grc' dir='ltr'>κρείττονα</span> 
     </span>
    </p>
   </div>
   <div class='ocr_carea' id='block_1_41' title="bbox 176 4036 1755 4107">
    <p class='ocr_par' dir='ltr' id='par_1_41' title="bbox 176 4036 1755 4107">
     <span class='ocr_line' id='line_1_41' title="bbox 176 4036 1755 4107; baseline -0.001 -15"><span class='ocrx_word' id='word_1_285' title='bbox 176 4038 434 4101; x_wconf 75' lang='grc' dir='ltr'>νομίζειν</span> <span class='ocrx_word' id='word_1_286' title='bbox 465 4036 715 4099; x_wconf 77' lang='grc' dir='ltr'>εἰπόντες</span> <span class='ocrx_word' id='word_1_287' title='bbox 748 4038 1074 4106; x_wconf 79' lang='grc' dir='ltr'>ἀναφανδὸν,</span> <span class='ocrx_word' id='word_1_288' title='bbox 1114 4040 1205 4091; x_wconf 69' lang='grc' dir='ltr'><strong>καὶ¹</strong></span> <span class='ocrx_word' id='word_1_289' title='bbox 1243 4040 1317 4107; x_wconf 88' lang='grc' dir='ltr'>μή</span> <span class='ocrx_word' id='word_1_290' title='bbox 1354 4056 1486 4092; x_wconf 82' lang='grc' dir='ltr'>ποτε</span> <span class='ocrx_word' id='word_1_291' title='bbox 1519 4039 1755 4093; x_wconf 84' lang='grc' dir='ltr'>καταδέ-</span> 
     </span>
    </p>
   </div>
   <div class='ocr_carea' id='block_1_42' title="bbox 177 4125 1754 4195">
    <p class='ocr_par' dir='ltr' id='par_1_42' title="bbox 177 4125 1754 4195">
     <span class='ocr_line' id='line_1_42' title="bbox 177 4125 1754 4195; baseline 0.003 -18"><span class='ocrx_word' id='word_1_292' title='bbox 177 4126 381 4191; x_wconf 78' lang='grc' dir='ltr'>ξασθαι</span> <span class='ocrx_word' id='word_1_293' title='bbox 439 4125 732 4194; x_wconf 88' lang='grc' dir='ltr'>όμοούσιον</span> <span class='ocrx_word' id='word_1_294' title='bbox 764 4126 842 4194; x_wconf 88' lang='grc' dir='ltr'>τῷ</span> <span class='ocrx_word' id='word_1_295' title='bbox 897 4128 1071 4195; x_wconf 80' lang='grc' dir='ltr'>Πατρὶ</span> <span class='ocrx_word' id='word_1_296' title='bbox 1098 4129 1193 4180; x_wconf 85' lang='grc' dir='ltr'>τὸν</span> <span class='ocrx_word' id='word_1_297' title='bbox 1240 4129 1365 4181; x_wconf 79' lang='grc' dir='ltr'>Υἰδν</span> <span class='ocrx_word' id='word_1_298' title='bbox 1394 4130 1668 4193; x_wconf 81' lang='grc' dir='ltr'>ἀνειπεῖν,</span> <span class='ocrx_word' id='word_1_299' title='bbox 1704 4129 1754 4181; x_wconf 89' lang='grc' dir='ltr'><strong>εἰ</strong></span> 
     </span>
    </p>
   </div>
   <div class='ocr_carea' id='block_1_43' title="bbox 175 4215 1751 4289">
    <p class='ocr_par' dir='ltr' id='par_1_43' title="bbox 175 4215 1751 4289">
     <span class='ocr_line' id='line_1_43' title="bbox 175 4215 1751 4289; baseline 0.002 -18"><span class='ocrx_word' id='word_1_300' title='bbox 175 4219 274 4271; x_wconf 78' lang='grc' dir='ltr'>καὶ</span> <span class='ocrx_word' id='word_1_301' title='bbox 320 4217 584 4270; x_wconf 79' lang='grc' dir='ltr'>τάναντία</span> <span class='ocrx_word' id='word_1_302' title='bbox 617 4219 751 4288; x_wconf 60' lang='grc' dir='ltr'>πρὸς</span> <span class='ocrx_word' id='word_1_303' title='bbox 801 4218 1058 4286; x_wconf 78' lang='grc' dir='ltr'>Λισέριον</span> <span class='ocrx_word' id='word_1_304' title='bbox 1098 4215 1277 4283; x_wconf 76' lang='grc' dir='ltr'>εἷπον,</span> <span class='ocrx_word' id='word_1_305' title='bbox 1308 4221 1751 4289; x_wconf 80' lang='grc' dir='ltr'>ἀπηλλάττοντο’</span> 
     </span>
    </p>
   </div>
   <div class='ocr_carea' id='block_1_44' title="bbox 175 4310 1756 4384">
    <p class='ocr_par' dir='ltr' id='par_1_44' title="bbox 175 4310 1756 4384">
     <span class='ocr_line' id='line_1_44' title="bbox 175 4310 1756 4384; baseline 0.001 -21"><span class='ocrx_word' id='word_1_306' title='bbox 175 4312 272 4363; x_wconf 69' lang='grc' dir='ltr'><strong>καὶ</strong></span> <span class='ocrx_word' id='word_1_307' title='bbox 297 4312 414 4372; x_wconf 83' lang='grc' dir='ltr'>τοῖς</span> <span class='ocrx_word' id='word_1_308' title='bbox 447 4310 590 4363; x_wconf 77' lang='grc' dir='ltr'>κατὰ</span> <span class='ocrx_word' id='word_1_309' title='bbox 615 4310 769 4363; x_wconf 83' lang='grc' dir='ltr'>πόλιν</span> <span class='ocrx_word' id='word_1_310' title='bbox 799 4310 867 4362; x_wconf 79' lang='grc' dir='ltr'><strong>τὰ</strong></span> <span class='ocrx_word' id='word_1_311' title='bbox 892 4312 983 4364; x_wconf 80' lang='grc' dir='ltr'>ῐσα</span> <span class='ocrx_word' id='word_1_312' title='bbox 1022 4312 1312 4381; x_wconf 78' lang='grc' dir='ltr'>φρονοῦσιν</span> <span class='ocrx_word' id='word_1_313' title='bbox 1346 4314 1608 4381; x_wconf 75' lang='grc' dir='ltr'>ἔγραφον,</span> <span class='ocrx_word' id='word_1_314' title='bbox 1653 4332 1756 4384; x_wconf 70' lang='grc' dir='ltr'>μη.</span> 
     </span>
    </p>
   </div>
   <div class='ocr_carea' id='block_1_45' title="bbox 170 4398 1754 4470">
    <p class='ocr_par' dir='ltr' id='par_1_45' title="bbox 170 4398 1754 4470">
     <span class='ocr_line' id='line_1_45' title="bbox 170 4398 1754 4470; baseline 0.004 -18"><span class='ocrx_word' id='word_1_315' title='bbox 170 4398 369 4469; x_wconf 80' lang='grc' dir='ltr'>δαμῶς</span> <span class='ocrx_word' id='word_1_316' title='bbox 406 4400 505 4469; x_wconf 85' lang='grc' dir='ltr'>τὴν</span> <span class='ocrx_word' id='word_1_317' title='bbox 537 4401 596 4451; x_wconf 81' lang='grc' dir='ltr'>ὲν</span> <span class='ocrx_word' id='word_1_318' title='bbox 642 4399 852 4470; x_wconf 80' lang='grc' dir='ltr'>Νικαίᾳ</span> <span class='ocrx_word' id='word_1_319' title='bbox 887 4402 1070 4454; x_wconf 86' lang='grc' dir='ltr'>πίστιν</span> <span class='ocrx_word' id='word_1_320' title='bbox 1122 4403 1540 4469; x_wconf 82' lang='grc' dir='ltr'>προσδέξασθαι.</span> <span class='ocrx_word' id='word_1_321' title='bbox 1592 4407 1655 4457; x_wconf 83' lang='lat' dir='ltr'><strong>Ol</strong></span> <span class='ocrx_word' id='word_1_322' title='bbox 1697 4406 1754 4459; x_wconf 81' lang='grc' dir='ltr'>δὲ</span> 
     </span>
    </p>
   </div>
   <div class='ocr_carea' id='block_1_46' title="bbox 1084 380 2499 453">
    <p class='ocr_par' dir='ltr' id='par_1_46' title="bbox 1084 380 2499 453">
     <span class='ocr_line' id='line_1_46' title="bbox 1084 380 2499 453; baseline -0.004 -2"><span class='ocrx_word' id='word_1_323' title='bbox 1084 388 1684 453; x_wconf 65' lang='lat' dir='ltr'><strong>ECCLESlASTlCt‘E</strong></span> <span class='ocrx_word' id='word_1_324' title='bbox 1725 382 2116 448; x_wconf 64' lang='lat' dir='ltr'><strong>HISTORIE</strong></span> <span class='ocrx_word' id='word_1_325' title='bbox 2154 382 2306 447; x_wconf 86' lang='lat' dir='ltr'><strong>LIB.</strong></span> <span class='ocrx_word' id='word_1_326' title='bbox 2350 380 2499 446; x_wconf 80' lang='lat' dir='ltr'><strong>XII.</strong></span> 
     </span>
    </p>
   </div>
   <div class='ocr_carea' id='block_1_47' title="bbox 3335 372 3438 437">
    <p class='ocr_par' dir='ltr' id='par_1_47' title="bbox 3335 372 3438 437">
     <span class='ocr_line' id='line_1_47' title="bbox 3335 372 3438 437; baseline 0 -1"><span class='ocrx_word' id='word_1_327' title='bbox 3335 372 3438 437; x_wconf 65' lang='lat'><strong>774</strong></span> 
     </span>
    </p>
   </div>
   <div class='ocr_carea' id='block_1_48' title="bbox 2465 494 2796 552">
    <p class='ocr_par' dir='ltr' id='par_1_48' title="bbox 2465 494 2796 552">
     <span class='ocr_line' id='line_1_48' title="bbox 2465 494 2796 552; baseline -0.015 0"><span class='ocrx_word' id='word_1_328' title='bbox 2465 494 2689 552; x_wconf 73' lang='lat' dir='ltr'><strong>CAPUT</strong></span> <span class='ocrx_word' id='word_1_329' title='bbox 2730 494 2796 549; x_wconf 78' lang='grc' dir='ltr'><strong>Χ.</strong></span> 
     </span>
    </p>
   </div>
   <div class='ocr_carea' id='block_1_49' title="bbox 1866 580 3438 655">
    <p class='ocr_par' dir='ltr' id='par_1_49' title="bbox 1866 580 3438 655">
     <span class='ocr_line' id='line_1_49' title="bbox 1866 580 3438 655; baseline -0.008 -8"><span class='ocrx_word' id='word_1_330' title='bbox 1866 593 1943 647; x_wconf 80' lang='lat' dir='ltr'><strong>De</strong></span> <span class='ocrx_word' id='word_1_331' title='bbox 1969 604 2153 647; x_wconf 76' lang='lat' dir='ltr'><strong>sancta</strong></span> <span class='ocrx_word' id='word_1_332' title='bbox 2183 592 2410 646; x_wconf 74' lang='lat' dir='ltr'><strong>secunda</strong></span> <span class='ocrx_word' id='word_1_333' title='bbox 2459 587 2745 641; x_wconf 73' lang='lat' dir='ltr'><strong>universali</strong></span> <span class='ocrx_word' id='word_1_334' title='bbox 2770 583 2992 655; x_wconf 72' lang='lat' dir='ltr'><strong>synodo,</strong></span> <span class='ocrx_word' id='word_1_335' title='bbox 3018 598 3134 653; x_wconf 71' lang='lat' dir='ltr'><strong>quae</strong></span> <span class='ocrx_word' id='word_1_336' title='bbox 3159 580 3201 634; x_wconf 90' lang='grc' dir='ltr'><strong><em>Τ</em></strong></span> <span class='ocrx_word' id='word_1_337' title='bbox 3204 581 3438 655; x_wconf 62' lang='grc' dir='ltr'>ίιεοάυεὶί</span> 
     </span>
    </p>
   </div>
   <div class='ocr_carea' id='block_1_50' title="bbox 1935 652 3435 730">
    <p class='ocr_par' dir='ltr' id='par_1_50' title="bbox 1935 652 3435 730">
     <span class='ocr_line' id='line_1_50' title="bbox 1935 652 3435 730; baseline -0.009 -13"><span class='ocrx_word' id='word_1_338' title='bbox 1935 665 2266 730; x_wconf 76' lang='lat' dir='ltr'><strong>imperatoris</strong></span> <span class='ocrx_word' id='word_1_339' title='bbox 2300 672 2345 714; x_wconf 87' lang='lat' dir='ltr'><strong>et</strong></span> <span class='ocrx_word' id='word_1_340' title='bbox 2402 657 2601 713; x_wconf 71' lang='lat' dir='ltr'><strong>Melerii</strong></span> <span class='ocrx_word' id='word_1_341' title='bbox 2642 652 2868 730; x_wconf 61' lang='lat' dir='ltr'><strong>episcopi</strong></span> <span class='ocrx_word' id='word_1_342' title='bbox 2913 652 3219 730; x_wconf 72' lang='lat' dir='ltr'><strong>Antiocheni</strong></span> <span class='ocrx_word' id='word_1_343' title='bbox 3262 652 3435 730; x_wconf 51' lang='lat' dir='ltr'><strong>gadio</strong></span> 
     </span>
    </p>
   </div>
   <div class='ocr_carea' id='block_1_51' title="bbox 1935 721 3435 803">
    <p class='ocr_par' dir='ltr' id='par_1_51' title="bbox 1935 721 3435 803">
     <span class='ocr_line' id='line_1_51' title="bbox 1935 721 3435 803; baseline -0.01 -17"><span class='ocrx_word' id='word_1_344' title='bbox 1935 740 1985 786; x_wconf 76' lang='lat' dir='ltr'><strong>et</strong></span> <span class='ocrx_word' id='word_1_345' title='bbox 2005 721 2182 803; x_wconf 76' lang='lat' dir='ltr'><strong>opera.</strong></span> <span class='ocrx_word' id='word_1_346' title='bbox 2217 721 2854 803; x_wconf 71' lang='lat' dir='ltr'><strong>Constantinopolitanum</strong></span> <span class='ocrx_word' id='word_1_347' title='bbox 2892 725 3249 793; x_wconf 69' lang='lat' dir='ltr'><strong>episcopatum</strong></span> <span class='ocrx_word' id='word_1_348' title='bbox 3269 721 3435 774; x_wconf 81' lang='lat' dir='ltr'><strong>Theo-</strong></span> 
     </span>
    </p>
   </div>
   <div class='ocr_carea' id='block_1_52' title="bbox 1938 801 2433 871">
    <p class='ocr_par' dir='ltr' id='par_1_52' title="bbox 1938 801 2433 871">
     <span class='ocr_line' id='line_1_52' title="bbox 1938 801 2433 871; baseline -0.01 -15"><span class='ocrx_word' id='word_1_349' title='bbox 1938 801 2053 871; x_wconf 83' lang='lat' dir='ltr'><strong>logo</strong></span> <span class='ocrx_word' id='word_1_350' title='bbox 2072 801 2433 855; x_wconf 69' lang='lat' dir='ltr'><strong>demendam.</strong></span> 
     </span>
    </p>
   </div>
   <div class='ocr_carea' id='block_1_53' title="bbox 1938 905 3436 983">
    <p class='ocr_par' dir='ltr' id='par_1_53' title="bbox 1938 905 3436 983">
     <span class='ocr_line' id='line_1_53' title="bbox 1938 905 3436 983; baseline -0.011 -12"><span class='ocrx_word' id='word_1_351' title='bbox 1938 915 2175 973; x_wconf 84' lang='lat' dir='ltr'><strong>Proinde</strong></span> <span class='ocrx_word' id='word_1_352' title='bbox 2222 914 2400 982; x_wconf 90' lang='lat' dir='ltr'><strong>primo</strong></span> <span class='ocrx_word' id='word_1_353' title='bbox 2439 926 2659 983; x_wconf 91' lang='lat' dir='ltr'><strong>quoque</strong></span> <span class='ocrx_word' id='word_1_354' title='bbox 2702 919 2948 978; x_wconf 86' lang='lat' dir='ltr'><strong>tempore</strong></span> <span class='ocrx_word' id='word_1_355' title='bbox 2990 905 3258 977; x_wconf 82' lang='lat' dir='ltr'><strong>synodum</strong></span> <span class='ocrx_word' id='word_1_356' title='bbox 3297 918 3436 973; x_wconf 86' lang='lat' dir='ltr'><strong>quo-</strong></span> 
     </span>
    </p>
   </div>
   <div class='ocr_carea' id='block_1_54' title="bbox 1860 1002 3438 1079">
    <p class='ocr_par' dir='ltr' id='par_1_54' title="bbox 1860 1002 3438 1079">
     <span class='ocr_line' id='line_1_54' title="bbox 1860 1002 3438 1079; baseline -0.009 -16"><span class='ocrx_word' id='word_1_357' title='bbox 1860 1026 1972 1079; x_wconf 67' lang='lat' dir='ltr'><strong>que</strong></span> <span class='ocrx_word' id='word_1_358' title='bbox 2030 1009 2415 1079; x_wconf 87' lang='lat' dir='ltr'><strong>episcoporum</strong></span> <span class='ocrx_word' id='word_1_359' title='bbox 2469 1008 2768 1073; x_wconf 81' lang='lat' dir='ltr'><strong>imperator</strong></span> <span class='ocrx_word' id='word_1_360' title='bbox 2812 1003 2864 1055; x_wconf 93' lang='lat' dir='ltr'><strong>in</strong></span> <span class='ocrx_word' id='word_1_361' title='bbox 2914 1002 3094 1054; x_wconf 90' lang='lat' dir='ltr'><strong>locum</strong></span> <span class='ocrx_word' id='word_1_362' title='bbox 3143 1012 3438 1065; x_wconf 80' lang='lat' dir='ltr'><strong>unum,_ex</strong></span> 
     </span>
    </p>
   </div>
   <div class='ocr_carea' id='block_1_55' title="bbox 1869 1090 3436 1170">
    <p class='ocr_par' dir='ltr' id='par_1_55' title="bbox 1869 1090 3436 1170">
     <span class='ocr_line' id='line_1_55' title="bbox 1869 1090 3436 1170; baseline -0.011 -12"><span class='ocrx_word' id='word_1_363' title='bbox 1869 1102 2081 1170; x_wconf 84' lang='lat' dir='ltr'><strong>imperii</strong></span> <span class='ocrx_word' id='word_1_364' title='bbox 2128 1101 2209 1154; x_wconf 90' lang='lat' dir='ltr'><strong>sui</strong></span> <span class='ocrx_word' id='word_1_365' title='bbox 2252 1098 2555 1168; x_wconf 84' lang='lat' dir='ltr'><strong>provinciis</strong></span> <span class='ocrx_word' id='word_1_366' title='bbox 2590 1097 2881 1157; x_wconf 70' lang='lat' dir='ltr'><strong>duntaxat,</strong></span> <span class='ocrx_word' id='word_1_367' title='bbox 2924 1091 3218 1146; x_wconf 84' lang='lat' dir='ltr'><strong>convenire</strong></span> <span class='ocrx_word' id='word_1_368' title='bbox 3253 1090 3436 1159; x_wconf 73' lang='lat' dir='ltr'><strong>jussit,</strong></span> 
     </span>
    </p>
   </div>
   <div class='ocr_carea' id='block_1_56' title="bbox 1868 1180 3436 1252">
    <p class='ocr_par' dir='ltr' id='par_1_56' title="bbox 1868 1180 3436 1252">
     <span class='ocr_line' id='line_1_56' title="bbox 1868 1180 3436 1252; baseline -0.012 -3"><span class='ocrx_word' id='word_1_369' title='bbox 1868 1196 1931 1249; x_wconf 84' lang='lat' dir='ltr'><strong>ad</strong></span> <span class='ocrx_word' id='word_1_370' title='bbox 1962 1195 2179 1249; x_wconf 63' lang='lat' dir='ltr'><strong>Nicwna</strong></span> <span class='ocrx_word' id='word_1_371' title='bbox 2212 1194 2435 1247; x_wconf 83' lang='lat' dir='ltr'><strong>decreta</strong></span> <span class='ocrx_word' id='word_1_372' title='bbox 2466 1188 2840 1244; x_wconf 80' lang='lat' dir='ltr'><strong>conﬁrmanda</strong></span> <span class='ocrx_word' id='word_1_373' title='bbox 2877 1203 2890 1242; x_wconf 86' lang='lat'><strong>:</strong></span> <span class='ocrx_word' id='word_1_374' title='bbox 2925 1194 3089 1252; x_wconf 82' lang='lat' dir='ltr'><strong>atque</strong></span> <span class='ocrx_word' id='word_1_375' title='bbox 3122 1194 3181 1237; x_wconf 93' lang='lat' dir='ltr'><strong>ut</strong></span> <span class='ocrx_word' id='word_1_376' title='bbox 3212 1180 3436 1245; x_wconf 83' lang='lat' dir='ltr'><strong>ibidem,</strong></span> 
     </span>
    </p>
   </div>
   <div class='ocr_carea' id='block_1_57' title="bbox 1869 1275 3438 1352">
    <p class='ocr_par' dir='ltr' id='par_1_57' title="bbox 1869 1275 3438 1352">
     <span class='ocr_line' id='line_1_57' title="bbox 1869 1275 3438 1352; baseline -0.01 -12"><span class='ocrx_word' id='word_1_377' title='bbox 1869 1287 2088 1341; x_wconf 85' lang='lat' dir='ltr'><strong>cuinam</strong></span> <span class='ocrx_word' id='word_1_378' title='bbox 2130 1284 2755 1352; x_wconf 77' lang='lat' dir='ltr'><strong>Constantitmpolitana:</strong></span> <span class='ocrx_word' id='word_1_379' title='bbox 2795 1277 3053 1334; x_wconf 79' lang='lat' dir='ltr'><strong>Ecclesia:</strong></span> <span class='ocrx_word' id='word_1_380' title='bbox 3096 1275 3253 1330; x_wconf 84' lang='lat' dir='ltr'><strong>sedes</strong></span> <span class='ocrx_word' id='word_1_381' title='bbox 3284 1288 3438 1325; x_wconf 86' lang='lat' dir='ltr'><strong>com-</strong></span> 
     </span>
    </p>
   </div>
   <div class='ocr_carea' id='block_1_58' title="bbox 1869 1364 3439 1438">
    <p class='ocr_par' dir='ltr' id='par_1_58' title="bbox 1869 1364 3439 1438">
     <span class='ocr_line' id='line_1_58' title="bbox 1869 1364 3439 1438; baseline -0.008 -10"><span class='ocrx_word' id='word_1_382' title='bbox 1869 1377 2135 1431; x_wconf 86' lang='lat' dir='ltr'><strong>mittenda</strong></span> <span class='ocrx_word' id='word_1_383' title='bbox 2185 1385 2355 1438; x_wconf 83' lang='lat' dir='ltr'><strong>esset,</strong></span> <span class='ocrx_word' id='word_1_384' title='bbox 2384 1374 2807 1427; x_wconf 81' lang='lat' dir='ltr'><strong>deliberaretur.</strong></span> <span class='ocrx_word' id='word_1_385' title='bbox 2841 1368 2997 1436; x_wconf 85' lang='lat' dir='ltr'><strong>Quod</strong></span> <span class='ocrx_word' id='word_1_386' title='bbox 3042 1376 3222 1420; x_wconf 90' lang='lat' dir='ltr'><strong>autem</strong></span> <span class='ocrx_word' id='word_1_387' title='bbox 3264 1364 3439 1417; x_wconf 79' lang='lat' dir='ltr'><strong>Mace-</strong></span> 
     </span>
    </p>
   </div>
   <div class='ocr_carea' id='block_1_59' title="bbox 1868 1457 3437 1533">
    <p class='ocr_par' dir='ltr' id='par_1_59' title="bbox 1868 1457 3437 1533">
     <span class='ocr_line' id='line_1_59' title="bbox 1868 1457 3437 1533; baseline -0.01 -9"><span class='ocrx_word' id='word_1_388' title='bbox 1868 1472 2135 1524; x_wconf 88' lang='lat' dir='ltr'><strong>donianos</strong></span> <span class='ocrx_word' id='word_1_389' title='bbox 2168 1468 2466 1521; x_wconf 85' lang='lat' dir='ltr'><strong>universali</strong></span> <span class='ocrx_word' id='word_1_390' title='bbox 2501 1464 2757 1520; x_wconf 71' lang='lat' dir='ltr'><strong>Ecclesiae</strong></span> <span class='ocrx_word' id='word_1_391' title='bbox 2787 1460 3066 1533; x_wconf 81' lang='lat' dir='ltr'><strong>aggregari</strong></span> <span class='ocrx_word' id='word_1_392' title='bbox 3100 1469 3261 1527; x_wconf 87' lang='lat' dir='ltr'><strong>atque</strong></span> <span class='ocrx_word' id='word_1_393' title='bbox 3290 1457 3437 1511; x_wconf 88' lang='lat' dir='ltr'><strong>uniri</strong></span> 
     </span>
    </p>
   </div>
   <div class='ocr_carea' id='block_1_60' title="bbox 1870 1551 3439 1631">
    <p class='ocr_par' dir='ltr' id='par_1_60' title="bbox 1870 1551 3439 1631">
     <span class='ocr_line' id='line_1_60' title="bbox 1870 1551 3439 1631; baseline -0.009 -17"><span class='ocrx_word' id='word_1_394' title='bbox 1870 1576 2027 1631; x_wconf 79' lang='lat' dir='ltr'><strong>posse</strong></span> <span class='ocrx_word' id='word_1_395' title='bbox 2079 1561 2443 1623; x_wconf 82' lang='lat' dir='ltr'><strong>existimaret,</strong></span> <span class='ocrx_word' id='word_1_396' title='bbox 2491 1556 2617 1627; x_wconf 81' lang='lat' dir='ltr'><strong>quia</strong></span> <span class='ocrx_word' id='word_1_397' title='bbox 2669 1570 2779 1609; x_wconf 89' lang='lat' dir='ltr'><strong>non</strong></span> <span class='ocrx_word' id='word_1_398' title='bbox 2832 1552 3127 1607; x_wconf 76' lang='lat' dir='ltr'><strong>admodum</strong></span> <span class='ocrx_word' id='word_1_399' title='bbox 3180 1551 3439 1620; x_wconf 89' lang='lat' dir='ltr'><strong>opinione</strong></span> 
     </span>
    </p>
   </div>
   <div class='ocr_carea' id='block_1_61' title="bbox 1875 1641 3439 1719">
    <p class='ocr_par' dir='ltr' id='par_1_61' title="bbox 1875 1641 3439 1719">
     <span class='ocr_line' id='line_1_61' title="bbox 1875 1641 3439 1719; baseline -0.009 -12"><span class='ocrx_word' id='word_1_400' title='bbox 1875 1669 1971 1707; x_wconf 86' lang='lat' dir='ltr'><strong>sua</strong></span> <span class='ocrx_word' id='word_1_401' title='bbox 2008 1652 2073 1705; x_wconf 89' lang='lat' dir='ltr'><strong>dc</strong></span> <span class='ocrx_word' id='word_1_402' title='bbox 2106 1653 2240 1715; x_wconf 85' lang='lat' dir='ltr'><strong>Deo,</strong></span> <span class='ocrx_word' id='word_1_403' title='bbox 2266 1651 2333 1705; x_wconf 87' lang='lat' dir='ltr'><strong>ab</strong></span> <span class='ocrx_word' id='word_1_404' title='bbox 2375 1662 2604 1719; x_wconf 85' lang='lat' dir='ltr'><strong>utraque</strong></span> <span class='ocrx_word' id='word_1_405' title='bbox 2644 1657 2796 1716; x_wconf 88' lang='lat' dir='ltr'><strong>parte</strong></span> <span class='ocrx_word' id='word_1_406' title='bbox 2826 1658 2881 1701; x_wconf 82' lang='lat' dir='ltr'><strong>et</strong></span> <span class='ocrx_word' id='word_1_407' title='bbox 2910 1644 3170 1707; x_wconf 80' lang='lat' dir='ltr'><strong>factione,</strong></span> <span class='ocrx_word' id='word_1_408' title='bbox 3207 1641 3439 1695; x_wconf 82' lang='lat' dir='ltr'><strong>disside-</strong></span> 
     </span>
    </p>
   </div>
   <div class='ocr_carea' id='block_1_62' title="bbox 1870 1732 3439 1810">
    <p class='ocr_par' dir='ltr' id='par_1_62' title="bbox 1870 1732 3439 1810">
     <span class='ocr_line' id='line_1_62' title="bbox 1870 1732 3439 1810; baseline -0.01 -13"><span class='ocrx_word' id='word_1_409' title='bbox 1870 1746 2021 1802; x_wconf 89' lang='lat' dir='ltr'><strong>bant.</strong></span> <span class='ocrx_word' id='word_1_410' title='bbox 2056 1758 2149 1797; x_wconf 88' lang='lat' dir='ltr'><strong>cos</strong></span> <span class='ocrx_word' id='word_1_411' title='bbox 2177 1757 2396 1810; x_wconf 88' lang='lat' dir='ltr'><strong>quoque</strong></span> <span class='ocrx_word' id='word_1_412' title='bbox 2431 1743 2494 1794; x_wconf 82' lang='lat' dir='ltr'><strong>ad</strong></span> <span class='ocrx_word' id='word_1_413' title='bbox 2541 1749 2875 1794; x_wconf 89' lang='lat' dir='ltr'><strong>conventum</strong></span> <span class='ocrx_word' id='word_1_414' title='bbox 2908 1735 3182 1791; x_wconf 82' lang='lat' dir='ltr'><strong>evocavit.</strong></span> <span class='ocrx_word' id='word_1_415' title='bbox 3214 1732 3279 1786; x_wconf 76' lang='lat' dir='ltr'><strong>Et</strong></span> <span class='ocrx_word' id='word_1_416' title='bbox 3309 1747 3439 1785; x_wconf 90' lang='lat' dir='ltr'><strong>con-</strong></span> 
     </span>
    </p>
   </div>
   <div class='ocr_carea' id='block_1_63' title="bbox 1566 1824 3439 1911">
    <p class='ocr_par' dir='ltr' id='par_1_63' title="bbox 1566 1824 3439 1911">
     <span class='ocr_line' id='line_1_63' title="bbox 1566 1824 3439 1911; baseline -0.009 -19"><span class='ocrx_word' id='word_1_417' title='bbox 1566 1843 1761 1911; x_wconf 71' lang='grc' dir='ltr'>μοίρας</span> <span class='ocrx_word' id='word_1_418' title='bbox 1799 1850 1838 1901; x_wconf 74' lang='lat'><strong>3</strong></span> <span class='ocrx_word' id='word_1_419' title='bbox 1868 1845 2137 1891; x_wconf 82' lang='lat' dir='ltr'><strong>venerunt</strong></span> <span class='ocrx_word' id='word_1_420' title='bbox 2168 1837 2235 1889; x_wconf 89' lang='lat' dir='ltr'><strong>ab</strong></span> <span class='ocrx_word' id='word_1_421' title='bbox 2264 1834 2344 1888; x_wconf 89' lang='lat' dir='ltr'><strong>eis</strong></span> <span class='ocrx_word' id='word_1_422' title='bbox 2380 1835 2471 1903; x_wconf 91' lang='lat' dir='ltr'><strong>qui</strong></span> <span class='ocrx_word' id='word_1_423' title='bbox 2503 1832 2832 1886; x_wconf 84' lang='lat' dir='ltr'><strong>Trinitatem</strong></span> <span class='ocrx_word' id='word_1_424' title='bbox 2859 1828 3175 1894; x_wconf 78' lang='grc' dir='ltr'>όμοούσιον,</span> <span class='ocrx_word' id='word_1_425' title='bbox 3202 1824 3439 1878; x_wconf 86' lang='lat' dir='ltr'><strong>consub-</strong></span> 
     </span>
    </p>
   </div>
   <div class='ocr_carea' id='block_1_64' title="bbox 1867 1918 3438 1995">
    <p class='ocr_par' dir='ltr' id='par_1_64' title="bbox 1867 1918 3438 1995">
     <span class='ocr_line' id='line_1_64' title="bbox 1867 1918 3438 1995; baseline -0.01 -13"><span class='ocrx_word' id='word_1_426' title='bbox 1867 1929 2202 1989; x_wconf 76' lang='lat' dir='ltr'><strong>stantialem,</strong></span> <span class='ocrx_word' id='word_1_427' title='bbox 2242 1926 2562 1995; x_wconf 59' lang='lat' dir='ltr'><strong>pradicant,</strong></span> <span class='ocrx_word' id='word_1_428' title='bbox 2598 1923 2817 1977; x_wconf 84' lang='lat' dir='ltr'><strong>circiter</strong></span> <span class='ocrx_word' id='word_1_429' title='bbox 2842 1932 3063 1976; x_wconf 87' lang='lat' dir='ltr'><strong>centum</strong></span> <span class='ocrx_word' id='word_1_430' title='bbox 3085 1930 3140 1973; x_wconf 88' lang='lat' dir='ltr'><strong>et</strong></span> <span class='ocrx_word' id='word_1_431' title='bbox 3167 1918 3438 1987; x_wconf 82' lang='lat' dir='ltr'><strong>quinqua-</strong></span> 
     </span>
    </p>
   </div>
   <div class='ocr_carea' id='block_1_65' title="bbox 1867 2018 3440 2091">
    <p class='ocr_par' dir='ltr' id='par_1_65' title="bbox 1867 2018 3440 2091">
     <span class='ocr_line' id='line_1_65' title="bbox 1867 2018 3440 2091; baseline -0.009 -17"><span class='ocrx_word' id='word_1_432' title='bbox 1867 2024 2019 2091; x_wconf 83' lang='lat' dir='ltr'><strong>ginta</strong></span> <span class='ocrx_word' id='word_1_433' title='bbox 2053 2039 2066 2073; x_wconf 90' lang='lat'><strong>:</strong></span> <span class='ocrx_word' id='word_1_434' title='bbox 2098 2022 2328 2075; x_wconf 86' lang='lat' dir='ltr'><strong>alterius</strong></span> <span class='ocrx_word' id='word_1_435' title='bbox 2372 2030 2550 2074; x_wconf 86' lang='lat' dir='ltr'><strong>autem</strong></span> <span class='ocrx_word' id='word_1_436' title='bbox 2593 2030 2753 2073; x_wconf 69' lang='lat' dir='ltr'><strong>secta:</strong></span> <span class='ocrx_word' id='word_1_437' title='bbox 2803 2018 3019 2086; x_wconf 75' lang='lat' dir='ltr'><strong>triginta</strong></span> <span class='ocrx_word' id='word_1_438' title='bbox 3062 2023 3116 2068; x_wconf 89' lang='lat' dir='ltr'><strong>et</strong></span> <span class='ocrx_word' id='word_1_439' title='bbox 3159 2028 3272 2073; x_wconf 80' lang='lat' dir='ltr'><strong>sex,</strong></span> <span class='ocrx_word' id='word_1_440' title='bbox 3303 2024 3440 2079; x_wconf 80' lang='lat' dir='ltr'><strong>quo-</strong></span> 
     </span>
    </p>
   </div>
   <div class='ocr_carea' id='block_1_66' title="bbox 1868 2107 3437 2182">
    <p class='ocr_par' dir='ltr' id='par_1_66' title="bbox 1868 2107 3437 2182">
     <span class='ocr_line' id='line_1_66' title="bbox 1868 2107 3437 2182; baseline -0.005 -17"><span class='ocrx_word' id='word_1_441' title='bbox 1868 2130 1991 2166; x_wconf 89' lang='lat' dir='ltr'><strong>rutn</strong></span> <span class='ocrx_word' id='word_1_442' title='bbox 2040 2114 2225 2182; x_wconf 86' lang='lat' dir='ltr'><strong>plures</strong></span> <span class='ocrx_word' id='word_1_443' title='bbox 2267 2129 2331 2168; x_wconf 80' lang='lat' dir='ltr'><strong>ex</strong></span> <span class='ocrx_word' id='word_1_444' title='bbox 2379 2114 2730 2181; x_wconf 70' lang='lat' dir='ltr'><strong>Hellesponto</strong></span> <span class='ocrx_word' id='word_1_445' title='bbox 2769 2121 2948 2165; x_wconf 88' lang='lat' dir='ltr'><strong>erant.</strong></span> <span class='ocrx_word' id='word_1_446' title='bbox 2998 2109 3094 2163; x_wconf 84' lang='lat' dir='ltr'><strong>His</strong></span> <span class='ocrx_word' id='word_1_447' title='bbox 3138 2107 3437 2177; x_wconf 62' lang='lat' dir='ltr'><strong>praibant,</strong></span> 
     </span>
    </p>
   </div>
   <div class='ocr_carea' id='block_1_67' title="bbox 1866 2202 3434 2275">
    <p class='ocr_par' dir='ltr' id='par_1_67' title="bbox 1866 2202 3434 2275">
     <span class='ocr_line' id='line_1_67' title="bbox 1866 2202 3434 2275; baseline -0.006 -15"><span class='ocrx_word' id='word_1_448' title='bbox 1866 2206 2127 2260; x_wconf 80' lang='lat' dir='ltr'><strong>Eleuzius</strong></span> <span class='ocrx_word' id='word_1_449' title='bbox 2179 2206 2504 2275; x_wconf 72' lang='lat' dir='ltr'><strong>Cyzicenus,</strong></span> <span class='ocrx_word' id='word_1_450' title='bbox 2548 2216 2602 2259; x_wconf 91' lang='lat' dir='ltr'><strong>et</strong></span> <span class='ocrx_word' id='word_1_451' title='bbox 2650 2205 2959 2258; x_wconf 77' lang='lat' dir='ltr'><strong>Marcianus</strong></span> <span class='ocrx_word' id='word_1_452' title='bbox 3008 2202 3434 2270; x_wconf 78' lang='lat' dir='ltr'><strong>Lampsacenus.</strong></span> 
     </span>
    </p>
   </div>
   <div class='ocr_carea' id='block_1_68' title="bbox 1868 2290 3433 2365">
    <p class='ocr_par' dir='ltr' id='par_1_68' title="bbox 1868 2290 3433 2365">
     <span class='ocr_line' id='line_1_68' title="bbox 1868 2290 3433 2365; baseline -0.005 -14"><span class='ocrx_word' id='word_1_453' title='bbox 1868 2298 2015 2351; x_wconf 84' lang='lat' dir='ltr'><strong>Inter</strong></span> <span class='ocrx_word' id='word_1_454' title='bbox 2077 2297 2381 2350; x_wconf 83' lang='lat' dir='ltr'><strong>catholicos</strong></span> <span class='ocrx_word' id='word_1_455' title='bbox 2436 2297 2694 2365; x_wconf 64' lang='lat' dir='ltr'><strong>prmcipui</strong></span> <span class='ocrx_word' id='word_1_456' title='bbox 2749 2304 2929 2358; x_wconf 81' lang='lat' dir='ltr'><strong>erant,</strong></span> <span class='ocrx_word' id='word_1_457' title='bbox 2973 2292 3295 2347; x_wconf 86' lang='lat' dir='ltr'><strong>Timotheus</strong></span> <span class='ocrx_word' id='word_1_458' title='bbox 3341 2290 3433 2357; x_wconf 87' lang='lat' dir='ltr'><strong>qni</strong></span> 
     </span>
    </p>
   </div>
   <div class='ocr_carea' id='block_1_69' title="bbox 1865 2384 3436 2454">
    <p class='ocr_par' dir='ltr' id='par_1_69' title="bbox 1865 2384 3436 2454">
     <span class='ocr_line' id='line_1_69' title="bbox 1865 2384 3436 2454; baseline -0.006 -11"><span class='ocrx_word' id='word_1_459' title='bbox 1865 2390 2213 2443; x_wconf 65' lang='lat' dir='ltr'><strong>Alexandria:</strong></span> <span class='ocrx_word' id='word_1_460' title='bbox 2245 2390 2296 2441; x_wconf 89' lang='lat' dir='ltr'><strong>in</strong></span> <span class='ocrx_word' id='word_1_461' title='bbox 2333 2390 2511 2443; x_wconf 89' lang='lat' dir='ltr'><strong>locum</strong></span> <span class='ocrx_word' id='word_1_462' title='bbox 2546 2389 2688 2442; x_wconf 66' lang='lat' dir='ltr'><strong>Petri</strong></span> <span class='ocrx_word' id='word_1_463' title='bbox 2725 2387 2908 2440; x_wconf 69' lang='lat' dir='ltr'><strong>fratris</strong></span> <span class='ocrx_word' id='word_1_464' title='bbox 2942 2386 3049 2445; x_wconf 90' lang='lat' dir='ltr'><strong>sui,</strong></span> <span class='ocrx_word' id='word_1_465' title='bbox 3077 2384 3436 2454; x_wconf 77' lang='lat' dir='ltr'><strong>ejusdemque</strong></span> 
     </span>
    </p>
   </div>
   <div class='ocr_carea' id='block_1_70' title="bbox 1865 2476 3435 2546">
    <p class='ocr_par' dir='ltr' id='par_1_70' title="bbox 1865 2476 3435 2546">
     <span class='ocr_line' id='line_1_70' title="bbox 1865 2476 3435 2546; baseline -0.006 -10"><span class='ocrx_word' id='word_1_466' title='bbox 1865 2483 2151 2536; x_wconf 77' lang='lat' dir='ltr'><strong>Athanasii</strong></span> <span class='ocrx_word' id='word_1_467' title='bbox 2187 2482 2549 2543; x_wconf 75' lang='lat' dir='ltr'><strong>successoris,</strong></span> <span class='ocrx_word' id='word_1_468' title='bbox 2578 2482 2911 2546; x_wconf 70' lang='lat' dir='ltr'><strong>subrogatus</strong></span> <span class='ocrx_word' id='word_1_469' title='bbox 2945 2478 3154 2540; x_wconf 77' lang='lat' dir='ltr'><strong>fuerat;</strong></span> <span class='ocrx_word' id='word_1_470' title='bbox 3189 2476 3435 2527; x_wconf 72' lang='lat' dir='ltr'><strong>Meletius</strong></span> 
     </span>
    </p>
   </div>
   <div class='ocr_carea' id='block_1_71' title="bbox 1868 2568 3434 2640">
    <p class='ocr_par' dir='ltr' id='par_1_71' title="bbox 1868 2568 3434 2640">
     <span class='ocr_line' id='line_1_71' title="bbox 1868 2568 3434 2640; baseline -0.008 -13"><span class='ocrx_word' id='word_1_471' title='bbox 1868 2576 2169 2627; x_wconf 58' lang='lat' dir='ltr'><strong>Antiochia:</strong></span> <span class='ocrx_word' id='word_1_472' title='bbox 2216 2576 2530 2640; x_wconf 73' lang='lat' dir='ltr'><strong>episcopus,</strong></span> <span class='ocrx_word' id='word_1_473' title='bbox 2566 2573 2657 2639; x_wconf 91' lang='lat' dir='ltr'><strong>qui</strong></span> <span class='ocrx_word' id='word_1_474' title='bbox 2713 2572 2923 2638; x_wconf 70' lang='lat' dir='ltr'><strong>pridem</strong></span> <span class='ocrx_word' id='word_1_475' title='bbox 2975 2568 3220 2635; x_wconf 75' lang='lat' dir='ltr'><strong>Gregorii</strong></span> <span class='ocrx_word' id='word_1_476' title='bbox 3272 2578 3434 2619; x_wconf 80' lang='lat' dir='ltr'><strong>causa</strong></span> 
     </span>
    </p>
   </div>
   <div class='ocr_carea' id='block_1_72' title="bbox 1865 2658 3436 2731">
    <p class='ocr_par' dir='ltr' id='par_1_72' title="bbox 1865 2658 3436 2731">
     <span class='ocr_line' id='line_1_72' title="bbox 1865 2658 3436 2731; baseline -0.007 -15"><span class='ocrx_word' id='word_1_477' title='bbox 1865 2662 2392 2731; x_wconf 80' lang='lat' dir='ltr'><strong>Constantinopolim</strong></span> <span class='ocrx_word' id='word_1_478' title='bbox 2420 2670 2641 2715; x_wconf 69' lang='lat' dir='ltr'><strong>venerat</strong></span> <span class='ocrx_word' id='word_1_479' title='bbox 2664 2678 2679 2714; x_wconf 78' lang='lat'><strong>2</strong></span> <span class='ocrx_word' id='word_1_480' title='bbox 2706 2671 2757 2713; x_wconf 78' lang='lat' dir='ltr'><strong>ct</strong></span> <span class='ocrx_word' id='word_1_481' title='bbox 2784 2659 3311 2729; x_wconf 82' lang='lat' dir='ltr'><strong>llierosolytnitanus</strong></span> <span class='ocrx_word' id='word_1_482' title='bbox 3334 2658 3436 2725; x_wconf 76' lang='lat' dir='ltr'><strong>(Zy—</strong></span> 
     </span>
    </p>
   </div>
   <div class='ocr_carea' id='block_1_73' title="bbox 1869 2754 3436 2824">
    <p class='ocr_par' dir='ltr' id='par_1_73' title="bbox 1869 2754 3436 2824">
     <span class='ocr_line' id='line_1_73' title="bbox 1869 2754 3436 2824; baseline -0.003 -15"><span class='ocrx_word' id='word_1_483' title='bbox 1869 2758 2049 2818; x_wconf 83' lang='lat' dir='ltr'><strong>rillus,</strong></span> <span class='ocrx_word' id='word_1_484' title='bbox 2076 2758 2167 2821; x_wconf 92' lang='lat' dir='ltr'><strong>qui</strong></span> <span class='ocrx_word' id='word_1_485' title='bbox 2196 2771 2319 2809; x_wconf 91' lang='lat' dir='ltr'><strong>cum</strong></span> <span class='ocrx_word' id='word_1_486' title='bbox 2350 2766 2511 2809; x_wconf 87' lang='lat' dir='ltr'><strong>antea</strong></span> <span class='ocrx_word' id='word_1_487' title='bbox 2540 2755 2837 2809; x_wconf 77' lang='lat' dir='ltr'><strong>Macedonii</strong></span> <span class='ocrx_word' id='word_1_488' title='bbox 2868 2754 3182 2824; x_wconf 87' lang='lat' dir='ltr'><strong>opinionem</strong></span> <span class='ocrx_word' id='word_1_489' title='bbox 3211 2762 3436 2807; x_wconf 78' lang='lat' dir='ltr'><strong>secutus</strong></span> 
     </span>
    </p>
   </div>
   <div class='ocr_carea' id='block_1_74' title="bbox 1869 2847 3434 2917">
    <p class='ocr_par' dir='ltr' id='par_1_74' title="bbox 1869 2847 3434 2917">
     <span class='ocr_line' id='line_1_74' title="bbox 1869 2847 3434 2917; baseline -0.003 -15"><span class='ocrx_word' id='word_1_490' title='bbox 1869 2849 2080 2911; x_wconf 67' lang='lat' dir='ltr'><strong>fu‘sset,</strong></span> <span class='ocrx_word' id='word_1_491' title='bbox 2116 2859 2226 2901; x_wconf 91' lang='lat' dir='ltr'><strong>tum</strong></span> <span class='ocrx_word' id='word_1_492' title='bbox 2260 2864 2353 2917; x_wconf 88' lang='lat' dir='ltr'><strong>per</strong></span> <span class='ocrx_word' id='word_1_493' title='bbox 2384 2848 2760 2914; x_wconf 73' lang='lat' dir='ltr'><strong>paenitentiam</strong></span> <span class='ocrx_word' id='word_1_494' title='bbox 2792 2847 3129 2914; x_wconf 86' lang='lat' dir='ltr'><strong>resipuerat;</strong></span> <span class='ocrx_word' id='word_1_495' title='bbox 3168 2855 3434 2914; x_wconf 67' lang='lat' dir='ltr'><strong>prmterca</strong></span> 
     </span>
    </p>
   </div>
   <div class='ocr_carea' id='block_1_75' title="bbox 1866 2936 3437 3003">
    <p class='ocr_par' dir='ltr' id='par_1_75' title="bbox 1866 2936 3437 3003">
     <span class='ocr_line' id='line_1_75' title="bbox 1866 2936 3437 3003; baseline -0.006 -9"><span class='ocrx_word' id='word_1_496' title='bbox 1866 2941 2161 2997; x_wconf 81' lang='lat' dir='ltr'><strong>Ascltolius</strong></span> <span class='ocrx_word' id='word_1_497' title='bbox 2196 2940 2624 3003; x_wconf 62' lang='lat' dir='ltr'><strong>Thessalonica»,</strong></span> <span class='ocrx_word' id='word_1_498' title='bbox 2654 2940 2927 2994; x_wconf 81' lang='lat' dir='ltr'><strong>Diodorus</strong></span> <span class='ocrx_word' id='word_1_499' title='bbox 2952 2938 3131 2999; x_wconf 81' lang='lat' dir='ltr'><strong>Tarsi,</strong></span> <span class='ocrx_word' id='word_1_500' title='bbox 3162 2946 3217 2989; x_wconf 90' lang='lat' dir='ltr'><strong>et</strong></span> <span class='ocrx_word' id='word_1_501' title='bbox 3248 2936 3437 2988; x_wconf 72' lang='lat' dir='ltr'><strong>claris-</strong></span> 
     </span>
    </p>
   </div>
   <div class='ocr_carea' id='block_1_76' title="bbox 1868 3029 3435 3099">
    <p class='ocr_par' dir='ltr' id='par_1_76' title="bbox 1868 3029 3435 3099">
     <span class='ocr_line' id='line_1_76' title="bbox 1868 3029 3435 3099; baseline -0.004 -15"><span class='ocrx_word' id='word_1_502' title='bbox 1868 3033 2043 3084; x_wconf 87' lang='lat' dir='ltr'><strong>simus</strong></span> <span class='ocrx_word' id='word_1_503' title='bbox 2098 3031 2188 3083; x_wconf 85' lang='lat' dir='ltr'><strong>ille</strong></span> <span class='ocrx_word' id='word_1_504' title='bbox 2246 3032 2478 3084; x_wconf 79' lang='lat' dir='ltr'><strong>Aeacius</strong></span> <span class='ocrx_word' id='word_1_505' title='bbox 2535 3031 2844 3094; x_wconf 67' lang='lat' dir='ltr'><strong>Bcrrltmaa,</strong></span> <span class='ocrx_word' id='word_1_506' title='bbox 2896 3029 3163 3099; x_wconf 78' lang='lat' dir='ltr'><strong>episcopi.</strong></span> <span class='ocrx_word' id='word_1_507' title='bbox 3198 3031 3250 3082; x_wconf 73' lang='grc' dir='ltr'><strong>Δ11</strong></span> <span class='ocrx_word' id='word_1_508' title='bbox 3302 3041 3435 3080; x_wconf 84' lang='lat' dir='ltr'><strong>sane</strong></span> 
     </span>
    </p>
   </div>
   <div class='ocr_carea' id='block_1_77' title="bbox 1870 3122 3432 3192">
    <p class='ocr_par' dir='ltr' id='par_1_77' title="bbox 1870 3122 3432 3192">
     <span class='ocr_line' id='line_1_77' title="bbox 1870 3122 3432 3192; baseline -0.002 -15"><span class='ocrx_word' id='word_1_509' title='bbox 1870 3138 2062 3178; x_wconf 91' lang='lat' dir='ltr'><strong>omnes</strong></span> <span class='ocrx_word' id='word_1_510' title='bbox 2088 3125 2139 3177; x_wconf 93' lang='lat' dir='ltr'><strong>in</strong></span> <span class='ocrx_word' id='word_1_511' title='bbox 2170 3123 2403 3177; x_wconf 61' lang='lat' dir='ltr'><strong>Nicasius</strong></span> <span class='ocrx_word' id='word_1_512' title='bbox 2429 3124 2666 3177; x_wconf 81' lang='lat' dir='ltr'><strong>decretis</strong></span> <span class='ocrx_word' id='word_1_513' title='bbox 2691 3122 3432 3192; x_wconf 37' lang='lat' dir='ltr'><strong>acquiescentenglcusium</strong></span> 
     </span>
    </p>
   </div>
   <div class='ocr_carea' id='block_1_78' title="bbox 1817 3203 3433 3286">
    <p class='ocr_par' dir='ltr' id='par_1_78' title="bbox 1817 3203 3433 3286">
     <span class='ocr_line' id='line_1_78' title="bbox 1817 3203 3433 3286; baseline -0.003 -15"><span class='ocrx_word' id='word_1_514' title='bbox 1817 3203 1829 3218; x_wconf 79' lang='grc'><strong>’</strong></span> <span class='ocrx_word' id='word_1_515' title='bbox 1862 3229 1914 3271; x_wconf 88' lang='lat' dir='ltr'><strong>et</strong></span> <span class='ocrx_word' id='word_1_516' title='bbox 1950 3217 2241 3286; x_wconf 81' lang='lat' dir='ltr'><strong>papulares</strong></span> <span class='ocrx_word' id='word_1_517' title='bbox 2264 3216 2379 3286; x_wconf 80' lang='lat' dir='ltr'><strong>ejus</strong></span> <span class='ocrx_word' id='word_1_518' title='bbox 2409 3218 2460 3269; x_wconf 91' lang='lat' dir='ltr'><strong>in</strong></span> <span class='ocrx_word' id='word_1_519' title='bbox 2490 3220 2815 3271; x_wconf 87' lang='lat' dir='ltr'><strong>sententiam</strong></span> <span class='ocrx_word' id='word_1_520' title='bbox 2845 3233 2997 3270; x_wconf 84' lang='lat' dir='ltr'><strong>suam</strong></span> <span class='ocrx_word' id='word_1_521' title='bbox 3030 3215 3305 3270; x_wconf 84' lang='lat' dir='ltr'><strong>adducere</strong></span> <span class='ocrx_word' id='word_1_522' title='bbox 3335 3230 3433 3268; x_wconf 88' lang='lat' dir='ltr'><strong>co-</strong></span> 
     </span>
    </p>
   </div>
   <div class='ocr_carea' id='block_1_79' title="bbox 1862 3309 3431 3378">
    <p class='ocr_par' dir='ltr' id='par_1_79' title="bbox 1862 3309 3431 3378">
     <span class='ocr_line' id='line_1_79' title="bbox 1862 3309 3431 3378; baseline -0.001 -16"><span class='ocrx_word' id='word_1_523' title='bbox 1862 3310 2134 3362; x_wconf 87' lang='lat' dir='ltr'><strong>nabantur</strong></span> <span class='ocrx_word' id='word_1_524' title='bbox 2163 3327 2177 3363; x_wconf 87' lang='lat'><strong>:</strong></span> <span class='ocrx_word' id='word_1_525' title='bbox 2210 3310 2263 3362; x_wconf 91' lang='lat' dir='ltr'><strong>in</strong></span> <span class='ocrx_word' id='word_1_526' title='bbox 2294 3310 2613 3361; x_wconf 70' lang='lat' dir='ltr'><strong>memoriam</strong></span> <span class='ocrx_word' id='word_1_527' title='bbox 2646 3310 2727 3363; x_wconf 90' lang='lat' dir='ltr'><strong>eis</strong></span> <span class='ocrx_word' id='word_1_528' title='bbox 2778 3311 3121 3378; x_wconf 80' lang='lat' dir='ltr'><strong>redigentes,</strong></span> <span class='ocrx_word' id='word_1_529' title='bbox 3169 3326 3330 3378; x_wconf 88' lang='lat' dir='ltr'><strong>quam</strong></span> <span class='ocrx_word' id='word_1_530' title='bbox 3365 3309 3431 3361; x_wconf 88' lang='lat' dir='ltr'><strong>ad</strong></span> 
     </span>
    </p>
   </div>
   <div class='ocr_carea' id='block_1_80' title="bbox 1861 3400 3433 3470">
    <p class='ocr_par' dir='ltr' id='par_1_80' title="bbox 1861 3400 3433 3470">
     <span class='ocr_line' id='line_1_80' title="bbox 1861 3400 3433 3470; baseline -0.002 -16"><span class='ocrx_word' id='word_1_531' title='bbox 1861 3400 2141 3454; x_wconf 83' lang='lat' dir='ltr'><strong>Liberium</strong></span> <span class='ocrx_word' id='word_1_532' title='bbox 2192 3402 2455 3455; x_wconf 88' lang='lat' dir='ltr'><strong>miserant</strong></span> <span class='ocrx_word' id='word_1_533' title='bbox 2494 3403 2846 3466; x_wconf 78' lang='lat' dir='ltr'><strong>legationem,</strong></span> <span class='ocrx_word' id='word_1_534' title='bbox 2875 3403 2927 3454; x_wconf 88' lang='lat' dir='ltr'><strong>in</strong></span> <span class='ocrx_word' id='word_1_535' title='bbox 2962 3418 3067 3470; x_wconf 88' lang='lat' dir='ltr'><strong>qua</strong></span> <span class='ocrx_word' id='word_1_536' title='bbox 3106 3418 3200 3468; x_wconf 90' lang='lat' dir='ltr'><strong>per</strong></span> <span class='ocrx_word' id='word_1_537' title='bbox 3236 3402 3433 3454; x_wconf 79' lang='lat' dir='ltr'><strong>Eusta-</strong></span> 
     </span>
    </p>
   </div>
   <div class='ocr_carea' id='block_1_81' title="bbox 1862 3491 3430 3563">
    <p class='ocr_par' dir='ltr' id='par_1_81' title="bbox 1862 3491 3430 3563">
     <span class='ocr_line' id='line_1_81' title="bbox 1862 3491 3430 3563; baseline 0.003 -19"><span class='ocrx_word' id='word_1_538' title='bbox 1862 3493 2074 3556; x_wconf 90' lang='lat' dir='ltr'><strong>thium,</strong></span> <span class='ocrx_word' id='word_1_539' title='bbox 2124 3491 2453 3563; x_wconf 82' lang='lat' dir='ltr'><strong>Sylvanum,</strong></span> <span class='ocrx_word' id='word_1_540' title='bbox 2504 3504 2559 3549; x_wconf 89' lang='lat' dir='ltr'><strong>et</strong></span> <span class='ocrx_word' id='word_1_541' title='bbox 2606 3494 3011 3562; x_wconf 89' lang='lat' dir='ltr'><strong>Theophilum,</strong></span> <span class='ocrx_word' id='word_1_542' title='bbox 3052 3510 3110 3549; x_wconf 88' lang='lat' dir='ltr'><strong>se</strong></span> <span class='ocrx_word' id='word_1_543' title='bbox 3154 3494 3430 3549; x_wconf 71' lang='lat' dir='ltr'><strong>Nicaamun</strong></span> 
     </span>
    </p>
   </div>
   <div class='ocr_carea' id='block_1_82' title="bbox 1862 3582 3429 3662">
    <p class='ocr_par' dir='ltr' id='par_1_82' title="bbox 1862 3582 3429 3662">
     <span class='ocr_line' id='line_1_82' title="bbox 1862 3582 3429 3662; baseline 0.002 -26"><span class='ocrx_word' id='word_1_544' title='bbox 1862 3582 2022 3637; x_wconf 76' lang='lat' dir='ltr'><strong>(idem</strong></span> <span class='ocrx_word' id='word_1_545' title='bbox 2069 3595 2362 3662; x_wconf 77' lang='lat' dir='ltr'><strong>secuturos</strong></span> <span class='ocrx_word' id='word_1_546' title='bbox 2416 3587 2749 3654; x_wconf 72' lang='lat' dir='ltr'><strong>receperint.</strong></span> <span class='ocrx_word' id='word_1_547' title='bbox 2803 3586 2966 3655; x_wconf 78' lang='lat'><strong>239</strong></span> <span class='ocrx_word' id='word_1_548' title='bbox 3027 3587 3163 3640; x_wconf 89' lang='lat' dir='ltr'><strong>Tum</strong></span> <span class='ocrx_word' id='word_1_549' title='bbox 3212 3596 3429 3648; x_wconf 84' lang='lat' dir='ltr'><strong>autent.</strong></span> 
     </span>
    </p>
   </div>
   <div class='ocr_carea' id='block_1_83' title="bbox 1858 3666 3429 3747">
    <p class='ocr_par' dir='ltr' id='par_1_83' title="bbox 1858 3666 3429 3747">
     <span class='ocr_line' id='line_1_83' title="bbox 1858 3666 3429 3747; baseline -0.001 -18"><span class='ocrx_word' id='word_1_550' title='bbox 1858 3678 2002 3743; x_wconf 87' lang='lat' dir='ltr'><strong>quod</strong></span> <span class='ocrx_word' id='word_1_551' title='bbox 2047 3693 2141 3731; x_wconf 84' lang='lat' dir='ltr'><strong>sua</strong></span> <span class='ocrx_word' id='word_1_552' title='bbox 2185 3678 2425 3739; x_wconf 87' lang='lat' dir='ltr'><strong>ipsorum</strong></span> <span class='ocrx_word' id='word_1_553' title='bbox 2458 3678 2759 3741; x_wconf 76' lang='lat' dir='ltr'><strong>voluntate,</strong></span> <span class='ocrx_word' id='word_1_554' title='bbox 2796 3678 2956 3746; x_wconf 80' lang='lat' dir='ltr'><strong>longo</strong></span> <span class='ocrx_word' id='word_1_555' title='bbox 2990 3688 3235 3747; x_wconf 90' lang='lat' dir='ltr'><strong>tempore</strong></span> <span class='ocrx_word' id='word_1_556' title='bbox 3267 3695 3325 3731; x_wconf 83' lang='lat' dir='ltr'><strong>se</strong></span> <span class='ocrx_word' id='word_1_557' title='bbox 3360 3666 3429 3731; x_wconf 77' lang='lat' dir='ltr'><strong>alt</strong></span> 
     </span>
    </p>
   </div>
   <div class='ocr_carea' id='block_1_84' title="bbox 1857 3762 3430 3837">
    <p class='ocr_par' dir='ltr' id='par_1_84' title="bbox 1857 3762 3430 3837">
     <span class='ocr_line' id='line_1_84' title="bbox 1857 3762 3430 3837; baseline -0.001 -14"><span class='ocrx_word' id='word_1_558' title='bbox 1857 3783 2050 3823; x_wconf 88' lang='lat' dir='ltr'><strong>eorum</strong></span> <span class='ocrx_word' id='word_1_559' title='bbox 2088 3769 2475 3822; x_wconf 86' lang='lat' dir='ltr'><strong>communione</strong></span> <span class='ocrx_word' id='word_1_560' title='bbox 2510 3785 2619 3822; x_wconf 90' lang='lat' dir='ltr'><strong>non</strong></span> <span class='ocrx_word' id='word_1_561' title='bbox 2656 3778 3038 3837; x_wconf 76' lang='lat' dir='ltr'><strong>segregassent</strong></span> <span class='ocrx_word' id='word_1_562' title='bbox 3073 3785 3086 3822; x_wconf 88' lang='lat'><strong>:</strong></span> <span class='ocrx_word' id='word_1_563' title='bbox 3132 3784 3239 3823; x_wconf 91' lang='lat' dir='ltr'><strong>non</strong></span> <span class='ocrx_word' id='word_1_564' title='bbox 3283 3762 3430 3823; x_wconf 78' lang='lat' dir='ltr'><strong>recte</strong></span> 
     </span>
    </p>
   </div>
   <div class='ocr_carea' id='block_1_85' title="bbox 1857 3856 3431 3926">
    <p class='ocr_par' dir='ltr' id='par_1_85' title="bbox 1857 3856 3431 3926">
     <span class='ocr_line' id='line_1_85' title="bbox 1857 3856 3431 3926; baseline 0.001 -15"><span class='ocrx_word' id='word_1_565' title='bbox 1857 3873 1955 3911; x_wconf 85' lang='lat' dir='ltr'><strong>eos</strong></span> <span class='ocrx_word' id='word_1_566' title='bbox 1977 3858 2156 3911; x_wconf 76' lang='lat' dir='ltr'><strong>facere</strong></span> <span class='ocrx_word' id='word_1_567' title='bbox 2188 3858 2457 3919; x_wconf 88' lang='lat' dir='ltr'><strong>dicentes,</strong></span> <span class='ocrx_word' id='word_1_568' title='bbox 2486 3872 2608 3909; x_wconf 91' lang='lat' dir='ltr'><strong>cum</strong></span> <span class='ocrx_word' id='word_1_569' title='bbox 2639 3857 2807 3909; x_wconf 84' lang='lat' dir='ltr'><strong>semel</strong></span> <span class='ocrx_word' id='word_1_570' title='bbox 2844 3856 3203 3926; x_wconf 80' lang='lat' dir='ltr'><strong>ﬂagrantibus</strong></span> <span class='ocrx_word' id='word_1_571' title='bbox 3231 3861 3431 3914; x_wconf 83' lang='lat' dir='ltr'><strong>animis</strong></span> 
     </span>
    </p>
   </div>
   <div class='ocr_carea' id='block_1_86' title="bbox 1856 3948 3429 4018">
    <p class='ocr_par' dir='ltr' id='par_1_86' title="bbox 1856 3948 3429 4018">
     <span class='ocr_line' id='line_1_86' title="bbox 1856 3948 3429 4018; baseline 0.004 -15"><span class='ocrx_word' id='word_1_572' title='bbox 1856 3949 2103 4003; x_wconf 85' lang='lat' dir='ltr'><strong>eamdem</strong></span> <span class='ocrx_word' id='word_1_573' title='bbox 2138 3963 2260 4002; x_wconf 90' lang='lat' dir='ltr'><strong>cum</strong></span> <span class='ocrx_word' id='word_1_574' title='bbox 2295 3948 2377 4001; x_wconf 87' lang='lat' dir='ltr'><strong>eis</strong></span> <span class='ocrx_word' id='word_1_575' title='bbox 2406 3948 2565 4002; x_wconf 73' lang='lat' dir='ltr'><strong>ﬁdem</strong></span> <span class='ocrx_word' id='word_1_576' title='bbox 2596 3950 2960 4018; x_wconf 83' lang='lat' dir='ltr'><strong>susceperint.</strong></span> <span class='ocrx_word' id='word_1_577' title='bbox 2990 3951 3135 4018; x_wconf 89' lang='lat' dir='ltr'><strong>quod</strong></span> <span class='ocrx_word' id='word_1_578' title='bbox 3168 3952 3240 4005; x_wconf 83' lang='lat' dir='ltr'><strong>ita</strong></span> <span class='ocrx_word' id='word_1_579' title='bbox 3278 3964 3429 4009; x_wconf 84' lang='lat' dir='ltr'><strong>reete</strong></span> 
     </span>
    </p>
   </div>
   <div class='ocr_carea' id='block_1_87' title="bbox 1857 4038 3426 4108">
    <p class='ocr_par' dir='ltr' id='par_1_87' title="bbox 1857 4038 3426 4108">
     <span class='ocr_line' id='line_1_87' title="bbox 1857 4038 3426 4108; baseline 0.003 -16"><span class='ocrx_word' id='word_1_580' title='bbox 1857 4039 1923 4092; x_wconf 87' lang='lat' dir='ltr'><strong>ab</strong></span> <span class='ocrx_word' id='word_1_581' title='bbox 1971 4053 2051 4092; x_wconf 81' lang='lat' dir='ltr'><strong>eis</strong></span> <span class='ocrx_word' id='word_1_582' title='bbox 2094 4038 2391 4092; x_wconf 86' lang='lat' dir='ltr'><strong>constituta</strong></span> <span class='ocrx_word' id='word_1_583' title='bbox 2428 4054 2649 4093; x_wconf 88' lang='lat' dir='ltr'><strong>rursum</strong></span> <span class='ocrx_word' id='word_1_584' title='bbox 2699 4040 3072 4108; x_wconf 84' lang='lat' dir='ltr'><strong>antiquarent.</strong></span> <span class='ocrx_word' id='word_1_585' title='bbox 3114 4042 3183 4096; x_wconf 82' lang='lat' dir='ltr'><strong>At</strong></span> <span class='ocrx_word' id='word_1_586' title='bbox 3216 4042 3290 4096; x_wconf 92' lang='lat' dir='ltr'><strong>illi</strong></span> <span class='ocrx_word' id='word_1_587' title='bbox 3330 4060 3426 4099; x_wconf 85' lang='lat' dir='ltr'><strong>co-</strong></span> 
     </span>
    </p>
   </div>
   <div class='ocr_carea' id='block_1_88' title="bbox 1856 4126 3423 4201">
    <p class='ocr_par' dir='ltr' id='par_1_88' title="bbox 1856 4126 3423 4201">
     <span class='ocr_line' id='line_1_88' title="bbox 1856 4126 3423 4201; baseline 0.006 -23"><span class='ocrx_word' id='word_1_588' title='bbox 1856 4126 2172 4180; x_wconf 87' lang='lat' dir='ltr'><strong>hortatione</strong></span> <span class='ocrx_word' id='word_1_589' title='bbox 2209 4127 2301 4181; x_wconf 89' lang='lat' dir='ltr'><strong>tali</strong></span> <span class='ocrx_word' id='word_1_590' title='bbox 2342 4140 2545 4194; x_wconf 89' lang='lat' dir='ltr'><strong>spreta,</strong></span> <span class='ocrx_word' id='word_1_591' title='bbox 2576 4145 2700 4183; x_wconf 89' lang='lat' dir='ltr'><strong>cum</strong></span> <span class='ocrx_word' id='word_1_592' title='bbox 2737 4141 2925 4199; x_wconf 84' lang='lat' dir='ltr'><strong>aperte</strong></span> <span class='ocrx_word' id='word_1_593' title='bbox 2958 4133 3073 4186; x_wconf 83' lang='lat' dir='ltr'><strong>Arii</strong></span> <span class='ocrx_word' id='word_1_594' title='bbox 3108 4134 3423 4201; x_wconf 81' lang='lat' dir='ltr'><strong>Opinionem</strong></span> 
     </span>
    </p>
   </div>
   <div class='ocr_carea' id='block_1_89' title="bbox 1852 4216 3427 4293">
    <p class='ocr_par' dir='ltr' id='par_1_89' title="bbox 1852 4216 3427 4293">
     <span class='ocr_line' id='line_1_89' title="bbox 1852 4216 3427 4293; baseline 0.008 -23"><span class='ocrx_word' id='word_1_595' title='bbox 1852 4216 2058 4288; x_wconf 73' lang='lat' dir='ltr'><strong>judicio</strong></span> <span class='ocrx_word' id='word_1_596' title='bbox 2089 4232 2189 4271; x_wconf 89' lang='lat' dir='ltr'><strong>suo</strong></span> <span class='ocrx_word' id='word_1_597' title='bbox 2225 4218 2507 4275; x_wconf 87' lang='lat' dir='ltr'><strong>meliorem</strong></span> <span class='ocrx_word' id='word_1_598' title='bbox 2541 4223 2780 4286; x_wconf 87' lang='lat' dir='ltr'><strong>censeri,</strong></span> <span class='ocrx_word' id='word_1_599' title='bbox 2816 4237 2993 4292; x_wconf 90' lang='lat' dir='ltr'><strong>neque</strong></span> <span class='ocrx_word' id='word_1_600' title='bbox 3024 4240 3265 4293; x_wconf 77' lang='lat' dir='ltr'><strong>unquam</strong></span> <span class='ocrx_word' id='word_1_601' title='bbox 3304 4226 3427 4282; x_wconf 79' lang='lat' dir='ltr'><strong>fore</strong></span> 
     </span>
    </p>
   </div>
   <div class='ocr_carea' id='block_1_90' title="bbox 1855 4308 3424 4383">
    <p class='ocr_par' dir='ltr' id='par_1_90' title="bbox 1855 4308 3424 4383">
     <span class='ocr_line' id='line_1_90' title="bbox 1855 4308 3424 4383; baseline 0.006 -20"><span class='ocrx_word' id='word_1_602' title='bbox 1855 4318 1915 4363; x_wconf 89' lang='lat' dir='ltr'><strong>ut</strong></span> <span class='ocrx_word' id='word_1_603' title='bbox 1957 4308 2101 4363; x_wconf 81' lang='lat' dir='ltr'><strong>Patri</strong></span> <span class='ocrx_word' id='word_1_604' title='bbox 2126 4309 2323 4364; x_wconf 84' lang='lat' dir='ltr'><strong>Filium</strong></span> <span class='ocrx_word' id='word_1_605' title='bbox 2365 4311 2673 4378; x_wconf 77' lang='grc' dir='ltr'>όμοούσιον,</span> <span class='ocrx_word' id='word_1_606' title='bbox 2716 4315 3271 4383; x_wconf 84' lang='lat' dir='ltr'><strong>consubstantialem,</strong></span> <span class='ocrx_word' id='word_1_607' title='bbox 3301 4334 3424 4373; x_wconf 79' lang='lat' dir='ltr'><strong>esse</strong></span> 
     </span>
    </p>
   </div>
   <div class='ocr_carea' id='block_1_91' title="bbox 1856 4399 3423 4476">
    <p class='ocr_par' dir='ltr' id='par_1_91' title="bbox 1856 4399 3423 4476">
     <span class='ocr_line' id='line_1_91' title="bbox 1856 4399 3423 4476; baseline 0.006 -23"><span class='ocrx_word' id='word_1_608' title='bbox 1856 4399 2181 4465; x_wconf 77' lang='lat' dir='ltr'><strong>faterentur,</strong></span> <span class='ocrx_word' id='word_1_609' title='bbox 2226 4403 2479 4470; x_wconf 86' lang='lat' dir='ltr'><strong>quamvis</strong></span> <span class='ocrx_word' id='word_1_610' title='bbox 2514 4403 2672 4458; x_wconf 83' lang='lat' dir='ltr'><strong>aliter</strong></span> <span class='ocrx_word' id='word_1_611' title='bbox 2703 4404 2922 4460; x_wconf 88' lang='lat' dir='ltr'><strong>Liberio</strong></span> <span class='ocrx_word' id='word_1_612' title='bbox 2956 4407 3183 4476; x_wconf 87' lang='lat' dir='ltr'><strong>polliciti</strong></span> <span class='ocrx_word' id='word_1_613' title='bbox 3216 4420 3423 4475; x_wconf 77' lang='lat' dir='ltr'><strong>essent,</strong></span> 
     </span>
    </p>
   </div>
   <div class='ocr_carea' id='block_1_92' title="bbox 170 4488 1859 4572">
    <p class='ocr_par' dir='ltr' id='par_1_92' title="bbox 170 4488 1859 4566">
     <span class='ocr_line' id='line_1_92' title="bbox 170 4488 1859 4566; baseline 0.005 -25"><span class='ocrx_word' id='word_1_614' title='bbox 170 4490 275 4557; x_wconf 81' lang='grc' dir='ltr'>τῆς</span> <span class='ocrx_word' id='word_1_615' title='bbox 311 4488 547 4542; x_wconf 83' lang='grc' dir='ltr'>καθόλου</span> <span class='ocrx_word' id='word_1_616' title='bbox 599 4490 925 4554; x_wconf 87' lang='grc' dir='ltr'>Ἐκκλησίας</span> <span class='ocrx_word' id='word_1_617' title='bbox 960 4494 1364 4561; x_wconf 76' lang='grc' dir='ltr'>ἐπιμείναντες,</span> <span class='ocrx_word' id='word_1_618' title='bbox 1396 4498 1523 4565; x_wconf 79' lang='grc' dir='ltr'>περὶ</span> <span class='ocrx_word' id='word_1_619' title='bbox 1564 4514 1748 4566; x_wconf 81' lang='grc' dir='ltr'>χειρο-</span> <span class='ocrx_word' id='word_1_620' title='bbox 1782 4504 1824 4556; x_wconf 83' lang='grc'><strong>1)</strong></span> <span class='ocrx_word' id='word_1_621' title='bbox 1854 4515 1859 4542; x_wconf 77' lang='grc'>‹</span> 
     </span>
    </p>
   </div>
   <div class='ocr_carea' id='block_1_93' title="bbox 1732 4488 3421 4572">
    <p class='ocr_par' dir='ltr' id='par_1_93' title="bbox 1732 4494 3421 4572">
     <span class='ocr_line' id='line_1_93' title="bbox 1732 4494 3421 4572; baseline 0.01 -33"><span class='ocrx_word' id='word_1_622' title='bbox 1732 4527 1748 4539; x_wconf 97' lang='grc'>.</span> <span class='ocrx_word' id='word_1_623' title='bbox 1782 4504 1824 4556; x_wconf 76' lang='grc' dir='ltr'><strong>ι)</strong></span> <span class='ocrx_word' id='word_1_624' title='bbox 1854 4494 2145 4558; x_wconf 77' lang='lat' dir='ltr'><strong>dixissent,</strong></span> <span class='ocrx_word' id='word_1_625' title='bbox 2185 4496 2560 4550; x_wconf 79' lang='lat' dir='ltr'><strong>discesserunt</strong></span> <span class='ocrx_word' id='word_1_626' title='bbox 2588 4514 2601 4549; x_wconf 91' lang='lat'><strong>:</strong></span> <span class='ocrx_word' id='word_1_627' title='bbox 2632 4509 2687 4552; x_wconf 90' lang='lat' dir='ltr'><strong>et</strong></span> <span class='ocrx_word' id='word_1_628' title='bbox 2718 4498 2782 4552; x_wconf 89' lang='lat' dir='ltr'><strong>ad</strong></span> <span class='ocrx_word' id='word_1_629' title='bbox 2821 4500 3072 4555; x_wconf 81' lang='lat' dir='ltr'><strong>factionis</strong></span> <span class='ocrx_word' id='word_1_630' title='bbox 3107 4517 3218 4556; x_wconf 70' lang='lat' dir='ltr'><strong>sua:</strong></span> <span class='ocrx_word' id='word_1_631' title='bbox 3247 4518 3421 4572; x_wconf 89' lang='lat' dir='ltr'><strong>popu-</strong></span> 
     </span>
    </p>
   </div>
   <div class='ocr_carea' id='block_1_94' title="bbox 170 4582 1752 4658">
    <p class='ocr_par' dir='ltr' id='par_1_94' title="bbox 170 4582 1752 4658">
     <span class='ocr_line' id='line_1_94' title="bbox 170 4582 1752 4658; baseline 0.006 -25"><span class='ocrx_word' id='word_1_632' title='bbox 170 4582 363 4643; x_wconf 84' lang='grc' dir='ltr'>τονίας</span> <span class='ocrx_word' id='word_1_633' title='bbox 398 4582 700 4633; x_wconf 69' lang='grc' dir='ltr'>ἐπισκόπου</span> <span class='ocrx_word' id='word_1_634' title='bbox 748 4585 811 4653; x_wconf 79' lang='grc' dir='ltr'>τῇ</span> <span class='ocrx_word' id='word_1_635' title='bbox 854 4585 1269 4638; x_wconf 82' lang='grc' dir='ltr'>Κωνσταντίνου</span> <span class='ocrx_word' id='word_1_636' title='bbox 1315 4586 1511 4658; x_wconf 71' lang='grc' dir='ltr'>βουλὴν</span> <span class='ocrx_word' id='word_1_637' title='bbox 1538 4590 1752 4644; x_wconf 84' lang='grc' dir='ltr'>διεσκέ-</span> 
     </span>
    </p>
   </div>
   <div class='ocr_carea' id='block_1_95' title="bbox 172 4673 1749 4747">
    <p class='ocr_par' dir='ltr' id='par_1_95' title="bbox 172 4673 1749 4747">
     <span class='ocr_line' id='line_1_95' title="bbox 172 4673 1749 4747; baseline 0.008 -24"><span class='ocrx_word' id='word_1_638' title='bbox 172 4673 645 4739; x_wconf 82' lang='grc' dir='ltr'>πτοντο.’Λέγεται</span> <span class='ocrx_word' id='word_1_639' title='bbox 668 4673 723 4726; x_wconf 80' lang='grc' dir='ltr'>δὲ</span> <span class='ocrx_word' id='word_1_640' title='bbox 751 4677 843 4728; x_wconf 81' lang='grc' dir='ltr'>τὸν</span> <span class='ocrx_word' id='word_1_641' title='bbox 876 4675 1100 4745; x_wconf 78' lang='grc' dir='ltr'>βασιλέα</span> <span class='ocrx_word' id='word_1_642' title='bbox 1126 4677 1211 4731; x_wconf 67' lang='grc' dir='ltr'><strong>διὰ</strong></span> <span class='ocrx_word' id='word_1_643' title='bbox 1237 4676 1515 4747; x_wconf 87' lang='grc' dir='ltr'>θαύματος</span> <span class='ocrx_word' id='word_1_644' title='bbox 1533 4681 1676 4734; x_wconf 80' lang='grc' dir='ltr'>κατά</span> <span class='ocrx_word' id='word_1_645' title='bbox 1693 4700 1749 4735; x_wconf 82' lang='grc' dir='ltr'><strong>τε</strong></span> 
     </span>
    </p>
   </div>
   <div class='ocr_carea' id='block_1_96' title="bbox 172 4763 1748 4842">
    <p class='ocr_par' dir='ltr' id='par_1_96' title="bbox 172 4763 1748 4842">
     <span class='ocr_line' id='line_1_96' title="bbox 172 4763 1748 4842; baseline 0.006 -26"><span class='ocrx_word' id='word_1_646' title='bbox 172 4765 289 4827; x_wconf 83' lang='grc' dir='ltr'>βίον</span> <span class='ocrx_word' id='word_1_647' title='bbox 322 4763 416 4816; x_wconf 71' lang='grc' dir='ltr'><strong>καὶ</strong></span> <span class='ocrx_word' id='word_1_648' title='bbox 429 4763 603 4833; x_wconf 73' lang='grc' dir='ltr'>λόγων</span> <span class='ocrx_word' id='word_1_649' title='bbox 624 4767 948 4830; x_wconf 83' lang='grc' dir='ltr'>περιουσίαν</span> <span class='ocrx_word' id='word_1_650' title='bbox 980 4768 1304 4837; x_wconf 87' lang='grc' dir='ltr'>ποιούμενον</span> <span class='ocrx_word' id='word_1_651' title='bbox 1323 4770 1418 4824; x_wconf 83' lang='grc' dir='ltr'>τὸν</span> <span class='ocrx_word' id='word_1_652' title='bbox 1431 4772 1748 4842; x_wconf 84' lang='grc' dir='ltr'>Γρηγόριον,</span> 
     </span>
    </p>
   </div>
   <div class='ocr_carea' id='block_1_97' title="bbox 169 4858 1753 4936">
    <p class='ocr_par' dir='ltr' id='par_1_97' title="bbox 169 4858 1753 4936">
     <span class='ocr_line' id='line_1_97' title="bbox 169 4858 1753 4936; baseline 0.004 -25"><span class='ocrx_word' id='word_1_653' title='bbox 169 4860 388 4911; x_wconf 78' lang='grc' dir='ltr'>ὲκείνον</span> <span class='ocrx_word' id='word_1_654' title='bbox 409 4858 628 4928; x_wconf 83' lang='grc' dir='ltr'>πρῶτον</span> <span class='ocrx_word' id='word_1_655' title='bbox 641 4860 792 4923; x_wconf 77' lang='grc' dir='ltr'>ἀξιον</span> <span class='ocrx_word' id='word_1_656' title='bbox 810 4860 906 4930; x_wconf 82' lang='grc' dir='ltr'><strong>τῆς</strong></span> <span class='ocrx_word' id='word_1_657' title='bbox 921 4862 1188 4932; x_wconf 86' lang='grc' dir='ltr'>καθέδρας</span> <span class='ocrx_word' id='word_1_658' title='bbox 1209 4864 1552 4933; x_wconf 77' lang='grc' dir='ltr'>ψηφίσασθαι</span> <span class='ocrx_word' id='word_1_659' title='bbox 1572 4883 1585 4898; x_wconf 87' lang='grc'><strong>·</strong></span> <span class='ocrx_word' id='word_1_660' title='bbox 1614 4885 1753 4936; x_wconf 85' lang='grc' dir='ltr'>συμ-</span> 
     </span>
    </p>
   </div>
   <div class='ocr_carea' id='block_1_98' title="bbox 168 4946 1751 5026">
    <p class='ocr_par' dir='ltr' id='par_1_98' title="bbox 168 4946 1751 5026">
     <span class='ocr_line' id='line_1_98' title="bbox 168 4946 1751 5026; baseline 0.008 -29"><span class='ocrx_word' id='word_1_661' title='bbox 168 4949 395 5017; x_wconf 73' lang='grc' dir='ltr'>ψήφους</span> <span class='ocrx_word' id='word_1_662' title='bbox 408 4946 463 4999; x_wconf 80' lang='grc' dir='ltr'>δὲ</span> <span class='ocrx_word' id='word_1_663' title='bbox 482 4947 578 5000; x_wconf 79' lang='grc' dir='ltr'>καὶ</span> <span class='ocrx_word' id='word_1_664' title='bbox 607 4948 707 5019; x_wconf 80' lang='grc' dir='ltr'>τὴν</span> <span class='ocrx_word' id='word_1_665' title='bbox 730 4949 949 5004; x_wconf 87' lang='grc' dir='ltr'>σύνοδον</span> <span class='ocrx_word' id='word_1_666' title='bbox 976 4952 1120 5021; x_wconf 81' lang='grc' dir='ltr'>μάλα</span> <span class='ocrx_word' id='word_1_667' title='bbox 1138 4955 1414 5021; x_wconf 77' lang='grc' dir='ltr'>γενέσθαι,</span> <span class='ocrx_word' id='word_1_668' title='bbox 1434 4958 1531 5026; x_wconf 83' lang='grc' dir='ltr'>τῆς</span> <span class='ocrx_word' id='word_1_669' title='bbox 1547 4959 1751 5025; x_wconf 82' lang='grc' dir='ltr'>ἀρετῆς</span> 
     </span>
    </p>
   </div>
   <div class='ocr_carea' id='block_1_99' title="bbox 170 5036 1751 5119">
    <p class='ocr_par' dir='ltr' id='par_1_99' title="bbox 170 5036 1751 5119">
     <span class='ocr_line' id='line_1_99' title="bbox 170 5036 1751 5119; baseline 0.004 -24"><span class='ocrx_word' id='word_1_670' title='bbox 170 5040 534 5110; x_wconf 74' lang='grc' dir='ltr'>αἰδουμένους</span> <span class='ocrx_word' id='word_1_671' title='bbox 561 5041 653 5094; x_wconf 83' lang='grc' dir='ltr'>τὸν</span> <span class='ocrx_word' id='word_1_672' title='bbox 693 5041 887 5112; x_wconf 75' lang='grc' dir='ltr'>ἄνδρα.</span> <span class='ocrx_word' id='word_1_673' title='bbox 904 5036 1170 5098; x_wconf 55' lang='grc' dir='ltr'>’Μάλιστα</span> <span class='ocrx_word' id='word_1_674' title='bbox 1198 5047 1255 5101; x_wconf 78' lang='grc' dir='ltr'>δὲ</span> <span class='ocrx_word' id='word_1_675' title='bbox 1275 5048 1492 5101; x_wconf 83' lang='grc' dir='ltr'>πάντων</span> <span class='ocrx_word' id='word_1_676' title='bbox 1509 5049 1584 5118; x_wconf 86' lang='grc' dir='ltr'><strong>τῷ</strong></span> <span class='ocrx_word' id='word_1_677' title='bbox 1624 5052 1751 5119; x_wconf 81' lang='grc' dir='ltr'>θείῳ</span> 
     </span>
    </p>
   </div>
   <div class='ocr_carea' id='block_1_100' title="bbox 171 5132 1752 5208">
    <p class='ocr_par' dir='ltr' id='par_1_100' title="bbox 171 5132 1752 5208">
     <span class='ocr_line' id='line_1_100' title="bbox 171 5132 1752 5208; baseline 0 -20"><span class='ocrx_word' id='word_1_678' title='bbox 171 5134 426 5202; x_wconf 84' lang='grc' dir='ltr'>Μελετίῳ</span> <span class='ocrx_word' id='word_1_679' title='bbox 447 5132 558 5186; x_wconf 80' lang='grc' dir='ltr'>δεῖν</span> <span class='ocrx_word' id='word_1_680' title='bbox 583 5134 761 5186; x_wconf 75' lang='grc' dir='ltr'>ἐδόκει</span> <span class='ocrx_word' id='word_1_681' title='bbox 788 5134 864 5204; x_wconf 86' lang='grc' dir='ltr'>τῷ</span> <span class='ocrx_word' id='word_1_682' title='bbox 890 5135 1177 5207; x_wconf 85' lang='grc' dir='ltr'>Γρηγορίῳ</span> <span class='ocrx_word' id='word_1_683' title='bbox 1210 5139 1309 5208; x_wconf 79' lang='grc' dir='ltr'>τὴν</span> <span class='ocrx_word' id='word_1_684' title='bbox 1337 5142 1443 5208; x_wconf 79' lang='grc' dir='ltr'>τῆς</span> <span class='ocrx_word' id='word_1_685' title='bbox 1465 5143 1752 5195; x_wconf 79' lang='grc' dir='ltr'>Κωνσταν-</span> 
     </span>
    </p>
   </div>
   <div class='ocr_carea' id='block_1_101' title="bbox 171 5224 1750 5303">
    <p class='ocr_par' dir='ltr' id='par_1_101' title="bbox 171 5224 1750 5303">
     <span class='ocr_line' id='line_1_101' title="bbox 171 5224 1750 5303; baseline 0.006 -26"><span class='ocrx_word' id='word_1_686' title='bbox 171 5226 327 5277; x_wconf 80' lang='grc' dir='ltr'>τίνου</span> <span class='ocrx_word' id='word_1_687' title='bbox 351 5224 656 5295; x_wconf 75' lang='grc' dir='ltr'>ἐπισκοπὴν</span> <span class='ocrx_word' id='word_1_688' title='bbox 688 5224 966 5295; x_wconf 79' lang='grc' dir='ltr'>βεϐαιοῦν.</span> <span class='ocrx_word' id='word_1_689' title='bbox 1011 5229 1099 5281; x_wconf 87' lang='grc' dir='ltr'>Ἐν</span> <span class='ocrx_word' id='word_1_690' title='bbox 1128 5231 1369 5302; x_wconf 83' lang='grc' dir='ltr'>δευτέρῳ</span> <span class='ocrx_word' id='word_1_691' title='bbox 1399 5234 1506 5302; x_wconf 77' lang='grc' dir='ltr'><strong>γὰρ</strong></span> <span class='ocrx_word' id='word_1_692' title='bbox 1539 5234 1629 5287; x_wconf 80' lang='grc' dir='ltr'><strong>τὸν</strong></span> <span class='ocrx_word' id='word_1_693' title='bbox 1653 5236 1750 5303; x_wconf 82' lang='grc' dir='ltr'>τῆς</span> 
     </span>
    </p>
   </div>
   <div class='ocr_carea' id='block_1_102' title="bbox 177 5317 1748 5398">
    <p class='ocr_par' dir='ltr' id='par_1_102' title="bbox 177 5317 1748 5398">
     <span class='ocr_line' id='line_1_102' title="bbox 177 5317 1748 5398; baseline 0.007 -28"><span class='ocrx_word' id='word_1_694' title='bbox 177 5317 533 5387; x_wconf 86' lang='grc' dir='ltr'>μεταθέσεως</span> <span class='ocrx_word' id='word_1_695' title='bbox 546 5319 783 5371; x_wconf 69' lang='grc' dir='ltr'>ἐποιεῖτο</span> <span class='ocrx_word' id='word_1_696' title='bbox 807 5320 1027 5387; x_wconf 85' lang='grc' dir='ltr'>κανόνα,</span> <span class='ocrx_word' id='word_1_697' title='bbox 1043 5323 1380 5391; x_wconf 77' lang='grc' dir='ltr'>αἰτιωμένων</span> <span class='ocrx_word' id='word_1_698' title='bbox 1397 5326 1748 5398; x_wconf 81' lang='grc' dir='ltr'>τινῶν.”ῌδει</span> 
     </span>
    </p>
   </div>
   <div class='ocr_carea' id='block_1_103' title="bbox 172 5406 1750 5487">
    <p class='ocr_par' dir='ltr' id='par_1_103' title="bbox 172 5406 1750 5487">
     <span class='ocr_line' id='line_1_103' title="bbox 172 5406 1750 5487; baseline 0.007 -29"><span class='ocrx_word' id='word_1_699' title='bbox 172 5408 283 5476; x_wconf 79' lang='grc' dir='ltr'>γὰρ</span> <span class='ocrx_word' id='word_1_700' title='bbox 316 5406 565 5477; x_wconf 72' lang='grc' dir='ltr'>ἀκρισῶς</span> <span class='ocrx_word' id='word_1_701' title='bbox 594 5411 622 5462; x_wconf 92' lang='grc' dir='ltr'><strong>ό</strong></span> <span class='ocrx_word' id='word_1_702' title='bbox 655 5409 955 5480; x_wconf 80' lang='grc' dir='ltr'>θεόληπτος</span> <span class='ocrx_word' id='word_1_703' title='bbox 985 5413 1074 5464; x_wconf 81' lang='grc' dir='ltr'>τὸν</span> <span class='ocrx_word' id='word_1_704' title='bbox 1099 5413 1207 5464; x_wconf 84' lang='grc' dir='ltr'>τῶν</span> <span class='ocrx_word' id='word_1_705' title='bbox 1239 5417 1446 5467; x_wconf 72' lang='grc' dir='ltr'>ἐκεῖνον</span> <span class='ocrx_word' id='word_1_706' title='bbox 1473 5417 1750 5487; x_wconf 81' lang='grc' dir='ltr'>γεγραφό-</span> 
     </span>
    </p>
   </div>
   <div class='ocr_carea' id='block_1_104' title="bbox 172 5499 1748 5577">
    <p class='ocr_par' dir='ltr' id='par_1_104' title="bbox 172 5499 1748 5577">
     <span class='ocr_line' id='line_1_104' title="bbox 172 5499 1748 5577; baseline 0.005 -26"><span class='ocrx_word' id='word_1_707' title='bbox 172 5516 282 5553; x_wconf 83' lang='grc' dir='ltr'><strong>των</strong></span> <span class='ocrx_word' id='word_1_708' title='bbox 314 5499 540 5552; x_wconf 86' lang='grc' dir='ltr'>σκοπόν.</span> <span class='ocrx_word' id='word_1_709' title='bbox 576 5499 641 5553; x_wconf 84' lang='grc' dir='ltr'><strong>Ἥ</strong></span> <span class='ocrx_word' id='word_1_710' title='bbox 668 5502 777 5571; x_wconf 79' lang='grc' dir='ltr'>γὰρ</span> <span class='ocrx_word' id='word_1_711' title='bbox 802 5502 1019 5567; x_wconf 82' lang='grc' dir='ltr'>σύνοδος</span> <span class='ocrx_word' id='word_1_712' title='bbox 1054 5504 1264 5575; x_wconf 67' lang='grc' dir='ltr'>ἑκείνη,</span> <span class='ocrx_word' id='word_1_713' title='bbox 1294 5506 1391 5568; x_wconf 85' lang='grc' dir='ltr'><strong>τὰς</strong></span> <span class='ocrx_word' id='word_1_714' title='bbox 1429 5509 1527 5575; x_wconf 81' lang='grc' dir='ltr'>τῆς</span> <span class='ocrx_word' id='word_1_715' title='bbox 1554 5509 1748 5577; x_wconf 75' lang='grc' dir='ltr'>φιλαρ-</span> 
     </span>
    </p>
   </div>
   <div class='ocr_carea' id='block_1_105' title="bbox 244 5632 1748 5710">
    <p class='ocr_par' dir='ltr' id='par_1_105' title="bbox 244 5632 1748 5710">
     <span class='ocr_line' id='line_1_105' title="bbox 244 5632 1748 5710; baseline 0.008 -25"><span class='ocrx_word' id='word_1_716' title='bbox 244 5634 322 5702; x_wconf 85' lang='lat' dir='ltr'><strong>(l)</strong></span> <span class='ocrx_word' id='word_1_717' title='bbox 365 5633 584 5689; x_wconf 79' lang='lat' dir='ltr'><strong>Sozam.</strong></span> <span class='ocrx_word' id='word_1_718' title='bbox 618 5632 717 5689; x_wconf 90' lang='lat' dir='ltr'><strong>lib.</strong></span> <span class='ocrx_word' id='word_1_719' title='bbox 747 5650 853 5710; x_wconf 69' lang='lat' dir='ltr'><strong>vn,</strong></span> <span class='ocrx_word' id='word_1_720' title='bbox 865 5648 986 5703; x_wconf 91' lang='lat' dir='ltr'><strong>cap.</strong></span> <span class='ocrx_word' id='word_1_721' title='bbox 1024 5636 1076 5699; x_wconf 86' lang='lat'><strong>7,</strong></span> <span class='ocrx_word' id='word_1_722' title='bbox 1125 5635 1424 5710; x_wconf 62' lang='lat' dir='ltr'><strong>catltoﬁcos</strong></span> <span class='ocrx_word' id='word_1_723' title='bbox 1462 5641 1748 5710; x_wconf 84' lang='lat' dir='ltr'><strong>episcopos</strong></span> 
     </span>
    </p>
   </div>
   <div class='ocr_carea' id='block_1_106' title="bbox 175 5705 1748 5775">
    <p class='ocr_par' dir='ltr' id='par_1_106' title="bbox 175 5705 1748 5775">
     <span class='ocr_line' id='line_1_106' title="bbox 175 5705 1748 5775; baseline 0.005 -20"><span class='ocrx_word' id='word_1_724' title='bbox 175 5713 509 5775; x_wconf 81' lang='lat' dir='ltr'><strong>convocatos</strong></span> <span class='ocrx_word' id='word_1_725' title='bbox 534 5717 658 5759; x_wconf 85' lang='lat' dir='ltr'><strong>esse</strong></span> <span class='ocrx_word' id='word_1_726' title='bbox 688 5705 883 5761; x_wconf 81' lang='lat' dir='ltr'><strong>scribit</strong></span> <span class='ocrx_word' id='word_1_727' title='bbox 910 5723 922 5758; x_wconf 92' lang='lat'>:</span> <span class='ocrx_word' id='word_1_728' title='bbox 947 5719 1013 5760; x_wconf 80' lang='lat' dir='ltr'><strong>ex</strong></span> <span class='ocrx_word' id='word_1_729' title='bbox 1046 5708 1257 5773; x_wconf 87' lang='lat' dir='ltr'><strong>imperii</strong></span> <span class='ocrx_word' id='word_1_730' title='bbox 1289 5705 1582 5763; x_wconf 78' lang='lat' dir='ltr'><strong>Theodosii</strong></span> <span class='ocrx_word' id='word_1_731' title='bbox 1625 5705 1748 5775; x_wconf 49' lang='lat' dir='ltr'><strong>p‘rn-</strong></span> 
     </span>
    </p>
   </div>
   <div class='ocr_carea' id='block_1_107' title="bbox 174 5772 1751 5844">
    <p class='ocr_par' dir='ltr' id='par_1_107' title="bbox 174 5772 1751 5844">
     <span class='ocr_line' id='line_1_107' title="bbox 174 5772 1751 5844; baseline 0.005 -19"><span class='ocrx_word' id='word_1_732' title='bbox 174 5772 373 5829; x_wconf 78' lang='lat' dir='ltr'><strong>vinctis</strong></span> <span class='ocrx_word' id='word_1_733' title='bbox 402 5774 692 5837; x_wconf 80' lang='lat' dir='ltr'><strong>duntaxat,</strong></span> <span class='ocrx_word' id='word_1_734' title='bbox 721 5791 832 5829; x_wconf 88' lang='lat' dir='ltr'><strong>non</strong></span> <span class='ocrx_word' id='word_1_735' title='bbox 867 5776 1037 5831; x_wconf 85' lang='lat' dir='ltr'><strong>addit.</strong></span> <span class='ocrx_word' id='word_1_736' title='bbox 1088 5772 1153 5831; x_wconf 86' lang='lat' dir='ltr'><strong>Et</strong></span> <span class='ocrx_word' id='word_1_737' title='bbox 1189 5779 1428 5844; x_wconf 69' lang='lat' dir='ltr'><strong>synodus</strong></span> <span class='ocrx_word' id='word_1_738' title='bbox 1469 5780 1580 5834; x_wconf 76' lang='lat' dir='ltr'><strong>haec</strong></span> <span class='ocrx_word' id='word_1_739' title='bbox 1607 5772 1751 5833; x_wconf 81' lang='lat' dir='ltr'><strong>Con-</strong></span> 
     </span>
    </p>
   </div>
   <div class='ocr_carea' id='block_1_108' title="bbox 1855 4586 3421 4665">
    <p class='ocr_par' dir='ltr' id='par_1_108' title="bbox 1855 4586 3421 4665">
     <span class='ocr_line' id='line_1_108' title="bbox 1855 4586 3421 4665; baseline 0.008 -27"><span class='ocrx_word' id='word_1_740' title='bbox 1855 4586 2016 4649; x_wconf 88' lang='lat' dir='ltr'><strong>lares,</strong></span> <span class='ocrx_word' id='word_1_741' title='bbox 2043 4588 2360 4657; x_wconf 86' lang='lat' dir='ltr'><strong>ubicunque</strong></span> <span class='ocrx_word' id='word_1_742' title='bbox 2395 4589 2448 4642; x_wconf 90' lang='lat' dir='ltr'><strong>in</strong></span> <span class='ocrx_word' id='word_1_743' title='bbox 2483 4591 2713 4645; x_wconf 86' lang='lat' dir='ltr'><strong>urbibus</strong></span> <span class='ocrx_word' id='word_1_744' title='bbox 2748 4604 2956 4656; x_wconf 81' lang='lat' dir='ltr'><strong>essent,</strong></span> <span class='ocrx_word' id='word_1_745' title='bbox 2985 4603 3043 4647; x_wconf 91' lang='lat' dir='ltr'><strong>ut</strong></span> <span class='ocrx_word' id='word_1_746' title='bbox 3072 4609 3421 4665; x_wconf 84' lang='lat' dir='ltr'><strong>nequaquam</strong></span> 
     </span>
    </p>
   </div>
   <div class='ocr_carea' id='block_1_109' title="bbox 1853 4677 3412 4750">
    <p class='ocr_par' dir='ltr' id='par_1_109' title="bbox 1853 4677 3412 4750">
     <span class='ocr_line' id='line_1_109' title="bbox 1853 4677 3412 4750; baseline 0.008 -20"><span class='ocrx_word' id='word_1_747' title='bbox 1853 4677 2124 4732; x_wconf 68' lang='lat' dir='ltr'><strong>Nicasnant</strong></span> <span class='ocrx_word' id='word_1_748' title='bbox 2157 4680 2313 4733; x_wconf 75' lang='lat' dir='ltr'><strong>(idem</strong></span> <span class='ocrx_word' id='word_1_749' title='bbox 2346 4683 2863 4750; x_wconf 82' lang='lat' dir='ltr'><strong>complecterentur,</strong></span> <span class='ocrx_word' id='word_1_750' title='bbox 2891 4685 3102 4740; x_wconf 85' lang='lat' dir='ltr'><strong>litteras</strong></span> <span class='ocrx_word' id='word_1_751' title='bbox 3125 4687 3412 4744; x_wconf 85' lang='lat' dir='ltr'><strong>dederunt.</strong></span> 
     </span>
    </p>
   </div>
   <div class='ocr_carea' id='block_1_110' title="bbox 1852 4768 3417 4838">
    <p class='ocr_par' dir='ltr' id='par_1_110' title="bbox 1852 4768 3417 4838">
     <span class='ocr_line' id='line_1_110' title="bbox 1852 4768 3417 4838; baseline 0.008 -17"><span class='ocrx_word' id='word_1_752' title='bbox 1852 4768 1954 4833; x_wconf 86' lang='lat' dir='ltr'><strong>Qui</strong></span> <span class='ocrx_word' id='word_1_753' title='bbox 1993 4786 2119 4824; x_wconf 88' lang='lat' dir='ltr'><strong>vero</strong></span> <span class='ocrx_word' id='word_1_754' title='bbox 2155 4772 2223 4824; x_wconf 88' lang='lat' dir='ltr'><strong>ab</strong></span> <span class='ocrx_word' id='word_1_755' title='bbox 2261 4772 2559 4827; x_wconf 76' lang='lat' dir='ltr'><strong>universali</strong></span> <span class='ocrx_word' id='word_1_756' title='bbox 2604 4775 2848 4829; x_wconf 85' lang='lat' dir='ltr'><strong>Ecclesia</strong></span> <span class='ocrx_word' id='word_1_757' title='bbox 2896 4777 3135 4838; x_wconf 83' lang='lat' dir='ltr'><strong>stabant.</strong></span> <span class='ocrx_word' id='word_1_758' title='bbox 3176 4779 3247 4832; x_wconf 90' lang='lat' dir='ltr'><strong>ibi</strong></span> <span class='ocrx_word' id='word_1_759' title='bbox 3300 4796 3417 4834; x_wconf 79' lang='lat' dir='ltr'><strong>ma-</strong></span> 
     </span>
    </p>
   </div>
   <div class='ocr_carea' id='block_1_111' title="bbox 1854 4862 3419 4939">
    <p class='ocr_par' dir='ltr' id='par_1_111' title="bbox 1854 4862 3419 4939">
     <span class='ocr_line' id='line_1_111' title="bbox 1854 4862 3419 4939; baseline 0.008 -26"><span class='ocrx_word' id='word_1_760' title='bbox 1854 4870 2070 4924; x_wconf 86' lang='lat' dir='ltr'><strong>nentes.</strong></span> <span class='ocrx_word' id='word_1_761' title='bbox 2108 4862 2176 4916; x_wconf 91' lang='lat' dir='ltr'><strong>de</strong></span> <span class='ocrx_word' id='word_1_762' title='bbox 2207 4864 2460 4931; x_wconf 76' lang='lat' dir='ltr'><strong>eligendo</strong></span> <span class='ocrx_word' id='word_1_763' title='bbox 2504 4864 3111 4935; x_wconf 86' lang='lat' dir='ltr'><strong>Constantinopolitano</strong></span> <span class='ocrx_word' id='word_1_764' title='bbox 3153 4872 3419 4939; x_wconf 74' lang='lat' dir='ltr'><strong>episcopo</strong></span> 
     </span>
    </p>
   </div>
   <div class='ocr_carea' id='block_1_112' title="bbox 1852 4952 3414 5027">
    <p class='ocr_par' dir='ltr' id='par_1_112' title="bbox 1852 4952 3414 5027">
     <span class='ocr_line' id='line_1_112' title="bbox 1852 4952 3414 5027; baseline 0.006 -22"><span class='ocrx_word' id='word_1_765' title='bbox 1852 4952 2140 5007; x_wconf 86' lang='lat' dir='ltr'><strong>consilium</strong></span> <span class='ocrx_word' id='word_1_766' title='bbox 2174 4954 2468 5008; x_wconf 75' lang='lat' dir='ltr'><strong>habebant.</strong></span> <span class='ocrx_word' id='word_1_767' title='bbox 2504 4955 2570 5009; x_wconf 88' lang='lat' dir='ltr'><strong>Et</strong></span> <span class='ocrx_word' id='word_1_768' title='bbox 2599 4957 2810 5024; x_wconf 82' lang='lat' dir='ltr'><strong>primus</strong></span> <span class='ocrx_word' id='word_1_769' title='bbox 2845 4957 2917 5011; x_wconf 91' lang='lat' dir='ltr'><strong>ibi</strong></span> <span class='ocrx_word' id='word_1_770' title='bbox 2956 4958 3252 5027; x_wconf 87' lang='lat' dir='ltr'><strong>imperator</strong></span> <span class='ocrx_word' id='word_1_771' title='bbox 3280 4962 3414 5016; x_wconf 88' lang='lat' dir='ltr'><strong>Gre-</strong></span> 
     </span>
    </p>
   </div>
   <div class='ocr_carea' id='block_1_113' title="bbox 1851 5045 3415 5119">
    <p class='ocr_par' dir='ltr' id='par_1_113' title="bbox 1851 5045 3415 5119">
     <span class='ocr_line' id='line_1_113' title="bbox 1851 5045 3415 5119; baseline 0.006 -22"><span class='ocrx_word' id='word_1_772' title='bbox 1851 5045 2089 5113; x_wconf 85' lang='lat' dir='ltr'><strong>gorium.</strong></span> <span class='ocrx_word' id='word_1_773' title='bbox 2120 5056 2343 5115; x_wconf 88' lang='lat' dir='ltr'><strong>propter</strong></span> <span class='ocrx_word' id='word_1_774' title='bbox 2374 5048 2541 5103; x_wconf 83' lang='lat' dir='ltr'><strong>vitam</strong></span> <span class='ocrx_word' id='word_1_775' title='bbox 2578 5059 2632 5103; x_wconf 86' lang='lat' dir='ltr'><strong>et</strong></span> <span class='ocrx_word' id='word_1_776' title='bbox 2661 5049 3026 5104; x_wconf 89' lang='lat' dir='ltr'><strong>eruditionem</strong></span> <span class='ocrx_word' id='word_1_777' title='bbox 3064 5062 3415 5119; x_wconf 75' lang='lat' dir='ltr'><strong>praestantem</strong></span> 
     </span>
    </p>
   </div>
   <div class='ocr_carea' id='block_1_114' title="bbox 1851 5138 3414 5214">
    <p class='ocr_par' dir='ltr' id='par_1_114' title="bbox 1851 5138 3414 5214">
     <span class='ocr_line' id='line_1_114' title="bbox 1851 5138 3414 5214; baseline 0.005 -25"><span class='ocrx_word' id='word_1_778' title='bbox 1851 5138 2174 5203; x_wconf 86' lang='lat' dir='ltr'><strong>admiratus,</strong></span> <span class='ocrx_word' id='word_1_779' title='bbox 2211 5140 2437 5210; x_wconf 79' lang='lat' dir='ltr'><strong>dignum</strong></span> <span class='ocrx_word' id='word_1_780' title='bbox 2488 5143 2638 5195; x_wconf 92' lang='lat' dir='ltr'><strong>illum</strong></span> <span class='ocrx_word' id='word_1_781' title='bbox 2673 5157 2737 5196; x_wconf 88' lang='lat' dir='ltr'><strong>ea</strong></span> <span class='ocrx_word' id='word_1_782' title='bbox 2776 5144 2906 5197; x_wconf 89' lang='lat' dir='ltr'><strong>sede</strong></span> <span class='ocrx_word' id='word_1_783' title='bbox 2947 5144 3158 5197; x_wconf 88' lang='lat' dir='ltr'><strong>calculo</strong></span> <span class='ocrx_word' id='word_1_784' title='bbox 3193 5160 3292 5198; x_wconf 88' lang='lat' dir='ltr'><strong>suo</strong></span> <span class='ocrx_word' id='word_1_785' title='bbox 3319 5147 3414 5214; x_wconf 89' lang='lat' dir='ltr'><strong>ju-</strong></span> 
     </span>
    </p>
   </div>
   <div class='ocr_carea' id='block_1_115' title="bbox 1850 5228 3416 5305">
    <p class='ocr_par' dir='ltr' id='par_1_115' title="bbox 1850 5228 3416 5305">
     <span class='ocr_line' id='line_1_115' title="bbox 1850 5228 3416 5305; baseline 0.006 -25"><span class='ocrx_word' id='word_1_786' title='bbox 1850 5228 2062 5286; x_wconf 88' lang='lat' dir='ltr'><strong>dicasse</strong></span> <span class='ocrx_word' id='word_1_787' title='bbox 2097 5230 2322 5287; x_wconf 85' lang='lat' dir='ltr'><strong>dicitur.</strong></span> <span class='ocrx_word' id='word_1_788' title='bbox 2352 5232 2470 5299; x_wconf 87' lang='lat' dir='ltr'><strong>Qua</strong></span> <span class='ocrx_word' id='word_1_789' title='bbox 2507 5234 2557 5286; x_wconf 92' lang='lat' dir='ltr'><strong>in</strong></span> <span class='ocrx_word' id='word_1_790' title='bbox 2591 5250 2649 5287; x_wconf 88' lang='lat' dir='ltr'><strong>re</strong></span> <span class='ocrx_word' id='word_1_791' title='bbox 2682 5234 2925 5305; x_wconf 83' lang='lat' dir='ltr'><strong>synodus</strong></span> <span class='ocrx_word' id='word_1_792' title='bbox 2958 5236 3032 5297; x_wconf 87' lang='lat' dir='ltr'><strong>ei,</strong></span> <span class='ocrx_word' id='word_1_793' title='bbox 3066 5235 3210 5304; x_wconf 90' lang='lat' dir='ltr'><strong>quod</strong></span> <span class='ocrx_word' id='word_1_794' title='bbox 3241 5237 3416 5289; x_wconf 73' lang='lat' dir='ltr'><strong>virtu-</strong></span> 
     </span>
    </p>
   </div>
   <div class='ocr_carea' id='block_1_116' title="bbox 1851 5324 3415 5397">
    <p class='ocr_par' dir='ltr' id='par_1_116' title="bbox 1851 5324 3415 5397">
     <span class='ocr_line' id='line_1_116' title="bbox 1851 5324 3415 5397; baseline 0.003 -19"><span class='ocrx_word' id='word_1_795' title='bbox 1851 5334 1958 5378; x_wconf 89' lang='lat' dir='ltr'><strong>tem</strong></span> <span class='ocrx_word' id='word_1_796' title='bbox 1996 5324 2116 5395; x_wconf 83' lang='lat' dir='ltr'><strong>ejus</strong></span> <span class='ocrx_word' id='word_1_797' title='bbox 2148 5324 2249 5378; x_wconf 90' lang='lat' dir='ltr'><strong>viri</strong></span> <span class='ocrx_word' id='word_1_798' title='bbox 2280 5334 2648 5392; x_wconf 85' lang='lat' dir='ltr'><strong>revereretur,</strong></span> <span class='ocrx_word' id='word_1_799' title='bbox 2691 5327 2983 5397; x_wconf 76' lang='lat' dir='ltr'><strong>suffragata</strong></span> <span class='ocrx_word' id='word_1_800' title='bbox 3030 5338 3132 5383; x_wconf 88' lang='lat' dir='ltr'><strong>est.</strong></span> <span class='ocrx_word' id='word_1_801' title='bbox 3188 5329 3415 5383; x_wconf 84' lang='lat' dir='ltr'><strong>Potissi-</strong></span> 
     </span>
    </p>
   </div>
   <div class='ocr_carea' id='block_1_117' title="bbox 1850 5417 3417 5489">
    <p class='ocr_par' dir='ltr' id='par_1_117' title="bbox 1850 5417 3417 5489">
     <span class='ocr_line' id='line_1_117' title="bbox 1850 5417 3417 5489; baseline 0.001 -20"><span class='ocrx_word' id='word_1_802' title='bbox 1850 5432 1996 5469; x_wconf 90' lang='lat' dir='ltr'><strong>mum</strong></span> <span class='ocrx_word' id='word_1_803' title='bbox 2050 5431 2179 5471; x_wconf 79' lang='lat' dir='ltr'><strong>vero</strong></span> <span class='ocrx_word' id='word_1_804' title='bbox 2226 5417 2352 5471; x_wconf 85' lang='lat' dir='ltr'><strong>divo</strong></span> <span class='ocrx_word' id='word_1_805' title='bbox 2398 5417 2500 5486; x_wconf 89' lang='lat' dir='ltr'><strong>ipsi</strong></span> <span class='ocrx_word' id='word_1_806' title='bbox 2547 5419 2763 5473; x_wconf 78' lang='lat' dir='ltr'><strong>Meletio</strong></span> <span class='ocrx_word' id='word_1_807' title='bbox 2803 5421 3111 5484; x_wconf 82' lang='lat' dir='ltr'><strong>videbatur,</strong></span> <span class='ocrx_word' id='word_1_808' title='bbox 3147 5418 3417 5489; x_wconf 82' lang='lat' dir='ltr'><strong>Gregorio</strong></span> 
     </span>
    </p>
   </div>
   <div class='ocr_carea' id='block_1_118' title="bbox 1847 5508 3412 5580">
    <p class='ocr_par' dir='ltr' id='par_1_118' title="bbox 1847 5508 3412 5580">
     <span class='ocr_line' id='line_1_118' title="bbox 1847 5508 3412 5580; baseline 0.001 -17"><span class='ocrx_word' id='word_1_809' title='bbox 1847 5508 2476 5578; x_wconf 78' lang='lat' dir='ltr'><strong>Constantinopiitanum</strong></span> <span class='ocrx_word' id='word_1_810' title='bbox 2536 5512 2912 5580; x_wconf 87' lang='lat' dir='ltr'><strong>episcopatum</strong></span> <span class='ocrx_word' id='word_1_811' title='bbox 2971 5512 3412 5566; x_wconf 77' lang='lat' dir='ltr'><strong>conﬁrmandum</strong></span> 
     </span>
    </p>
   </div>
   <div class='ocr_carea' id='block_1_119' title="bbox 1849 5646 3416 5770">
    <p class='ocr_par' dir='ltr' id='par_1_119' title="bbox 1849 5646 3416 5770">
     <span class='ocr_line' id='line_1_119' title="bbox 1849 5646 3416 5770; baseline 0.004 -76"><span class='ocrx_word' id='word_1_812' title='bbox 1849 5646 2223 5770; x_wconf 51' lang='grc' dir='ltr'>ῗιτέιιιὶιηορῶιὶ,</span> <span class='ocrx_word' id='word_1_813' title='bbox 2254 5647 2409 5702; x_wconf 91' lang='lat' dir='ltr'><strong>sicuti</strong></span> <span class='ocrx_word' id='word_1_814' title='bbox 2442 5648 2686 5717; x_wconf 84' lang='lat' dir='ltr'><strong>plerique</strong></span> <span class='ocrx_word' id='word_1_815' title='bbox 2707 5664 2901 5703; x_wconf 82' lang='lat' dir='ltr'><strong>omnes</strong></span> <span class='ocrx_word' id='word_1_816' title='bbox 2931 5648 3177 5714; x_wconf 85' lang='lat' dir='ltr'><strong>tradunt,</strong></span> <span class='ocrx_word' id='word_1_817' title='bbox 3200 5658 3277 5703; x_wconf 74' lang='grc' dir='ltr'>ρει</span> <span class='ocrx_word' id='word_1_818' title='bbox 3322 5662 3416 5700; x_wconf 77' lang='lat' dir='ltr'><strong>ce-</strong></span> 
     </span>
     <span class='ocr_line' id='line_1_120' title="bbox 1868 5732 2190 5770; baseline 0.016 -4"><span class='ocrx_word' id='word_1_819' title='bbox 1868 5733 1893 5766; x_wconf 69' lang='lat' dir='ltr'><strong>t?</strong></span> <span class='ocrx_word' id='word_1_820' title='bbox 1943 5732 1998 5768; x_wconf 70' lang='grc' dir='ltr'><strong>Γιὶ</strong></span> <span class='ocrx_word' id='word_1_821' title='bbox 2025 5734 2075 5770; x_wconf 75' lang='grc'><strong>2.</strong></span> <span class='ocrx_word' id='word_1_822' title='bbox 2178 5758 2190 5770; x_wconf 86' lang='grc'><em>.</em></span> 
     </span>
    </p>
   </div>
   <div class='ocr_carea' id='block_1_120' title="bbox 1868 5732 2190 5771">
    <p class='ocr_par' dir='ltr' id='par_1_120' title="bbox 1868 5732 2190 5771">
     <span class='ocr_line' id='line_1_121' title="bbox 1868 5732 2190 5771; baseline 0.012 -5"><span class='ocrx_word' id='word_1_823' title='bbox 1868 5732 2075 5770; x_wconf 66' lang='grc' dir='ltr'>«ξω-κω.</span> <span class='ocrx_word' id='word_1_824' title='bbox 2114 5732 2190 5771; x_wconf 82' lang='grc' dir='ltr'>ια.</span> 
     </span>
    </p>
   </div>
  </div>
