4278 6438
279 352 390 411 777

1247 359 1840 421 Ε(Σ(ῘΙ.ΕΒῘΑ8ΤΙΟᾹΞ
1881 360 2263 420 ΗΙΞΤΟΒΙΑΞ
2306 361 2444 420 LIB.
2490 358 2622 419 XII.

3325 407 3327 409 .
3416 353 3521 417 ’ΠΒ

270 460 630 528 κοσμοῦντες
661 461 710 513 οἳ
740 462 803 532 δὴ
841 465 1041 527 πάντες
1083 464 1141 518 τὸ
1174 468 1422 536 πραχθὲν
1452 470 1849 536 μυσαττόμενοι
1880 466 1923 521 Α
1950 483 1959 519 ε

1833 487 1849 519 ι
1880 466 2255 527 Asuccessor,
2307 475 2362 519 et
2412 465 2503 518 alii
2569 461 2959 532 quamplurimi
3013 459 3280 529 episcopi,
3316 460 3519 529 egregii

268 552 384 604 τῶν
414 554 735 620 Αἰγυπτίων
761 557 1151 628 διακριθέντες,
1187 560 1266 627 τῷ
1301 561 1524 631 μεγάλῳ
1556 563 1845 634 Γρηγορίῳ

271 646 539 713 συνῆσαν.
572 649 680 701 Καὶ
709 649 821 718 ἅμα
853 651 1150 718 γινόμενοι,
1180 653 1277 715 τάς
1299 670 1356 705 τε
1383 656 1726 724 πανηγύρεις
1752 658 1845 710 καὶ

267 740 501 803 τελετὰς
540 742 644 821 ,καὶ
698 743 919 806 σύμπαν
953 745 1017 813 τῇ
1064 745 1361 816 Ἐκκλησία
1408 748 1470 798 τὸ
1523 747 1734 810 εἰωθὸς,
1770 749 1846 812 ὡς

267 830 438 893 εἰκὸς,
475 832 646 895 ἀδεῶς
679 835 986 886 ἐπετέλουν.
1021 826 1130 900 Οὓς
1151 839 1177 890 ό
1205 838 1348 901 θεῖος
1378 839 1680 908 παρεκάλει
1705 841 1847 909 Γρη-

267 928 480 995 γόριος,
503 930 911 994 ἐπιεικέστατος
939 934 1031 985 καὶ
1054 934 1386 1003 ἀτυφότατος
1404 934 1563 1004 εἴπερ
1589 953 1672 998 τις
1697 935 1844 1004 μάλα

269 1021 587 1088 γενόμενος,
624 1028 942 1092 συμφωνεῖν
992 1026 1129 1092 πρὸς
1171 1027 1438 1098 ἀλλήλους
1474 1027 1713 1090 ἑλέσθαι,
1751 1029 1846 1081 καὶ

266 1113 370 1182 τὴν
403 1115 635 1183 εἰρήνην
686 1115 1053 1179 ἀσπάζεσθαυ
1085 1119 1166 1171 ὅτι
1206 1136 1261 1187 γε
1299 1120 1395 1173 καὶ
1432 1119 1530 1191 τὴν
1559 1121 1844 1192 συνάθροι-

268 1223 358 1258 σιν
385 1205 476 1257 διὰ
506 1206 709 1275 ταύτην
744 1211 1025 1272 γενέσθαι·
1055 1213 1148 1263 καὶ
1185 1215 1459 1284 προτιμᾷν
1497 1214 1595 1284 μὲν
1645 1215 1841 1284 αὐτὴν,

267 1293 365 1360 τῆς
393 1293 438 1343 δ’
462 1295 581 1356 ἑνὸς
613 1296 827 1359 ἀδικίας
858 1299 1062 1369 ὑπερορ
1081 1300 1153 1368 ᾖν.
1192 1318 1210 1350 ι
1242 1303 1348 1355 Καὶ
1373 1305 1478 1373 γὰρ
1506 1303 1635 1372 ἐγὼ,
1665 1304 1842 1373 ἔλεγε,

265 1387 377 1438 τῶν
429 1389 640 1440 πολλῶν
680 1393 974 1458 φροντίδων
1015 1395 1369 1464 ἀπαλλαγεὶς,
1398 1398 1499 1467 τὴν
1539 1399 1602 1450 ὲκ
1643 1399 1844 1452 πολλοῦ

269 1497 362 1546 μοι
400 1480 565 1549 φίλην
613 1479 766 1544 αὖθις
820 1485 1050 1554 ἡσυχίαν
1100 1489 1442 1558 ἀσπάσομαι·
1486 1494 1579 1543 καὶ
1629 1491 1841 1562 ύμῶνὴ

265 1573 746 1637 περισπούδαστος
777 1577 966 1644 εἰρήνη
1012 1578 1382 1648 προσγένηται
1422 1580 1560 1647 μετά
1592 1581 1683 1632 τὸν
1731 1599 1840 1648 μα-

269 1663 403 1726 κρδν
429 1664 634 1714 ἐκεῖνον
663 1667 757 1716 καὶ
787 1667 1300 1734 δυσκαταγώνιστον
1324 1671 1583 1740 πόλεμον.
1608 1673 1840 1740 Ἔμοιγε

263 1757 376 1823 γὰρ
405 1757 514 1806 τῶν
547 1757 663 1808 λίαν
696 1759 912 1810 ἀτόπων
947 1757 1085 1813 εἶναι
1126 1761 1422 1826 λογίζεται,
1458 1765 1580 1832 ἄρτι
1613 1764 1712 1832 τῆς
1734 1765 1841 1817 τῶν

1953 556 2173 611 virtutis
2223 556 2442 610 athleta:
2473 563 2530 609 et
2562 561 2972 608 concertatores
3001 591 3015 616 ,
3051 551 3359 606 doctrinam
3415 551 3522 605 vita

1952 651 2068 720 ipsa
2096 658 2445 704 exornantes.
2462 647 2562 713 Qui
2589 660 2778 700 omnes
2798 645 3000 699 factum
3023 645 3128 700 tale
3147 654 3522 704 exsecrantes.

1953 756 2010 796 se
2040 741 2108 794 ab
2155 739 2419 811 )Egyptiis
2466 741 2847 808 sejunxerunt,
2907 747 2964 793 et
3011 738 3277 808 Gregorio
3324 751 3520 808 magno

1951 833 2248 887 aﬂuerunt.
2302 831 2457 902 24],
2496 830 2629 885 Nam
2664 846 2771 884 una
2820 844 2945 884 cum
2994 845 3059 884 eo
3088 839 3410 888 conventus.
3464 839 3520 883 et

1951 933 2198 986 sacra,et
2233 923 2369 978 ritus
2387 923 2662 986 Ecclesiae,
2697 932 2922 992 recepto
2949 936 3101 976 more
3132 936 3323 976 omnes
3348 919 3521 975 libere

1952 1015 2304 1085 peragebant.
2348 1017 2496 1082 Quos
2527 1015 2746 1070 divinus
2775 1015 3096 1086 Gregorius,
3122 1014 3166 1070 si
3193 1015 3318 1084 quis
3353 1014 3516 1076 alius,

1950 1117 2006 1162 et
2044 1109 2160 1178 ipse
2205 1109 2476 1163 humanus
2529 1118 2585 1162 et
2634 1108 2856 1162 humilis
2882 1146 2897 1170 ,
2933 1108 3166 1162 maxime
3197 1106 3521 1163 adhortatus

1950 1211 2054 1264 est,
2084 1211 2142 1254 ut
2177 1201 2530 1256 concordiam
2560 1209 2614 1255 et
2652 1215 2836 1269 pacem
2867 1200 3012 1254 inter
3044 1215 3124 1264 se,
3151 1201 3310 1270 cujus
3343 1201 3517 1270 gratia

1951 1304 2256 1349 conventus
2288 1309 2508 1364 quoque
2535 1303 2756 1348 coactus
2785 1303 2958 1356 esset,
2980 1294 3250 1360 colerent,
3287 1307 3519 1363 eamque

1954 1386 2166 1456 injuria:
2193 1386 2431 1440 hominis
2461 1386 2644 1452 unius,
2695 1400 2857 1453 quam
2889 1395 3244 1440 contemnere
3274 1385 3515 1448 deceret,

1949 1478 2288 1548 przeferrent.
2328 1496 2346 1530 ι
2379 1477 2492 1548 Ego
2524 1478 2694 1542 enim,
2730 1477 2928 1546 inquit,
2961 1479 3111 1534 curis
3156 1477 3340 1532 multis
3379 1477 3517 1532 libe-

1952 1578 2119 1632 ratus,
2174 1577 2480 1639 exoptatam
2529 1568 2662 1624 mihi
2692 1568 2898 1623 dudum
2942 1578 2998 1623 et
3024 1580 3229 1639 gratam
3273 1570 3511 1638 quietem

1950 1677 2263 1732 persequar.
2315 1662 2381 1716 Et
2428 1661 2585 1718 vobis
2633 1662 2818 1728 simul,
2867 1663 3341 1732 postdiuturnum
3378 1663 3511 1716 illud

1950 1763 2002 1806 ct
2033 1753 2456 1822 inexpugnabile
2485 1752 2712 1817 bellum,
2754 1761 2904 1808 tanto
2931 1753 3114 1808 studio
3145 1755 3379 1826 expetita
3409 1770 3514 1824 pax

265 1849 532 1900 ἐναντίων
565 1852 745 1917 μάχης
781 1825 1224 1918 ἀπαλλαγέντας,
1264 1857 1384 1908 κατ’
1409 1825 1841 1924 ἀλλήλων-όπλί-
1875 1825 1912 1878 Β
1944 1861 1954 1896 ¹

1825 1887 1841 1896 .
1875 1825 1912 1878 Β
1944 1845 2246 1914 continget.
2273 1844 2390 1900 Meo
2428 1845 2651 1914 quidem
2677 1845 2889 1914 judicio
2919 1845 3320 1914 perabsurdum
3342 1825 3514 1909 esset,

266 1940 484 2002 ζεσθαι,
514 1944 606 1993 καὶ
638 1942 854 2009 βάλλειν
883 1944 956 2007 ὡς
991 1944 1174 2015 ἔτυχε,
1208 1948 1300 1999 καὶ
1331 1947 1428 2017 τὴν
1455 1949 1610 2018 ίσχὺν
1639 1951 1696 2002 ἐν
1731 1952 1842 2011 τοῖς

269 2033 347 2103 μὴ
393 2037 770 2104 προσήκουσιν
820 2036 1158 2091 ἀναλίσκειν·
1211 2037 1356 2093 οὕτω
1396 2040 1504 2109 γὰρ
1556 2040 1840 2112 ἐπίχαρτοι

267 2127 362 2178 καὶ
395 2129 505 2188 τοῖς
537 2127 829 2194 δυσμενέσι
865 2129 1319 2199 γενοίμεθα.Εί’γε
1349 2132 1530 2184 τοίνυν
1565 2133 1689 2200 ἐμοὶ
1723 2135 1843 2186 πεί-

267 2218 474 2278 θοισθε.
506 2218 674 2287 ἄνδρα
706 2221 828 2272 τινὰ
873 2220 1170 2291 εὑρηκότες
1210 2223 1303 2275 τοῦ
1341 2223 1533 2293 θρόνου
1564 2225 1837 2292 ἀντάξιον,

264 2309 363 2360 καὶ
400 2306 526 2359 νοῦν
572 2306 715 2360 θεῖον
749 2309 958 2376 ἔχοντα,
1005 2310 1106 2376 τὴν
1144 2310 1245 2379 τῆς
1293 2309 1620 2378 Ἐκκλησίας
1665 2313 1840 2383 τούτῳ

265 2399 603 2464 προστασίαν
633 2397 921 2450 ἀνάθεσθεο
953 2398 1010 2458 ὃς
1041 2399 1159 2469 Θεῷ
1191 2399 1631 2470 κυϐερνώμενος,
1659 2403 1841 2464 καλῶς

263 2491 373 2558 ἄρα
398 2489 635 2540 διάθοιτο
661 2491 860 2542 πάντα.
889 2509 906 2542 ι
940 2491 1164 2554 Τούτοις
1196 2493 1395 2544 ἐκεῖνοι
1429 2494 1501 2564 μὴ
1533 2495 1840 2562 ἀντιλέγειν

263 2581 508 2649 ἔχοντες,
539 2582 633 2632 καί
663 2581 889 2640 ἄκοντες
918 2581 1244 2635 ἐνεδίδοσαν.
1280 2584 1391 2636 Καὶ
1418 2584 1511 2637 τὸν
1544 2585 1640 2653 μὲν
1676 2587 1842 2639 Κυνι-

265 2676 362 2727 κὸν
396 2674 651 2740 Μάξιμον
679 2672 843 2734 εὐθὺς
868 2672 965 2740 τῆς
1002 2670 1289 2743 ἱερατικῆς
1329 2675 1488 2739 ἀξίας
1512 2677 1839 2745 γυμνώσαν-

263 2783 376 2826 τες,
417 2766 524 2816 τὼν
565 2765 724 2831 ιερῶν
773 2764 1076 2832 περιϐόλων
1131 2767 1442 2836 ἐξήλαυνον,
1497 2770 1840 2837 ὲκκήρυκτον

267 2859 657 2926 ποιησάμενοι,
688 2859 781 2910 καὶ
821 2858 908 2910 διὰ
958 2859 1018 2911 τὸ
1048 2860 1378 2928 παραλόγως
1420 2862 1518 2930 μὲν
1557 2862 1635 2932 τῷ
1663 2862 1840 2934 θρόνῳ

263 2951 627 3018 ὲπιπηδῆσαι,
659 2952 893 3018 μάλιστα
924 2951 968 3002 δ’
992 2952 1096 3013 ὅτι,
1130 2951 1322 3022 ὥσπερ
1354 2954 1591 3024 εἴρηται,
1619 2958 1711 3008 καὶ
1740 2959 1855 3026 τῆς

273 3041 693 3109 Ἀπολλιναρὶου
730 3042 1153 3107 φρενοϐλαϐείας
1184 3043 1439 3112 ἔμπλεως
1463 3046 1836 3118 καθειστήκει.

261 3136 570 3204 Γρηγόριος
625 3135 680 3186 δὲ
733 3135 822 3187 τὸν
857 3135 1045 3203 Θρόνον
1090 3136 1288 3200 λιπὼν,
1317 3138 1412 3191 ἐπὶ
1456 3139 1554 3208 τὴν
1607 3141 1910 3214 πατρίδας

260 3225 574 3289 Ναζιανζὸν
603 3226 870 3296 ἀνεχώρει
902 3223 1081 3290 αὖθις,
1117 3229 1209 3282 καὶ
1239 3230 1421 3299 ήσυχῆ
1456 3231 1699 3301 καθῆστο
1723 3235 1840 3289 διά-

261 3337 380 3388 γων
435 3320 559 3371 καθ’
615 3319 831 3380 ἐαυτδν,
900 3319 1092 3389 μηδενὶ
1156 3322 1455 3376 σκανδάλου
1519 3326 1838 3380 καταλιπὼν

260 3412 558 3480 πρόφασιν,
593 3409 672 3477 τῷ
727 3410 868 3463 ἑκὼν
918 3413 1278 3483 ὑποχωρῆσαι
1323 3413 1421 3466 τοῦ
1466 3415 1678 3480 Θρόνου.
1727 3417 1839 3471 Καί

259 3522 326 3570 γε
363 3503 516 3556 τόνδε
551 3503 643 3555 τὸν
677 3503 845 3572 ἄνδρα
892 3504 1208 3572 σοφώτατον
1258 3506 1407 3575 μάλα
1455 3507 1838 3578 διαγενόμενον

260 3598 361 3648 καὶ
405 3596 516 3648 τῶν
561 3595 738 3649 ἀλλων
785 3595 1004 3648 πάντων
1041 3596 1228 3659 ἕνεκα,
1279 3597 1377 3667 οὐχ
1415 3597 1618 3668 ἥκιστα
1652 3601 1709 3654 δὲ
1743 3604 1838 3656 καὶ

256 3689 354 3741 τοῦ
384 3688 649 3756 παρόντος
683 3688 859 3739 ἔπεισί
902 3705 992 3756 μοι
1028 3688 1356 3757 θαυμάζειν.
1399 3691 1538 3745 Οὔτε
1577 3693 1683 3764 γὰρ
1732 3695 1837 3749 ὑπὸ

254 3780 361 3846 τῆς
410 3776 745 3842 εὐγλωττίας
796 3775 1029 3844 ἐπῆρτο,
1078 3775 1203 3830 οὔτε
1257 3770 1609 3850 μήν’ἧττονι
1671 3785 1838 3853 κενῆς

252 3869 418 3936 δόξης
436 3867 679 3933 ὀφθέντι,
702 3867 888 3935 ἔφεσις
913 3868 1228 3938 ὑπεισέρῤει
1257 3875 1584 3940 προστατεῖν
1633 3875 1837 3946 ἐκκλη-

257 3959 382 4020 σίας
411 3959 705 4026 τοσαύτης,
731 3958 797 4029 ήν
829 3958 955 4027 μηδ’
977 3953 1118 4012 εἶναι
1145 3961 1581 4027 κινδυνεύουσαν,
1611 3967 1668 4028 ἐς
1699 3967 1832 4020 πολύ

253 4066 310 4102 τι
359 4051 457 4100 καὶ
512 4050 657 4116 μέγα
702 4049 983 4102 ἐπιδοῦναι
1030 4050 1147 4113 ταῖς
1185 4051 1413 4114 οἰκείαις
1456 4053 1835 4120 διδασκαλίαις

253 4144 737 4213 παρεσκευάσατοο
773 4140 907 4193 ἀλλὰ
938 4141 1033 4193 καὶ
1069 4142 1168 4212 τήν
1204 4145 1685 4214 παρακαταθήκην
1719 4149 1833 4209 τοῖς

249 4242 578 4299 ἐπισκόποις
608 4234 768 4296 εὐθὺς
800 4231 1106 4296 ἀπέδωκεν,
1139 4233 1262 4287 οὔτε
1295 4235 1422 4299 τοὺς
1462 4238 1658 4300 πόνους
1694 4256 1829 4307 προ-

249 4333 590 4400 ὗεόλημὲνος
618 4328 650 4399 ὴ
680 4325 807 4385 τοὺς
834 4323 1138 4388 κινδύνους,
1163 4325 1257 4388 οὓς
1285 4327 1534 4398 διήνεγκε
1569 4330 1703 4397 πρὸς
1731 4331 1829 4392 τὰς

248 4430 498 4495 αἱρέσεις
544 4418 898 4488 ζυγομαχῶν.
948 4417 1143 4470 Καίτοι
1175 4435 1238 4486 γε
1285 4419 1344 4470 τὺ
1395 4420 1828 4489 προσιστάμενον

1944 1935 1989 1988 si
2021 1949 2192 2003 nuper
2207 1935 2501 1990 admodum
2527 1936 2742 1990 hostilis
2761 1950 2954 2005 pugnae
2969 1935 3215 2004 periculo
3244 1934 3508 1999 defuncti,

1945 2038 2094 2079 arma
2139 2026 2283 2080 inter
2329 2041 2429 2080 nos
2459 2026 2606 2095 ipsos
2648 2041 2989 2082 sumeremus
3016 2065 3032 2089 ,
3081 2035 3137 2080 et
3183 2026 3342 2080 sicuti
3389 2042 3510 2081 sors

1942 2114 2130 2179 ferret,
2163 2115 2266 2170 tela
2301 2126 2505 2170 temere
2552 2117 2950 2188 conjiceremus
2974 2157 2990 2182 ,
3042 2118 3321 2187 roburque
3345 2133 3508 2174 omne

1943 2206 1998 2260 in
2056 2207 2256 2276 quibus
2317 2209 2543 2263 minime
2586 2209 2744 2264 decet
2783 2209 3177 2267 certaminibus
3223 2225 3513 2266 consume-

1943 2310 2148 2351 remus.
2185 2296 2276 2351 Sic
2305 2298 2514 2351 scilicet
2549 2298 2801 2354 hostibus
2831 2314 3051 2368 quoque
3081 2302 3234 2371 ipsis,
3265 2312 3324 2356 ut
3357 2303 3508 2357 clade

1943 2396 2128 2442 nostra
2154 2387 2489 2454 laetarentur,
2510 2406 2728 2446 causam
2761 2393 3147 2463 praeberemus.
3165 2396 3511 2470 Quapropter

1943 2479 1991 2533 si
2029 2481 2323 2535 consilium
2361 2497 2542 2536 meum
2591 2487 2744 2555 sequi
2798 2487 2994 2542 voletis
3019 2527 3034 2552 ,
3065 2489 3183 2543 viro
3212 2490 3375 2545 alicui
3412 2507 3510 2561 per

1945 2571 2386 2642 disquisitionem
2412 2576 2657 2642 invento,
2691 2580 2783 2646 qui
2815 2580 2995 2635 divina
3024 2590 3204 2638 mente
3227 2585 3508 2653 praeditus,

1944 2666 2073 2720 sede
2125 2667 2225 2721 hac
2253 2668 2450 2738 dignus
2486 2670 2577 2733 sit,
2611 2671 2814 2740 quique
2852 2672 2958 2727 Deo
2987 2674 3231 2731 actiones
3257 2677 3377 2747 ejus
3407 2693 3509 2747 gu-

1943 2753 2230 2820 bernante,
2265 2758 2367 2811 rite
2402 2759 2584 2812 omnia
2614 2769 2670 2813 et
2700 2760 2891 2814 ordine
2916 2760 3078 2816 faciat
3107 2774 3272 2834 atque
3303 2767 3510 2821 consti-

1945 2854 2083 2910 tuat,
2127 2848 2372 2902 ecclesia:
2413 2849 2792 2919 praefecturam
2841 2855 3214 2908 committetis.
3249 2874 3269 2906 ι
3301 2857 3503 2911 Contra

1943 2938 2106 2992 verba
2142 2938 2279 3005 hmc,
2309 2955 2432 2994 cum
2468 2947 2613 3010 quod
2647 2943 2923 3008 dicerent,
2960 2960 3066 2999 non
3101 2946 3387 3011 haberent,
3425 2952 3508 3003 vel

1943 3028 2097 3083 inviti
2126 3030 2176 3085 ei
2210 3043 2514 3089 cesserunt.
2535 3034 2598 3088 Et
2621 3034 2907 3089 confestim
2939 3036 3225 3093 Maximum
3243 3039 3505 3112 Cynicum

1943 3122 2239 3192 episcopali
2277 3123 2542 3192 dignitate
2573 3127 2835 3181 nudatum
2869 3137 3032 3197 atque
3059 3137 3507 3190 excommunica-

1945 3224 2057 3272 tum
2082 3216 2291 3271 edibus
2318 3217 2487 3272 sacris
2515 3220 2814 3288 ejecerunt,
2847 3237 2968 3275 cum
2999 3227 3143 3292 quod
3177 3236 3375 3295 praeter
3420 3245 3509 3283 ra-

1945 3310 2148 3364 tionem
2181 3307 2461 3378 illegitime
2483 3309 2736 3364 thronum
2765 3312 3056 3368 invasisset
3075 3325 3220 3378 ,tum
3249 3320 3502 3383 maxime,

1943 3401 2103 3456 sicuti
2139 3399 2344 3455 dictum
2365 3409 2470 3467 cst,
2501 3401 2645 3471 quod
2668 3403 3020 3471 3Apollinaris
3060 3409 3384 3466 vecordibus
3420 3414 3503 3467 in-

1943 3493 2228 3563 temperiis
2257 3494 2577 3563 agitaretur.
2615 3494 2912 3565 Gregorius
2934 3507 3116 3554 autem
3138 3501 3266 3557 sede
3295 3505 3502 3569 relicta,

1940 3585 1992 3638 in
2051 3586 2278 3654 patriam
2334 3585 2668 3640 Nazianzum
2726 3602 3003 3653 reversus,
3054 3591 3220 3645 vitam
3263 3597 3504 3663 quietam

1939 3676 2182 3745 privatus
2237 3678 2539 3747 transegit:
2597 3693 2774 3749 neque
2825 3680 3063 3750 cuipiam
3104 3697 3171 3737 eo
3216 3687 3359 3754 quod
3407 3703 3503 3744 sua

1938 3778 2133 3838 sponte
2165 3770 2361 3823 throno
2392 3772 2576 3832 cessit,
2602 3771 2838 3826 scandali
2863 3773 2977 3828 sive
2996 3774 3308 3831 olI'endiculi
3339 3794 3500 3834 ocea-

1938 3862 2144 3916 siouem
2179 3861 2432 3931 praebuit.
2473 3862 2576 3918 Sed
2618 3865 2765 3917 enim
2801 3865 2981 3919 virum
3035 3868 3180 3922 hunc
3207 3869 3367 3941 longe
3408 3889 3498 3926 sa-

1936 3953 2361 4023 pientissimum,
2395 3969 2518 4007 cum
2551 3955 2684 4009 alias
2724 3955 2795 4009 ob
2829 3970 2915 4010 res
2952 3972 3143 4014 omnes
3169 3961 3346 4022 valde,
3381 3972 3496 4017 tum

1935 4059 2068 4099 vero
2095 4044 2194 4099 hac
2223 4045 2338 4113 ipsa
2380 4045 2445 4099 de
2477 4060 2639 4100 causa
2670 4040 2787 4100 bon
2823 4048 3005 4104 minus
3041 4050 3298 4107 admirari
3340 4055 3497 4111 libet.

1933 4135 2122 4206 Neque
2169 4137 2315 4190 enim
2364 4137 2714 4207 eloquentia,
2742 4154 2848 4209 qua
2902 4141 3194 4210 plurimum
3240 4146 3498 4215 pollebat,

1932 4227 1997 4280 ad
2055 4228 2365 4297 superbiam
2410 4229 2589 4283 elatus
2620 4239 2746 4283 est:
2795 4247 2973 4298 neque
3008 4233 3077 4288 ab
3112 4235 3260 4291 inani
3317 4241 3488 4308 gloria

1933 4321 2128 4383 victus,
2164 4319 2692 4374 administrationem
2731 4324 2975 4378 ecclesiae
3013 4335 3174 4382 tanta:
3211 4333 3493 4400 expetivit,

1930 4425 2092 4481 quam
2129 4411 2265 4480 ipsc,
2300 4425 2424 4465 cum
2452 4427 2619 4481 prope
2639 4412 2750 4482 jam
2783 4414 3099 4481 iuteriisset,
3127 4419 3194 4472 ad
3223 4435 3341 4477 eam
3377 4440 3496 4478 rur-

246 4491 435 4583 ὀλίγον
466 4515 498 4584 ἦ
531 4512 685 4564 οὐδὲν
733 4505 824 4594 ἦν,
873 4508 1013 4562 ὥστε
1057 4507 1309 4576 κατέχειν
1359 4509 1450 4559 τὸν
1503 4509 1696 4578 θρόνον
1730 4514 1822 4564 καὶ
1855 4491 1935 4557 υε

1799 4514 1822 4560 ,ι
1855 4491 1904 4550 D
1930 4517 2051 4557 sum
2107 4502 2523 4571 amplitudinem
2572 4503 2819 4558 doctrina
2863 4521 2958 4560 sua
2998 4523 3324 4577 provexerat
3356 4532 3369 4568 :
3396 4519 3488 4570 sed

245 4609 505 4682 ἡγεῖσθαι
537 4608 634 4672 τῆς
669 4600 1110 4664 Κωνσταντίνου,
1135 4600 1323 4669 ἐτέρου
1354 4601 1653 4654 ἐπισκόπου
1684 4605 1824 4656 κατά

246 4701 562 4765 Ναξιανζὸν
599 4692 1180 4763 ἐπικηρυχθέντος.”Η
1225 4707 1286 4757 γε
1336 4690 1442 4762 μὴν
1489 4692 1705 4754 σύνοδος
1756 4695 1823 4747 τὰ

244 4796 307 4858 ἐξ
341 4791 572 4861 ἀρχαίου
599 4786 945 4854 φυλάττουσα
976 4781 1160 4850 εθιμα,
1195 4781 1223 4835 ὃ
1250 4783 1608 4852 ἐγχειρίσασα
1640 4783 1819 4852 ὤφθη,

246 4883 380 4954 παρ’
411 4882 631 4939 ἑκόντος
663 4876 956 4943 ἀπείληφε,
985 4874 1154 4942 μηδὲν
1181 4874 1280 4925 ὅσα
1310 4872 1388 4941 τῷ
1424 4872 1581 4940 ἀνδρὶ
1611 4875 1821 4945 προσῇ-

242 4993 348 5028 σαν
381 4974 499 5024 θεῖα
537 4969 1010 5034 πλεονεκτήματα,
1043 4962 1224 5026 αίδοῦς
1249 4961 1549 5028 ἀξιώσασα.

1929 4594 2076 4648 illico
2114 4593 2387 4662 episcopis
2424 4592 2735 4663 depositum
2775 4596 3038 4662 reddidit,
3070 4616 3246 4672 neque
3278 4605 3494 4662 labores

1927 4698 2065 4754 quos
2089 4685 2392 4752 pertulerat
2417 4693 2512 4736 aut
2548 4684 2792 4752 pericula
2816 4702 2936 4755 qua:
2971 4688 3230 4746 adversus
3253 4694 3491 4750 haereses

1928 4793 2021 4846 per
2052 4776 2370 4830 intestinum
2403 4775 2605 4830 bellum
2629 4792 2873 4846 pugnans
2896 4781 3125 4848 adierat,
3154 4789 3445 4853 praetendit
3470 4808 3483 4843 :

1923 4857 2083 4942 2E2
2113 4885 2237 4923 cum
2272 4869 2494 4937 quidem
2533 4879 2592 4922 ut
2620 4874 2802 4924 sedem
2832 4886 2949 4927 eam
2986 4877 3286 4943 retineret,
3318 4889 3374 4934 et
3401 4897 3490 4936 ec-

1923 4965 2142 5019 clesiam
2163 4961 2798 5031 Constantinopolianam
2811 4963 3237 5033 administraret,
3257 4971 3364 5025 alio
3372 4973 3481 5044 jam

239 5068 500 5126 Naziauzi
525 5066 783 5133 episcopo
825 5061 1102 5116 declarato
1129 5100 1142 5124 ,
1180 5061 1263 5113 vel
1302 5075 1490 5128 parum
1520 5101 1533 5122 ,
1568 5062 1651 5115 vel
1680 5062 1814 5116 nihil
1853 5075 2078 5131 prorsus
2118 5059 2486 5128 impedimenti
2550 5068 2718 5113 esset.
2785 5061 2965 5131 Atque
2995 5065 3235 5133 synodus
3262 5069 3481 5138 quidem

241 5177 430 5216 mores
495 5159 709 5228 priscos
755 5170 1109 5216 conservans,
1147 5155 1199 5208 id
1231 5155 1376 5223 quod
1442 5155 1492 5210 ci
1554 5157 1609 5210 in
1659 5173 1853 5212 manus
1895 5157 2214 5222 tradiderat,
2284 5156 2351 5209 ab
2401 5155 2518 5225 ipso
2556 5170 2665 5208 non
2712 5157 2884 5212 invito
2920 5160 3125 5229 recepit
3155 5178 3170 5214 :
3203 5142 3337 5218 nihil
3365 5179 3485 5220 om-

237 5259 374 5312 nino
431 5254 650 5308 divinas
699 5249 899 5312 dotes,
951 5262 1072 5315 qua:
1124 5248 1178 5300 iu
1235 5262 1302 5299 eo
1349 5248 1465 5302 viro
1511 5259 1712 5308 erant.
1754 5251 2012 5305 reverita.

835 5358 1086 5411 ΚΕΦΔΛ.
1125 5358 1226 5410 IB'.

233 5460 379 5527 Περὶ
408 5456 558 5521 βίου
597 5452 693 5505 καὶ
722 5447 960 5527 ἀγωγῆς
989 5449 1337 5527 ῌεκταρίου,
1382 5448 1451 5527 ᾗς
1487 5450 1816 5527 Γρηγόριρν

306 5519 655 5586 διεδέξατω
717 5521 818 5573 καί
871 5519 951 5582 ὡς
981 5520 1109 5587 ἄρτι
1130 5520 1516 5584 βαπτισθεὶς,
1547 5522 1646 5572 ἐπὶ
1704 5522 1816 5587 τὴν

309 5596 610 5662 καθέδραν
642 5591 980 5646 ἀνέϐαινεν.

307 5688 561 5756 Μεγίστη
590 5683 648 5735 δὲ
684 5683 780 5734 καὶ
807 5681 1254 5752 πεφροντισμένη
1284 5681 1446 5754 βουλὴ
1475 5681 1551 5752 τῷ
1575 5699 1628 5734 τε
1664 5681 1815 5752 βασι-

235 5788 322 5842 λεῖ
355 5785 453 5838 καὶ
491 5779 604 5840 τοῖς
639 5775 964 5836 ἐπισκόποις
1015 5774 1254 5841 ἐγένετο,
1306 5777 1399 5829 καὶ
1435 5777 1672 5846 μάλιστα
1722 5777 1813 5828 τοῦ

455 5883 729 5939 Parnm.-
761 5873 880 5934 ϐα.
914 5871 1016 5934 CX
1031 5870 1157 5933 LVI

2515 5355 2738 5411 CAPUT
2778 5357 2889 5412 XII.

1925 5452 1998 5505 De
2030 5453 2135 5503 vita
2163 5459 2210 5502 et
2235 5449 2459 5502 moribus
2494 5448 2750 5512 Nectarii,
2795 5449 3032 5520 Gregorii
3058 5456 3366 5507 successoris
3390 5471 3408 5508 :
3436 5465 3484 5509 et

1995 5531 2048 5573 ut
2079 5537 2242 5602 nuper
2280 5520 2599 5584 baptizatus,
2646 5521 2947 5573 cathedram
2991 5523 3336 5594 episcopalem
3365 5543 3486 5579 cou-

1991 5601 2172 5644 scenae
2181 5601 2265 5642 i'll.

1993 5684 2261 5738 Caeterum
2286 5683 2517 5736 maxima
2546 5697 2676 5736 cura
2723 5691 2776 5737 et
2808 5682 3129 5738 deliberatio
3163 5684 3480 5754 imperatori

1918 5783 1975 5833 et
2006 5774 2274 5844 episcopis
2330 5774 2718 5840 incumbebat,
2761 5775 3091 5846 imperatore
3140 5779 3481 5846 potissimum

3040 5877 3117 5936 9.5
