4278 6438
280 393 384 456 781

1214 392 1813 455 ECCLESIASTICE
1858 392 2246 451 HISTORI/ﬁ
2290 393 2430 453 LIB.
2480 391 2619 452 XII.

3421 396 3529 457 782

280 508 485 571 πάντες
517 507 826 574 συμὸαντες
871 507 971 578 τὴν
1015 506 1108 560 τοῦ
1148 506 1483 577 κρατοῦντος
1522 506 1703 575 ψῆφον
1735 503 1856 557 ἐκύ-
1888 514 1928 563 Α
1959 521 1969 556 ι

1838 531 1856 541 -
1888 514 1928 563 Α
1959 519 2180 569 canum,
2203 512 2261 557 ut
2302 518 2518 573 :equum
2550 499 3041 564 luerat,initiatum
3071 500 3240 556 fuisse
3272 501 3527 569 opinatus

280 616 432 667 ρουν,
464 598 623 661 εὐθὺς
654 598 872 667 ἐμυεῖτο
902 598 1228 665 Νεκτάριος.
1254 597 1376 649 ’Ἔτι
1421 596 1476 648 δὲ
1509 598 1606 665 τὴν
1652 611 1848 665 μυστι·

275 691 382 761 κὴν
408 690 616 761 ἐσθῆτα
649 691 1046 759 ἠμφιεσμένος,
1085 692 1238 759 κοινῇ
1291 689 1391 758 τῆς
1425 688 1643 741 συνόδου
1687 687 1853 757 ψήφῳ

276 784 381 851 τῆς
405 782 817 837 Κωνσταντίνου
856 782 1155 843 ἐπίσκοπος
1188 782 1546 851 ἀνηγόρευτνλ
1580 778 1765 831 Ταῦτα
1807 778 1853 831 δ’

276 874 426 927 οὕτω
456 874 731 943 συμσῆναι
784 875 997 938 πολλοῖς
1042 874 1362 944 ἐπιστεύθη,
1407 870 1544 925 Θεοῦ
1579 871 1655 940 τῷ
1696 873 1853 941 βασις

276 967 361 1019 λετ
384 972 715 1037 χρήσαντος.
746 966 807 1020 Et
836 967 883 1021 δ’
914 967 1137 1035 ἀληθὲς,
1171 968 1282 1020 εἴτε
1313 968 1406 1020 καὶ
1439 967 1536 1034 μὴ,
1570 966 1672 1017 οὐκ
1698 964 1851 1017 εἰσά-

279 1076 389 1109 παν
422 1060 548 1127 ἐμοὶ
576 1058 939 1126 ὰκριὸοὖσθαι
970 1060 1141 1112 ἐστιν·
1171 1058 1407 1122 ἐμαυτὸν
1434 1056 1478 1107 δ’
1506 1057 1613 1123 ἄρα
1642 1054 1857 1108 πεισαί-

279 1167 413 1217 μην,
447 1150 521 1220 μὴ
551 1150 704 1203 ἀθεεὶ
726 1150 824 1220 τὴν
851 1150 1107 1222 τοιαύτην
1140 1150 1415 1219 συμϐῆναι
1451 1148 1668 1217 ·..ρᾶξιν,
1693 1145 1772 1215 τῷ
1792 1161 1850 1197 τε

274 1240 438 1304 ἀήθει
468 1244 566 1309 τῆς
590 1241 927 1309 χειροτονίας
951 1241 1044 1292 καὶ
1068 1238 1227 1308 ξένῳ.
1256 1240 1350 1293 καὶ
1374 1242 1484 1300 τοῖς
1516 1238 1653 1307 μετὰ
1675 1236 1851 1289 ταῦτα

272 1330 766 1396 τεκςιηριούμενος.
827 1332 998 1399 Πράῳ
1052 1331 1161 1399 γὰρ
1215 1330 1328 1382 ὄντι
1388 1328 1485 1381 καὶ
1536 1326 1728 1396 ἀγαθῷ
1779 1326 1847 1377 τὰ

277 1426 477 1477 παντα,
511 1423 659 1482 εἰκὸς
702 1422 834 1473 Θεὸν
863 1422 963 1492 τὴν
1001 1422 1301 1492 ἱερωσύνην
1325 1421 1414 1474 διὰ
1439 1421 1539 1487 τῆς
1577 1417 1852 1486 τοσαύτης

280 1512 503 1562 amiciat:
554 1514 859 1578 ἐγχειρίσαι
913 1513 1081 1583 αὐτῷ.
1128 1512 1191 1566 'H
1243 1513 1341 1582 μὲν
1394 1507 1490 1564 οὖν
1540 1508 1851 1576 Νεκταρίου

268 1602 587 1669 χειροτονία
637 1603 778 1655 οὕτω
821 1603 921 1674 τὴν
968 1606 1143 1674 ἀρχὴν
1189 1603 1467 1671 συμὸἆσα,
1512 1601 1716 1655 τοιόνδε
1760 1604 1853 1655 καὶ

275 1695 452 1759 πέρας
483 1694 658 1745 αἴσιον
688 1694 862 1763 ἔσχεν.

1953 605 2059 651 est.
2095 597 2204 667 Ego
2224 612 2355 652 vero
2383 611 2491 652 non
2525 595 2644 649 sine
2662 604 2796 649 nutu
2830 593 2925 649 Dei
2964 594 3068 648 hoc
3092 592 3358 649 accidisse
3374 604 3527 663 puto.

1958 689 2135 757 Atque
2172 689 2261 742 ubi
2289 688 2340 742 id
2379 688 2633 757 princeps
2657 701 2875 755 quoque
2904 685 3144 747 rescivit,
3180 686 3428 754 quamvis
3458 701 3528 741 ex

1954 778 2233 849 episcopis
2262 779 2416 832 multi
2448 790 2638 833 contra
2668 778 2996 841 niteremur,
3029 779 3081 831 in
3128 780 3401 832 sententia
3449 787 3529 831 ta-

1961 888 2086 926 men
2119 887 2215 926 sua
2249 871 2339 926 ille
2383 869 2719 940 conquievit.
2756 870 3044 939 Postquam
3070 885 3201 923 vero
3224 910 3239 933 ,
3272 870 3364 939 qui
3401 884 3535 924 con-

1960 970 2249 1025 venerant,
2294 976 2485 1016 omnes
2521 962 2865 1031 imperatoris
2920 960 3191 1014 calculum
3235 961 3530 1014 coulirma-

1961 1069 2107 1116 runt.
2130 1054 2405 1122 extemplo
2429 1052 2722 1108 Nectarius
2749 1052 3023 1121 baptismo
3055 1050 3298 1105 initiatus
3318 1089 3332 1113 ,
3363 1059 3530 1120 atque

1947 1148 2258 1214 etiamnum
2301 1144 2532 1214 mystica
2563 1152 2716 1198 veste
2741 1142 2991 1203 indutus.
3023 1143 3408 1196 communibus
3440 1156 3533 1212 sy-

1953 1212 2083 1287 nodi
2119 1212 2395 1299 suﬂ‘ragii‘s
2420 1232 2711 1300 episcopus
2744 1229 3227 1299 Constantinopoli
3285 1231 3534 1285 declara-

1950 1331 2042 1377 tus
2098 1332 2205 1377 est.
2268 1320 2391 1376 llaec
2428 1322 2507 1375 sic
2544 1321 2837 1388 accidisse,
2883 1321 2992 1377 Deo
3036 1333 3297 1392 tanquam
3334 1321 3509 1375 iustru

1958 1425 2144 1469 mento
2176 1415 2295 1484 ipso
2324 1414 2574 1483 principe
2608 1424 2819 1479 utente,
2859 1430 2888 1469 a
2919 1416 3107 1469 multis
3126 1415 3398 1470 creditum
3423 1424 3530 1470 est.

1961 1506 2067 1559 Sed
2100 1520 2362 1559 verumne
2400 1505 2451 1557 id
2486 1507 2578 1567 sit,
2628 1522 2696 1559 an
2725 1521 2906 1571 secus,
2941 1505 3215 1561 aIIirmare
3243 1519 3396 1562 certo
3424 1521 3533 1560 non

1960 1614 2204 1669 possum.
2224 1599 2351 1653 Mihi
2383 1599 2603 1669 quidem
2631 1601 2746 1669 ipse
2772 1603 3161 1670 persuaserim,
3186 1616 3304 1655 rem
3327 1610 3535 1655 tantam

1961 1705 2071 1743 non
2103 1692 2221 1744 sine
2248 1690 2595 1745 Providentia
2637 1691 2823 1746 divina
2852 1701 3033 1748 actam
3070 1708 3210 1755 esse,
3244 1708 3371 1747 eum
3405 1706 3537 1761 pro-

277 1794 401 1851 pter
431 1785 711 1839 insolitum
732 1803 1041 1859 novumque
1076 1788 1361 1844 eleetiouis
1432 1795 1489 1842 et
1543 1782 1981 1841 consecrationis
2046 1797 2276 1842 morem,
2342 1791 2455 1835 tmn
2492 1793 2717 1852 propter
2754 1800 2946 1839 earum
2982 1801 3165 1840 rerum
3197 1801 3319 1854 quae
3342 1798 3536 1839 conse-

273 1891 419 1931 cutae
452 1882 1463 1952 sunt,magnitudinem,conjecturam
1485 1882 1625 1934 hanc
1644 1880 1873 1933 iaciens.
1912 1876 2077 1949 2“
2113 1876 2269 1942 Quod
2300 1894 2534 1947 namque
2566 1880 2834 1949 placidus,
2902 1889 2956 1935 et
2999 1878 3053 1932 in
3087 1880 3249 1934 rebus
3276 1878 3536 1941 omnibus

274 1972 457 2027 bonus
490 1973 611 2036 fuit,
642 1976 946 2029 verisimile
973 1988 1075 2037 est.
1110 1977 1277 2031 Deum
1312 1977 1387 2031 illi
1438 1991 1533 2044 per
1573 1974 1843 2044 synodum
1878 1982 2105 2035 tantam,
2167 1972 2549 2039 episcopatum
2597 1973 2956 2029 commisisse.
3025 1971 3381 2029 ConSecratio
3416 1972 3539 2042 qui.

272 2068 397 2119 dem
448 2066 683 2120 Nectarii
737 2068 840 2122 tale
884 2078 1175 2124 consecuta
1218 2070 1477 2133 initium,
1509 2069 1851 2138 auspicatum
1890 2079 2110 2135 quoque
2138 2065 2333 2120 habuit
2360 2068 2547 2123 linem.

884 2186 1135 2240 ΚΕΦΛΛ.
1178 2185 1277 2241 1Γ¹.

273 2278 417 2340 Περὶ
450 2271 536 2329 ὧν
587 2277 624 2341 ἠ
676 2278 813 2344 ἁγία
844 2278 1091 2345 δευτέρα
1138 2278 1517 2345 οἱκουμενικὴ
1571 2276 1858 2331 ἐθέσπισε

351 2345 641 2415 σύνοδος.
666 2347 953 2401 διελοῦσα
975 2350 1080 2412 τὰς
1105 2350 1416 2415 ἐπαρχίας.
1442 2346 1770 2414 κυρώσασά
1794 2362 1857 2398 te

351 2433 384 2467 τ
390 2416 468 2478 ὴν
485 2417 555 2468 ἐν
594 2414 813 2481 Νικαίᾳ
843 2420 1071 2479 πίστιν,
1093 2419 1187 2469 καὶ
1222 2414 1291 2469 τό
1318 2418 1559 2485 Πνεῦμα
1589 2420 1653 2471 τὸ
1686 2418 1857 2487 ἅγιον

350 2487 800 2553 θεολογήσασα,
838 2488 1100 2552 κανόνας
1139 2487 1396 2550 ἐξέθετο.

352 2658 589 2711 Ἔπειτα
637 2660 694 2719 ἐς
751 2661 915 2712 ταυτδ
970 2661 1019 2712 οἱ
1071 2663 1237 2730 ἱερεῖς
1287 2662 1527 2726 ἅπαντες
1584 2665 1857 2725 συνιόντες

282 2749 401 2817 ἅμα
446 2749 761 2819 Νεκταρίῳ,
815 2752 1088 2818 τάσφαλὲς
1138 2753 1230 2805 τὸν
1284 2756 1408 2822 ὅρον
1460 2754 1605 2824 ἔχειν
1656 2757 1752 2825 τῆς
1799 2759 1858 2809 ἐν

276 2840 487 2911 Νικαίᾳ
538 2843 779 2906 πίστεως
830 2846 1221 2911 ἐπρυτάνευον,
1273 2847 1369 2898 καὶ
1419 2849 1601 2899 πᾶσαν
1645 2848 1857 2917 αἵρεσιν

276 2935 683 2999 ἀπεκήρυττον.
757 2935 861 2985 Καὶ
933 2938 1031 2995 τὰς
1091 2937 1359 3005 ἐπαρχίας
1417 2936 1855 3006 διανειμάμενοι,

276 3024 629 3093 πατριάρχας
664 3029 1030 3092 κατέστησαν·
1081 3025 1374 3079 ἐθέσπισὰν
1426 3044 1488 3081 τε
1543 3030 1683 3081 κατὰ.
1732 3032 1857 3092 τοὺς

275 3116 453 3168 παλαι
477 3119 712 3185 κανόνας
736 3116 863 3177 τοὺς
892 3117 1227 3180 ἐπισκόπους
1251 3118 1471 3171 ἐπὶτῶν
1501 3120 1645 3171 ἰδίων
1673 3121 1857 3190 μένειν

274 3208 615 3277 ἐκκλησιῶν,
650 3212 748 3261 καὶ
782 3211 856 3279 μὴ
902 3210 977 3273 ὡς
1030 3211 1191 3278 ἔτυχε
1240 3215 1355 3274 ταῖς
1399 3212 1708 3283 ἀλλοτρίαις
1741 3216 1855 3265 ἐνο-

275 3302 431 3370 ρίαις
477 3303 820 3366 ἐπιὸαίνειν,
888 3303 1025 3372 μηδέ
1088 3305 1355 3373 ἀκλήτους
1420 3306 1588 3377 μηδὲν
1652 3323 1859 3376 προση-

276 3394 509 3454 κούσαις
554 3395 915 3463 χειροτονίαις
949 3394 1290 3450 ἐπιϐάλλειν.
1317 3397 1489 3450 Τοῦτο
1529 3400 1636 3467 γὰρ
1665 3399 1857 3469 πρώην

2545 2185 2769 2243 CAPUT
2810 2186 2953 2243 XIII.

1961 2274 2039 2327 De
2055 2277 2242 2350 quibus
2271 2277 2423 2350 rebus
2469 2288 2652 2350 sancta
2684 2280 2913 2333 secunda
2957 2280 3269 2335 universalis
3304 2281 3533 2350 synodus

2026 2348 2237 2398 decreta
2268 2346 2468 2407 tulerit,
2514 2347 2758 2417 diaeceses
2789 2358 2838 2400 et
2886 2351 3183 2417 provincias
3221 2346 3537 2405 ecclesiasti-

2028 2416 2396 2491 cas_orrjiiia_ns
2429 2430 2446 2466 :
2493 2426 2540 2468 et
2586 2425 2641 2467 ut
2684 2416 2966 2491 Nirwnam
2999 2422 3135 2472 idem
3163 2422 3533 2491 comprobans,

2030 2494 2079 2537 et
2107 2486 2180 2558 de
2201 2483 2398 2558 Spiritu
2421 2498 2602 2539 sanato
2638 2489 2954 2542 sententiam
2985 2504 3246 2558 exponens
3266 2483 3289 2556 ,’
3311 2508 3535 2544 canones

2029 2554 2341 2607 condiderit.

2029 2667 2228 2723 Postea
2277 2669 2522 2739 episcopi
2569 2686 2762 2726 omnes
2799 2688 2906 2726 una
2950 2687 3073 2727 cum
3118 2675 3375 2730 Nectario
3406 2691 3539 2731 con~

1960 2762 2188 2831 gregati,
2248 2770 2307 2814 ut
2350 2761 2583 2816 Nicaeum
2624 2762 2748 2817 fidei
2794 2765 3073 2828 decretum
3121 2776 3333 2822 certum
3370 2780 3533 2829 esset.

1958 2858 2387 2912 constituerunt.
2442 2856 2699 2912 llairesim
2753 2874 2971 2914 omnem
3027 2861 3419 2916 damnarunt:
3481 2874 3539 2918 et

1957 2949 2263 3019 provinciis
2292 2950 2504 3015 divisis,
2536 2950 2874 3019 patriarchas
2924 2954 3348 3007 constituerunt.
3397 2953 3544 3010 San-

1960 3051 2154 3095 xerunt
2179 3057 2397 3111 quoque
2431 3043 2579 3111 juxta
2613 3054 2824 3098 veteres
2869 3061 3108 3100 canones
3131 3088 3144 3108 ,
3189 3032 3261 3103 ut.
3290 3048 3535 3118 episcopi

1960 3134 2013 3186 in
2053 3134 2300 3188 ecclesiis
2356 3135 2471 3189 suis
2505 3146 2808 3200 manentes,
2826 3152 2933 3191 non
2986 3147 3189 3193 temere
3218 3140 3269 3192 in
3302 3141 3538 3195 aliarum

1960 3226 2279 3280 diteccsium
2326 3227 2462 3304 lines
2495 3229 2828 3292 transirent,
2862 3245 3001 3283 neve
3030 3245 3089 3284 se
3122 3232 3420 3301 illegitimis
3445 3249 3539 3286 or-

1959 3316 2337 3371 dinationibus
2368 3333 2475 3371 non
2501 3319 2677 3371 vocati
2704 3318 3014 3388 ingererent
3046 3338 3059 3375 :
3100 3322 3151 3374 id
3180 3323 3326 3391 quod
3352 3336 3534 3389 antea,

1960 3423 2084 3461 cum
2130 3408 2457 3463 universalis
2488 3408 2730 3465 Ecclesia
2782 3412 3266 3480 persecutionibus
3289 3416 3536 3485 exagita-

277 3487 567 3539 συνέϐαινε
596 3526 611 3551 ,
675 3488 773 3555 τῆς
826 3488 1060 3541 καθόλου
1119 3489 1445 3559 Ἐκκλησίας
1494 3490 1852 3559 διωκομένης.
1885 3514 1966 3579 αν

1849 3532 1852 3543 ι
1885 3521 1928 3579 c
1964 3507 2137 3562 retur,
2169 3498 2372 3553 factum
2407 3500 2607 3554 fuerat.
2642 3500 2992 3571 Quazcunque
3045 3518 3174 3557 vero
3208 3505 3349 3573 apud
3373 3521 3538 3574 quos-

273 3581 423 3631 ’Ὸσα
469 3596 533 3646 γε
595 3580 701 3649 μὴν
754 3581 885 3650 παρ’
945 3581 1199 3643 ἑκάστοις
1254 3581 1567 3650 συμῦαίνει,
1604 3586 1703 3652 τὴν
1759 3585 1854 3635 τοῦ

274 3672 468 3735 ἔθνους
533 3674 775 3736 σᾶνοδον,
826 3673 903 3735 ὡς
975 3676 1160 3745 ἐκείνῃ
1215 3674 1454 3744 κριθείη,
1515 3675 1741 3729 διοικεῖν
1795 3690 1854 3729 τε

277 3767 373 3816 καὶ
414 3764 701 3832 πράττειν.
730 3768 884 3820 Μετὰ
925 3766 982 3819 δὲ
1029 3770 1121 3819 τὸν
1155 3768 1376 3837 Ῥώμης
1434 3768 1523 3820 τὸν
1558 3769 1653 3838 τῆς
1707 3770 1858 3822 Κων-

282 3858 571 3910 σταντίνου
600 3860 902 3912 ἐπίσκοπον
928 3860 987 3912 τὸ
1015 3859 1306 3930 πρεσϐεῖον
1337 3861 1505 3929 ἔχειν,
1534 3862 1628 3914 au
1663 3864 1725 3931 δὴ
1758 3863 1855 3932 τῆς

272 3952 407 4012 νέας
450 3949 673 4019 Ῥώμης
696 3950 827 4003 ὂντα
854 3951 1168 4021 ἐπίτροπον.
1196 3953 1269 4004 Ού
1306 3952 1468 4021 μόνον
1499 3952 1606 4022 γὰρ
1641 3955 1673 4023 ἡ
1700 3953 1853 4017 πόλις

272 4042 423 4093 οὕτω
450 4045 912 4111 προσηγορεύετο,
944 4045 1207 4115 γερουσία
1234 4060 1293 4097 τε
1328 4046 1420 4097 καὶ
1444 4047 1636 4114 δήμων
1666 4051 1853 4115 τιμαῖς

273 4138 375 4189 καὶ
401 4141 596 4206 ἀρχαῖς
626 4137 972 4205 ἐσεμνύνετο·
1002 4140 1138 4192 ἀλλὰ
1168 4141 1263 4193 καὶ
1289 4141 1533 4211 σύμϐολα
1564 4146 1658 4195 καὶ
1690 4142 1853 4213 ἔθιμα

272 4230 391 4280 ’τῶν
424 4232 480 4280 ἐν
523 4230 724 4299 Ἰταλίᾳ
766 4228 1056 4293 Ῥωμαίων
1086 4229 1267 4302 ηὔχει·
1296 4234 1365 4285 τά
1400 4251 1457 4286 τε
1488 4237 1625 4303 γέρα
1657 4236 1750 4288 καὶ
1788 4238 1855 4287 τὰ

270 4325 339 4373 ἐκ
369 4324 533 4390 τιμῆς
560 4322 745 4373 δίκαια
778 4323 975 4393 ἐπίσης
998 4323 1236 4392 ἑκατέρα
1270 4325 1358 4377 ῑσα
1387 4320 1474 4395 ἦν.
1509 4326 1725 4395 Ἀμέλει
1760 4329 1855 4379 καὶ

271 4415 579 4484 κληρῶται
630 4413 939 4482 Νεκτὰριος
988 4416 1088 4483 τὴν
1132 4416 1355 4486 Θρᾴκην
1407 4418 1578 4486 αὐτὴν
1614 4420 1705 4470 καὶ
1756 4418 1853 4487 τὴν

272 4508 686 4573 Μεγαλόπολιν·
734 4508 835 4576 τὴν
884 4508 940 4560 δὲ
988 4508 1129 4560 κατά
1177 4509 1378 4560 Πόντον
1428 4508 1699 4577 διοίκητιν
1746 4509 1854 4561 ἀπὸ

272 4599 524 4652 Βιθυνῶν
559 4597 718 4666 ἄχρις
766 4597 1071 4667 Ἀρμενίων
1116 4596 1370 4663 Ἐλλσδίῳ
1404 4597 1479 4666 τῷ
1517 4601 1657 4666 μετα
1690 4598 1855 4649 Βασί-

271 4691 330 4741 λε
343 4706 419 4740 ιον
445 4690 542 4757 τῆς
571 4689 954 4740 Καππαδοκῶν
986 4689 1322 4757 ἡγησαμένῳ
1349 4688 1556 4753 ἔδοσαν,
1591 4692 1683 4744 καὶ
1708 4692 1854 4761 Γρη-

270 4782 451 4851 γορίῳ
484 4780 564 4849 τῷ
597 4780 842 4850 Νύσσης·
873 4780 1025 4842 πόλις
1052 4781 1110 4834 δέ
1147 4788 1239 4834 καὶ
1265 4781 1404 4851 αὕτη
1444 4784 1849 4837 Καππαδοκῶν.

1966 3604 2072 3658 que
2105 3590 2439 3654 acciderent,
2470 3601 2531 3646 ut
2559 3595 2737 3663 gentis
2763 3594 2882 3662 ejus
2912 3595 3153 3664 synodus
3178 3613 3279 3667 pm
3303 3600 3534 3656 arbitrio

1964 3695 2065 3734 suo
2095 3696 2157 3734 ea
2190 3681 2471 3738 ordinaret
2499 3694 2555 3739 et
2590 3694 2879 3740 statueret.
2924 3686 3215 3756 Prmterea,
3245 3700 3303 3744 ut
3334 3706 3534 3747 secun-

1964 3772 2093 3826 dum
2154 3774 2412 3829 Romana:
2444 3776 2594 3830 urbis
2639 3778 2994 3847 episcopum,
3030 3780 3538 3855 Constantinopoli-

1966 3874 2125 3919 tauus
2184 3866 2413 3921 antistes
2459 3872 2698 3935 primum
2757 3885 2820 3924 ac
2871 3874 3208 3941 praecipuum
3256 3878 3537 3935 obtineret

1963 3954 2252 4019 honorem,
2282 3964 2341 4010 ut
2370 3958 2461 4025 qui
2492 3974 2649 4012 nova:
2677 3958 2865 4014 Romae
2893 3972 3114 4016 curatur
3132 3965 3222 4018 sit.
3247 3965 3365 4019 Non
3383 3969 3531 4022 enim

1963 4049 2097 4103 urbs
2133 4066 2198 4103 ea
2225 4057 2438 4103 tantum
2477 4051 2552 4105 ita
2578 4053 2856 4106 nominata
2891 4063 3016 4119 est,
3048 4068 3105 4111 et
3134 4058 3321 4127 populi
3354 4060 3534 4115 hono-

1964 4142 2118 4195 ribus
2172 4142 2693 4212 magistratibusque
2753 4156 3046 4210 exornata,
3100 4162 3292 4202 verum
3362 4151 3530 4204 etiam

1963 4232 2132 4300 signis
2185 4232 2542 4302 moribusque
2601 4242 2658 4288 et
2715 4234 2929 4304 legibus
2977 4252 3104 4291 cum
3161 4237 3423 4296 Romanis
3475 4243 3532 4297 in

1964 4320 2112 4375 Italia
2156 4323 2364 4377 eisdem
2412 4326 2704 4395 gloriatur,
2739 4336 2903 4397 atque
2963 4333 3184 4400 utrique
3252 4348 3319 4387 ex
3372 4349 3531 4404 aequo

1961 4415 2114 4483 paria
2149 4425 2277 4469 sunt
2302 4425 2358 4470 et
2392 4416 2678 4486 dignitatis
2710 4422 2957 4489 praemia,
2988 4431 3045 4476 et
3084 4423 3354 4479 honorum
3385 4430 3530 4496 jura.

1963 4506 2131 4576 Igitur
2187 4508 2520 4563 dioecesibus
2581 4509 2907 4566 ordinandis
2964 4512 3253 4570 Ne’ctarius
3308 4518 3533 4587 quidem

1962 4597 2245 4653 Thraciam
2278 4599 2503 4653 sortitus
2518 4609 2619 4663 est,
2647 4612 2699 4655 et
2721 4602 3184 4675 Megalopolim“)
3207 4625 3221 4660 :
3249 4608 3531 4665 Ponticam

1960 4700 2143 4744 autem
2177 4693 2458 4745 dimcesim
2483 4692 2558 4760 (ἰ)
2582 4709 2609 4745 a
2634 4692 2885 4763 Bithynia
2906 4711 3079 4765 usque
3111 4699 3178 4752 ad
3212 4701 3528 4767 Armenios,

1961 4779 2228 4843 Helladio,
2262 4783 2353 4849 qui
2390 4780 2590 4836 Basilio
2625 4784 2677 4837 in
2701 4783 3043 4853 Cappadocia
3076 4803 3449 4847 successerat:
3474 4806 3531 4850 et

271 4874 388 4941 Την
432 4873 487 4923 δὲ
530 4876 629 4940 τῆς
677 4874 990 4942 Μελιτηλιῆς
1029 4873 1295 4942 ἐπαρχίαν
1336 4873 1570 4944 Ὀτρηΐῳ
1604 4877 1849 4944 ἀφῆκαν.
1883 4875 1960 4933 Ι)⁴

1840 4916 1849 4931 ,
1883 4875 1931 4933 D
1957 4871 2219 4940 Gregorio
2240 4873 2422 4943 Nyssre
2448 4913 2462 4935 ,
2495 4889 2615 4942 qua:
2654 4884 2710 4929 et
2749 4880 2862 4945 ipsa
2904 4878 3289 4951 Cappadocum
3337 4886 3529 4942 civitas

270 4968 387 5035 Τὴν
421 4966 468 5017 δ’
522 4966 780 5033 Ἀσιανὴν
828 4966 1101 5036 διοίκησιν
1147 4967 1551 5037 ’Λμφιλόχιοςὸ
1603 4970 1851 5036 Ἰκονίου,

269 5062 370 5113 καὶ
394 5060 666 5127 Ὀπττμος
688 5060 715 5111 ὁ
741 5059 840 5125 τῆς
897 5059 1130 5111 Πισίδων
1162 5059 1496 5130 Ἀντιοχείας
1525 5063 1845 5133 ἐλάγχανον·

268 5152 553 5219 Αἴγυπτος
586 5150 642 5201 δέ
667 5150 744 5219 τῷ
791 5148 1206 5219 Ἀλεξανδρείας
1232 5151 1485 5222 Τιμοθέῳ
1516 5154 1718 5207 ἀνεῖτο.
1740 5156 1851 5226 Τὴν

268 5242 329 5293 δὲ
361 5239 635 5307 διοίκησιν
676 5240 980 5291 τῶν-κατὰ
1024 5238 1123 5307 τὴν
1158 5239 1232 5291 ἕω
1272 5240 1581 5310 ἐκκλησιῶν
1612 5244 1725 5304 τοῖς
1759 5243 1849 5294 ὑπ’

268 5332 447 5421 αὐτὴν
499 5334 818 5391 ἐπισκόποις
861 5331 1194 5400 ἐπέτρεψαν·
1243 5327 1354 5384 οἷον
1397 5333 1475 5402 τῷ
1530 5334 1851 5398 Λαοδικείας

272 5426 553 5493 ΙΙελαγίῳ,
586 5428 680 5478 καὶ
706 5423 960 5493 Διοδώρῳ
986 5424 1063 5494 τῷ
1095 5425 1311 5497 Ταρσοῦ
1344 5427 1441 5495 τῆς
1474 5427 1754 5490 Κιλικίας·
1783 5431 1850 5481 τὰ

265 5519 447 5570 οἰκεῖα
483 5514 754 5584 πρεσϐεῖα
810 5515 950 5585 μόνα
986 5518 1051 5585 τῇ
1106 5516 1383 5585 Ἀντιόχου
1429 5520 1844 5587 καταλιπόντες,

341 5678 418 5745 (l)
455 5676 555 5728 Per
590 5673 967 5745 Megalopolim
996 5713 1007 5732 .
1046 5672 1152 5745 hoc
1183 5680 1264 5745 est
1292 5714 1304 5733 ,
1338 5688 1586 5745 magnam
1628 5676 1843 5739 urbem,

263 5742 777 5812 Constantinopons
805 5750 908 5797 hoc
932 5744 1049 5796 loco
1080 5742 1453 5811 intelligenda.

340 5817 419 5886 (2;
451 5815 607 5885 Apul
644 5824 1007 5871 bonumenum
1040 5824 1123 5868 est
1160 5832 1170 5867 :
1199 5813 1484 5868 Dlmccsim
1513 5814 1671 5869 istam
1701 5817 1846 5871 Pen-

1958 4977 2060 5027 εει,
2093 4963 2355 5033 episc0po
2378 4966 2774 5020 attribuerunt.
2807 4967 3153 5025 Provinciam
3196 4985 3382 5028 autem
3415 4977 3527 5031 Me-

1955 5055 2269 5111 litinensem
2306 5057 2490 5109 Otrcio
2548 5057 2913 5124 reliquerunt.
2956 5060 3212 5116 Asianam
3262 5079 3395 5119 vero
3430 5068 3530 5121 ad-

1959 5147 2413 5201 ministrationem
2462 5148 2883 5217 Amphilochius
2928 5151 3137 5219 Icoaii,
3173 5163 3229 5208 et
3278 5158 3530 5223 Optimus

1956 5241 2260 5294 Antiochiae
2284 5243 2335 5293 in
2370 5239 2848 5311 Pisidia,episcopi
2879 5257 3236 5314 acceperunt.
3258 5249 3526 5322 Egyptus

1955 5347 2120 5401 porro
2178 5333 2279 5386 sub
2314 5332 2604 5385 'l‘unorhco
2650 5334 3020 5391 Alexandrino
3062 5346 3383 5407 permansit.
3418 5342 3529 5399 Gu-

1959 5425 2338 5477 bernationcm
2378 5435 2561 5478 autem
2615 5424 2972 5480 Orientalium
3025 5431 3384 5485 ecclesiarum
3414 5435 3528 5497 cpi-

1957 5516 2137 5585 scopis
2163 5532 2350 5571 earum
2393 5521 2723 5589 permisere,
2762 5521 3015 5575 videlicet
3063 5520 3281 5592 Pelagio
3316 5523 3523 5580 Laodi-

1959 5674 2119 5729 ticam
2152 5689 2181 5727 a
2216 5675 2465 5745 Bithynia
2502 5693 2673 5745 usque
2724 5678 2787 5732 ad
2820 5680 3109 5734 Armenios
3140 5696 3261 5735 esse
3294 5698 3517 5739 conces-

1959 5760 2073 5822 sam
2097 5745 2355 5822 _lle_l_l.t_dio
2383 5746 2725 5822 Caesariensi,
2754 5759 2807 5822 et
2850 5750 3111 5822 Gregorio
3144 5752 3388 5822 Nysseno
3414 5794 3429 5819 ,
3464 5766 3521 5811 et

1958 5814 2145 5870 Otrcio
2178 5816 2527 5883 Melitineusi,
2562 5820 2852 5885 cpiscouis.
2882 5814 3000 5876 Lili.
3023 5837 3115 5887 vn,
3148 5814 3263 5889 et...
3294 5829 3344 5877 υ.
