4278 6438
755 406 860 470 783

1977 387 2399 450 NICEPIIORI
2445 387 2791 450 CALLISTI

3918 392 4024 457 781

753 522 926 583 censi,
983 529 1038 573 et
1091 516 1331 572 Diodoro
1359 514 1655 570 .Tarsensi.
1700 511 2005 568 Antiochia:
2035 525 2166 565 vero
2221 509 2335 561 sola
2365 506 2415 562 Α

2365 506 2415 562 Α
2442 507 2585 578 ἆπερ
2621 507 2702 561 ἔτι
2753 509 2874 562 τότε
2926 510 3091 576 ζῶντι
3135 511 3387 582 Μελετίῳ
3441 510 3806 581 ἐνεχείρισαν·
3835 513 3938 576 τὰς
3971 515 4028 568 δὲ

754 632 852 671 sua
889 615 1264 682 relinquentes
1314 610 1594 680 privilegia
1625 650 1641 673 ,
1703 607 1917 660 Meletio
1949 605 2114 659 etiam
2152 603 2333 656 adhuc

754 711 1039 779 superstiti
1089 709 1426 760 tribuerunt.
1479 704 1722 758 Urbibus
1751 712 1935 755 autem
1979 700 2122 754 circa
2159 698 2335 751 Thra-

756 805 892 856 ciam
923 814 975 855 et
1008 800 1284 869 Scythiam
1321 799 1397 860 (ί)
1436 796 1581 857 sitis,
1626 793 1948 848 Terentium
1983 793 2334 846 Tomitannm

756 906 811 947 et
851 894 1167 962 Martyrium
1203 887 1788 956 Mareionopolitanum
1830 885 2143 954 prmfecere.
2177 881 2337 950 245

749 989 905 1052 Quos
964 1001 1087 1038 cum
1147 985 1443 1049 imperatur
1499 994 1690 1032 omnes
1743 979 1892 1031 visos
1938 976 2335 1035 eullaudasset,

757 1066 1035 1132 sententia
1065 1092 1160 1128 sua
1198 1075 1441 1128 calculos
1471 1086 1692 1140 quoque
1721 1084 1914 1123 eorum
1935 1066 2336 1133 comprobavit.

763 1170 820 1221 Et
841 1179 953 1223 erat
987 1182 1179 1220 eorum
1209 1165 1439 1219 illustris
1460 1163 1664 1233 gloria:
1695 1161 1896 1229 quippe
1929 1160 2019 1229 qui
2053 1157 2336 1218 ecclesias,

758 1279 859 1333 pro
895 1276 962 1315 eo
991 1270 1154 1327 atque
1206 1275 1300 1327 par
1335 1265 1438 1319 est,
1476 1255 1946 1310 administrarent.
1985 1253 2056 1305 De
2102 1250 2339 1302 Maximo

763 1372 894 1411 vero
932 1355 1245 1416 decrevere,
1277 1359 1334 1404 ut
1368 1364 1541 1418 neque
1573 1359 1736 1410 esset,
1780 1361 1960 1414 neque
1993 1358 2190 1397 nomen
2221 1341 2342 1410 epi-

761 1447 912 1517 se0pi
944 1447 1168 1500 haberet
1199 1460 1211 1496 :
1247 1457 1386 1512 quos
1416 1455 1544 1496 vero
1591 1445 1962 1494 consecrasse!
2007 1437 2258 1498 clericos,
2285 1443 2341 1487 et

758 1552 1100 1612 quaecunque
1147 1538 1368 1606 egisset,
1409 1535 1563 1588 irrita
1617 1542 1674 1586 ut
1712 1531 1897 1585 omnia
1934 1538 2143 1584 essent.
2190 1527 2339 1581 Con-

758 1632 1044 1685 stitutione
1083 1643 1304 1697 quoque
1357 1628 1656 1694 imperator
1699 1623 1919 1682 sanxit,
1959 1633 2017 1673 ut
2079 1619 2234 1671 ﬁrma
2286 1629 2342 1672 et

761 1732 1026 1792 perpetua
1061 1730 1209 1775 esset
1256 1718 1490 1772 Nicmnre
1524 1715 1660 1772 'lidei
1703 1714 2009 1768 auctoritas
2047 1730 2058 1764 :
2091 1720 2254 1777 atque
2282 1718 2342 1762 ut

762 1831 954 1868 omnes
989 1813 1237 1866 onmium
1286 1810 1530 1863 locorum
1585 1805 1831 1860 ecclesiae
1874 1803 1982 1856 illis
2024 1801 2340 1854 committe-

2447 602 2576 670 περὶ
2630 601 2853 673 Θρᾴκην
2917 606 3012 656 καὶ
3071 604 3310 657 Σκυθίαν
3365 605 3553 667 πόλεις
3619 604 3896 674 Τερεντίῳ
3951 607 4031 676 τῷ

2446 693 2694 762 Τομέων,
2727 697 2820 746 καὶ
2873 696 3179 764 Μαρτυρίῳ
3227 697 3302 763 τῷ
3339 696 3898 766 Μαρκιανουπόλεως,
3922 697 4032 760 Οὓς

2445 785 2581 854 δῆτα
2615 787 2825 848 πάντας
2875 788 2973 838 καὶ
3024 787 3281 855 βασιλεὺς
3319 787 3444 839 ἱδών
3475 805 3532 840 τε
3570 788 3665 840 καὶ
3705 788 4028 851 ἐπαινέσας.

2447 879 2657 945 ἐγίνετο
2718 880 3033 950 σύμψηφος,
3076 882 3264 942 αὐτοῖς
3317 881 3744 946 συγγενόμενος·
3799 876 3875 932 ὧν
3932 883 4030 932 καὶ

2445 972 2572 1035 δόξα
2596 972 2824 1042 λαμπρὰ
2851 974 3153 1043 ἐπεκράτει
3182 970 3271 1027 οἷα
3296 973 3393 1034 τὰς
3426 972 3726 1040 ἐκκλησίας
3753 972 3827 1034 ὡς
3853 973 4031 1042 χρεὼν

2449 1066 2761 1120 ίθυνόντων.
2795 1067 3050 1134 Μάξιμον
3085 1068 3140 1118 δὲ
3185 1067 3306 1136 μηδ’
3341 1062 3502 1128 εἶναι,
3536 1065 3673 1136 μηδὲ
3704 1067 3872 1133 ὄνομα
3907 1069 4026 1118 ὲπι-

2449 1159 2655 1211 σκότιου
2687 1159 2856 1228 ἔχειν’
2894 1162 3021 1221 τοὺς
3068 1160 3122 1212 δὲ
3168 1161 3300 1227 παρ’
3325 1159 3492 1210 αὑτοῦ
3541 1158 4028 1227 χειροτονηθέντας

2447 1250 2747 1319 κληρικοὺς
2801 1251 2894 1303 καὶ
2947 1251 3016 1304 τὰ
3066 1253 3437 1320 πεπραγμένα
3487 1251 3788 1318 σύμπαντα
3842 1249 4027 1319 ἄκυρα

2447 1336 2609 1395 εἶναι.
2648 1342 2754 1394 Καὶ
2805 1343 2956 1413 νόμῳ
2990 1344 3189 1414 ἐκύρου
3251 1343 3480 1413 βεϐαίαν
3533 1344 3690 1395 ἐσαεὶ
3747 1342 4030 1410 διαμένειν

2446 1433 2544 1502 τὴν
2572 1435 2628 1486 ὲν
2655 1435 2864 1504 Νικαίᾳ
2893 1433 3098 1486 πίστιν·
3127 1435 3344 1497 καὶτὰς
3375 1433 3694 1503 ἁπανταχοῦ
3725 1433 4032 1499 ἐκκλησίας

2448 1524 2681 1586 ἐκείνοις
2725 1523 2952 1588 διδόναι,
2984 1519 3064 1586 οἷς
3110 1527 3400 1592 ὁμολογεῖν
3435 1525 3592 1593 θέμις
3629 1527 3688 1576 ὲν
3725 1523 4029 1575 ὑποστάσει

2447 1617 2617 1687 τριῶν
2670 1616 2979 1686 προσώπων
3020 1618 3281 1687 ἰσοτίμων
3335 1617 3426 1670 καὶ
3461 1616 3737 1684 ὁμοδόξων
3789 1616 4028 1678 θεότητα

2453 1706 2583 1773 μίαν
2615 1706 2828 1778 Πατρός
2856 1722 2914 1757 τε
2939 1706 3034 1757 καὶ
3073 1706 3197 1758 1⁵ἱοῦ
3232 1706 3326 1758 καὶ
3357 1706 3512 1770 ἁγίου
3543 1705 3888 1773 Πνεὺματος.
3919 1702 4028 1754 Καί

2449 1814 2601 1858 τινας
2632 1796 2685 1848 δὲ
2720 1797 2953 1858 κανόνας
2998 1797 3097 1864 τῆς
3133 1796 3603 1865 ὲκκλησιαστικῆς
3637 1796 3828 1847 ἕνεκεν
3877 1794 4034 1845 εὐκο-

760 1919 977 1970 reutnr,
1007 1908 1098 1976 qui
1135 1903 1493 1960 subsistentia
1544 1901 1708 1955 trium
1740 1898 1983 1967 ejusdem
2014 1895 2240 1949 honoris
2285 1903 2341 1948 et
2374 1874 2414 1928 Β
2448 1921 2449 1931 ι

2374 1874 2414 1928 Β
2448 1888 2617 1956 σμίας
2648 1889 2958 1956 έκθέμενοι,
2995 1891 3090 1941 καὶ
3124 1889 3222 1959 τὴν
3267 1889 3363 1942 τοῦ
3395 1889 3667 1954 παναγὶου
3703 1888 4032 1954 Πνεύματος

762 1997 1008 2065 ejusdem
1061 1995 1247 2063 gloriae
1300 2005 1662 2061 personarum
1694 2029 1706 2051 ,
1759 1985 2106 2040 divinitatem
2169 2000 2331 2038 unam

763 2090 946 2144 Patris
993 2099 1043 2142 et
1096 2086 1216 2141 Filii
1252 2095 1306 2138 et
1335 2084 1574 2153 Spiritus
1606 2079 1778 2133 sancti
1813 2079 2205 2148 proﬁterentur
2239 2077 2341 2145 ('2).

767 2185 831 2237 Et
877 2181 1182 2236 canonibus
1233 2177 1556 2246 quibusdam
1605 2176 1970 2228 ecclesiarum
2004 2169 2344 2224 exornanda-

765 2291 884 2327 rum
938 2274 1110 2341 gratia
1149 2268 1506 2339 promulgatis
1529 2309 1542 2332 ,
1577 2266 1743 2320 etiam
1771 2264 2007 2330 Spiritus
2037 2261 2208 2316 sancti
2234 2262 2348 2330 glo-

2448 1980 2627 2045 δόξαν,
2662 1979 2737 2039 ὼς
2790 1980 3034 2046 ἰσότιμον
3083 1985 3179 2031 καὶ
3210 1978 3462 2047 ὁμόδοξον
3488 1980 3566 2047 τῷ
3602 1979 3781 2043 Πατρὶ
3810 1978 3904 2028 καὶ
3955 1976 4034 2043 τῷ

2451 2073 2566 2143 Υἱῷ
2588 2072 2663 2142 τῷ
2686 2071 2816 2142 θείῳ
2841 2072 3097 2141 συμϐόλῳ
3121 2071 3220 2136 τῆς
3246 2074 3300 2122 ἐν
3331 2071 3541 2139 Νικαίᾳ
3577 2069 3818 2129 πίστεως
3854 2082 4032 2136 προσ-

2452 2166 2724 2226 ετίθεσαν,
2747 2164 2841 2216 τοῦ
2874 2163 3098 2232 Νύσσης
3129 2162 3438 2234 Γρηγορίου
3487 2163 3546 2215 τὸ
3571 2161 3756 2214 λεῖπον
3795 2160 3874 2229 τῷ
3900 2158 4033 2227 ἱερῷ

2457 2257 2714 2326 συμϐόλῳ
2738 2255 2951 2325 ἀναπλη
2963 2255 3260 2324 ρώσαντος.

767 2371 929 2429 riam,
967 2376 1154 2435 utpote
1191 2363 1425 2418 similem
1481 2369 1646 2428 atque
1679 2356 1942 2427 :equalem
1969 2355 2113 2410 Patri
2145 2363 2199 2408 et
2251 2355 2412 2420 Filio,
2453 2365 2643 2408 sanCto
2665 2351 2900 2406 Nicaeum
2933 2349 3054 2403 ﬁdei
3080 2348 3332 2419 symbolo
3362 2347 3685 2417 adjecerunt
3720 2365 3731 2398 :
3765 2343 4036 2414 Gregorio

766 2465 1012 2534 Nysseno
1046 2460 1098 2513 id
1126 2458 1270 2528 quod
1296 2455 1375 2509 illi
1398 2454 1618 2508 deesset
1641 2451 1954 2520 supplente.

1351 2574 1573 2629 CAPUT
1614 2572 1751 2626 λιν.

768 2679 848 2733 De
877 2676 1106 2747 Cyriaco
1120 2673 1448 2747 Arianorum,
1466 2678 1511 2747 _et
1532 2665 1802 2747 “Marntyt'io
1828 2663 2048 2747 Cilicum
2073 2664 2346 2746 episcopo:

840 2760 885 2800 et
921 2732 978 2797 ἶιι
1013 2744 1250 2810 reliquid:
1304 2740 1474 2792 sancti
1523 2732 1936 2810 l’auliicpiscopi
1971 2732 2348 2810 Constantino—

838 2816 1062 2886 politam’
1093 2803 1603 2886 Constat:“nonali-nt
1623 2805 1953 2886 lsin‘tlrelatm
1987 2814 2070 2856 τρι
2103 2807 2164 2854 ac
2189 2803 2349 2855 Mele-

833 2875 910 2940 ἇίο
940 2886 1278 2940 ΑηιίοεΙιιήο,
1306 2887 1422 2931 etut
1454 2876 1666 2930 Meletio
1687 2875 1977 2928 Flavianus
2007 2875 2346 2925 successerit:

837 2969 887 3009 et
927 2959 987 3008 de
1012 2951 1361 3023 offendit-uiis,
1407 2964 1524 3016 qua:
1554 2957 1764 3023 propter
1793 2945 1964 2997 sedem
2001 2942 2348 3013 episcopalem

834 3019 1366 3080 rursum"Antiochia:
1398 3029 1520 3072 sunt
1550 3019 1832 3069 concitata.

840 3204 934 3258 llis
967 3203 1041 3256 ita
1074 3200 1232 3263 actis,
1281 3195 1444 3251 simul
1490 3201 1546 3248 et
1583 3190 1826 3261 synodus
1858 3188 2020 3242 ﬁnem
2053 3201 2216 3240 suum
2255 3185 2350 3238 ha-
2376 3204 2419 3265 α

770 3297 917 3358 buit,
950 3303 1007 3347 et
1038 3291 1233 3360 reliqui
1268 3287 1513 3357 episcopi
1560 3285 1625 3338 ad
1664 3282 1822 3338 sedes
1852 3296 1980 3336 suas
2027 3279 2338 3332 redierunt.

771 3386 1067 3442 Nectarius
1125 3391 1312 3436 autem
1354 3378 1637 3448 (lyriacum
1675 3374 1992 3428 Adanorum
2029 3372 2348 3440 episcopum

775 3495 962 3534 secum
997 3475 1245 3535 retinuit,
1278 3469 1727 3540 utepiscopalem
1771 3465 2119 3534 disciplinam
2165 3462 2234 3514 ab
2283 3476 2350 3514 eo

773 3572 1080 3626 addisceret
1106 3585 1118 3622 ε
1154 3566 1303 3620 hunc
1331 3564 1478 3618 enim
1502 3562 1566 3614 ad
1595 3562 1759 3614 breve
1789 3568 2004 3626 tempus
2053 3571 2082 3609 a
2115 3555 2351 3608 Diodoro

775 3661 1035 3719 Tarsensi
1073 3660 1325 3721 petierat.
1369 3659 1439 3709 At
1467 3656 1556 3708 ille
1610 3668 1717 3707 non
1761 3653 1908 3706 hunc
1938 3650 2137 3710 solum,
2172 3648 2266 3700 sed
2298 3657 2354 3700 et

769 3756 914 3808 alios
952 3752 1223 3822 plurimos
1247 3746 1454 3801 Cilices
1479 3744 1618 3813 apud
1647 3757 1771 3796 eum
1793 3739 2036 3807 reliquit.
2058 3736 2118 3789 ιιι
2146 3734 2352 3804 quibus

769 3857 832 3902 et
879 3844 1192 3914 Martyrius,
1236 3838 1481 3893 medicus
1523 3837 1783 3904 optimus,
1832 3839 2174 3899 erat;quem
2206 3842 2356 3881 com—

775 3940 1073 3993 missorum
1107 3937 1158 3988 in
1192 3931 1420 4003 juvenili
1456 3936 1614 3982 actate
1667 3935 2017 3995 peccatorum
2041 3963 2056 3987 ,
2086 3921 2190 3976 sibi
2223 3935 2357 3975 eon-

776 4033 954 4087 scium
983 4027 1226 4082 habebat
1256 4022 1563 4078 Nectarius.
1595 4018 1730 4072 Eum
1760 4029 1870 4071 tum
1902 4019 1954 4070 in
1993 4015 2355 4069 diaconorum

777 4137 1069 4178 numerum
1099 4128 1358 4187 cooptare
1383 4113 1675 4169 studebat:
1708 4111 1995 4180 Martyrius
2035 4122 2168 4161 vero
2195 4106 2356 4159 mini-

772 4217 933 4271 sterii
965 4216 1084 4284 ejus
1113 4211 1452 4266 l'uuetionem
1496 4203 1821 4273 refugiebat.
1858 4200 2175 4254 Aﬂirmabat
2202 4213 2356 4251 nam-

781 4323 911 4377 que,
955 4307 1237 4373 indiguum
1296 4314 1354 4353 se
1401 4312 1521 4351 esse
1553 4304 1703 4347 tanto
1751 4305 2001 4356 munere,
2052 4296 2357 4356 testemque

772 4405 905 4453 «ita:
936 4398 1074 4450 male
1096 4402 1340 4463 peracta:
1394 4390 1573 4458 ipsum
1623 4385 1937 4438 Nectarium
1981 4380 2263 4434 laudabat.
2291 4377 2358 4430 Et

781 4495 920 4548 ille:
974 4509 990 4539 ι
1031 4487 1194 4553 Quid,
1248 4484 1463 4552 inquit,
1511 4475 1861 4533 cxsistimas?
1909 4473 2021 4542 Ego
2063 4470 2157 4540 qui
2211 4483 2359 4521 nunc

3048 2555 3301 2609 ΚΕΦΔΛ.
3343 2552 3442 2607 IA'.

2454 2653 2591 2720 Περὶ
2624 2649 2918 2719 Κυριακοῦ
2950 2648 3056 2700 τοῦ
3089 2646 3342 2699 Ἀδάνων
3373 2646 3713 2720 ἐπισκρπου
3747 2644 3843 2696 καὶ
3878 2643 4036 2720 Μαξ-

2527 2714 2730 2788 ἱνυρίοὺ
2765 2721 2869 2773 τοῦ
2909 2720 3152 2788 Κίλικος
3175 2733 3186 2747 ·
3220 2720 3315 2767 καὶ
3352 2715 3482 2781 περὶ
3522 2714 3630 2788 τῆς
3665 2714 4044 2788 ἀνακρμιδῆς

2525 2784 2642 2845 τῶν
2699 2790 3007 2857 λειψάνων
3059 2787 3163 2838 τοῦ
3226 2787 3396 2857 ἁγίου
3447 2785 3688 2857 Παύλου
3739 2784 3845 2835 τοῦ
3879 2788 4042 2835 Κων-

2526 2853 3109 2915 σταιτινόυπόλεως.
3140 2856 3237 2908 καί
3291 2854 3585 2906 Με.1ετίου
3645 2853 3751 2906 τοῦ
3804 2854 4036 2906 Ἀντιο-

2524 2933 2695 2998 χείας
2721 2947 2733 2960 ·
2774 2928 2870 2981 κ(ιὶ
2898 2929 2977 2989 ὡς
3015 2925 3306 2998 Μελέτιον
3330 2924 3671 2998 Φλαϐιανός
3706 2923 4043 2998 διεδέχετο·

2525 2992 2622 3053 καὶ
2655 2992 2973 3052 σκάνδαλα
2999 2994 3187 3047 πάλιν
3216 2993 3605 3047 ἀνεκινοῦντο
3634 2992 3732 3045 διὰ
3766 2994 3872 3045 τὸν
3901 2996 4045 3059 θρό-

2523 3087 2636 3124 νον
2677 3068 2749 3135 τῇ
2787 3067 3122 3132 Ἀντιόχου.
3869 3060 3882 3069 “

2535 3182 2689 3233 Ἐπεὶ
2716 3180 2771 3231 δὲ
2796 3178 2924 3230 τάδε
2954 3176 3193 3243 ἐγένετο,
3223 3175 3319 3226 καὶ
3352 3175 3382 3242 ἡ
3413 3172 3628 3235 σύνοδος
3658 3173 3837 3239 πέρας
3868 3169 4046 3243 εῖχεν,

2457 3277 2506 3327 οἱ
2546 3275 2644 3344 μὲν
2677 3273 2857 3325 λοιποὶ
2892 3270 2998 3321 τῶν
3034 3267 3351 3320 ἐπισκόπων
3385 3268 3464 3329 είς
3498 3269 3565 3319 τὰ
3599 3269 3777 3319 οἰκεῖα
3811 3265 4053 3336 ἐπανῄε-

2460 3382 2557 3418 σαν
2589 3365 2694 3434 ἡθη
2720 3380 2733 3394 ο
2772 3364 3078 3429 Νεκτάριος
3112 3360 3168 3412 δὲ
3204 3360 3480 3429 Κυριακδν
3516 3359 3607 3410 τὸν
3648 3359 3889 3411 ’Λδὰνων
3923 3358 4052 3411 ἐπί-

2461 3474 2662 3510 σκοπον
2708 3455 2836 3524 παρ’
2865 3453 3043 3523 ἑαυτῷ
3089 3454 3370 3519 κατεῖχεν,
3418 3450 3560 3502 ὥστε
3607 3454 3708 3518 τὴν
3758 3451 4052 3519 ἱερατικὴν

2459 3549 2611 3613 τάξιν
2643 3549 2772 3617 παρ’
2795 3545 2960 3598 αὺτοῦ
2993 3545 3421 3597 ὲκπαιδεύεσθαι
3447 3559 3460 3574 ο
3493 3543 3682 3596 τοῦτον
3711 3544 3822 3612 γὰρ
3854 3546 4052 3613 χρόνον

2463 3643 2768 3712 ὲπίϐραχυν
2793 3639 2910 3710 ᾔτει
2937 3637 3211 3707 Θεόδωρον
3236 3638 3328 3688 τὶν
3356 3636 3570 3706 Ταρσοῦ
3594 3652 3604 3666 ·
3635 3637 3662 3687 ὁ
3689 3637 3744 3687 δὲ
3772 3637 3833 3688 οὐ
3860 3637 4054 3689 τοῦτον

2465 3735 2643 3802 μόνον,
2690 3730 2826 3784 ἀλλὰ
2871 3731 2964 3782 καὶ
3011 3730 3232 3792 ἑτέρους
3282 3726 3570 3789 πλείστους
3616 3727 3849 3789 Κίλικας
3898 3728 4054 3796 αὐτῷ

2462 3825 2683 3876 είασεν’
2731 3815 2804 3873 ὧν
2845 3815 2924 3881 εἷς
2967 3820 3060 3871 καὶ
3105 3819 3420 3887 Μαρτύριος
3462 3813 3561 3886 ἦν,
3604 3815 3665 3870 ὃν
3705 3812 3780 3879 ὡς
3821 3818 4054 3884 ἄριστον

2467 3916 2647 3986 ἰατρὸν
2689 3912 2985 3980 ἐκέκτητο·
3024 3907 3090 3980 ἦν
3132 3909 3350 3977 δἀὑτῷ
3391 3910 3486 3962 καὶ
3529 3911 3797 3980 συνίστωρ
3842 3910 3954 3964 τῶν
3997 3915 4056 3963 ὲν

2462 4008 2676 4076 νεότητι
2718 4003 3256 4075 πλημμεληθέντων·
3299 4003 3356 4055 ὃν
3394 4002 3696 4071 τηνικαῦτα
3739 4003 4056 4074 Νεκτάριος

2462 4099 2709 4152 διάκονον
2752 4097 3081 4166 χειροτονεῖν
3120 4094 3357 4164 σπουδὴν
3395 4097 3656 4148 ἐποιεῖτο.
3694 4093 3802 4162 Τὴν
3842 4095 3900 4147 δὲ
3943 4097 4059 4148 λει-

2463 4190 2720 4262 τουργίαν
2752 4188 3070 4257 Μαρτύριος
3100 4188 3387 4240 ἀπεσείετο
3409 4203 3422 4217 ’
3453 4187 3741 4239 διετείνετο
3773 4189 3883 4258 γὰρ
3915 4190 4059 4242 ἀνά-

2466 4281 2577 4349 ξιον
2613 4276 2752 4333 εἶναι
2799 4279 3044 4349 διακονίᾳ
3080 4278 3320 4349 τοσαύτῃ
3352 4293 3365 4306 ⁸
3405 4280 3500 4330 καὶ
3548 4280 3806 4348 μάρτυρα
3843 4280 3958 4332 τῶν
3994 4283 4055 4333 οὐ

2467 4371 2648 4434 καλῶς
2679 4370 3027 4439 βεϐιωμένων
3055 4367 3204 4436 αὑτῷ
3234 4368 3539 4434 Νεκτάριον
3569 4369 3828 4420 ἐποιεῖτο.
3865 4369 3928 4422 'O
3963 4370 4056 4436 δὲ..

2476 4483 2492 4515 ι
2530 4464 2595 4515 Τί
2617 4505 2630 4529 ,
2663 4464 2865 4532 φησὶν,
2899 4462 3036 4524 οῖει;
3076 4460 3219 4527 Ἐγὼ
3250 4460 3292 4510 δ’
3317 4464 3342 4512 ό
3373 4461 3465 4512 νῦν
3503 4460 3681 4530 ἱερεὺς
3713 4462 3815 4513 οὐκ
3850 4465 4060 4530 ἁμελέ-

779 4583 1081 4651 cpiscopus
1115 4592 1259 4640 sum,
1292 4590 1357 4627 an
1388 4588 1494 4624 non
1523 4568 1742 4640 juvenis
1795 4563 2089 4633 aliquando
2122 4560 2358 4615 inconsi-
2393 4563 2435 4617 D

2393 4563 2435 4617 D
2468 4573 2657 4625 στερον
2686 4553 2779 4605 σοῦ
2810 4555 2868 4603 ὲν
2896 4553 3106 4620 νεότητι
3138 4552 3430 4618 διαγέγονα
3462 4553 3606 4622 βίον;
3640 4554 3870 4621 Μάρτυς
3900 4555 3957 4606 δὲ
3994 4558 4059 4608 σὺ

784 4677 970 4729 derate
1002 4669 1170 4739 magis
1203 4682 1363 4736 quam
1407 4677 1464 4718 tu
1502 4665 1667 4716 vitam
1701 4660 1830 4731 egi?
1864 4658 2124 4726 Teipsum
2164 4663 2356 4709 testem

785 4763 952 4821 facio,
978 4760 1069 4828 qui
1101 4755 1426 4809 administer
1460 4751 1592 4805 mibi
1629 4747 1890 4816 improst
1935 4758 2076 4813 Saepe
2112 4739 2361 4822 libidinis

784 4819 958 4906 fuisti.
1040 4847 1332 4917 Martyrius
1361 4858 1525 4912 porro
1553 4858 1566 4894 :
1603 4838 1770 4909 246
1800 4856 1818 4888 ι
1856 4835 1925 4890 At
1950 4844 2029 4897 tu,
2056 4819 2144 4885 viri
2177 4833 2358 4893 beate,

783 4947 882 5008 ait,
923 4957 1097 5012 nuper
1117 4938 1410 4993 admodum
1445 4951 1539 5004 per
1569 4933 1896 5002 baptismum
1930 4942 2150 4982 omnem
2184 4924 2361 4980 labem

786 5037 1030 5099 aliluisu,
1068 5050 1190 5088 cum
1218 5032 1383 5086 etiam
1408 5027 1778 5096 episc0palem
1805 5023 2126 5093 dignitatem
2152 5036 2211 5073 es
2233 5033 2364 5071 con-

787 5137 1033 5183 secutus.
1066 5125 1369 5191 Utrumque
1404 5135 1554 5182 vero,
1609 5126 1665 5171 et
1711 5130 1926 5170 sacrum
1977 5115 2278 5173 lavacrum,
2310 5117 2365 5162 et

785 5235 989 5275 munus
1043 5217 1385 5288 episcopale,
1436 5211 1762 5265 delictorum
1811 5222 1930 5262 esse
1982 5204 2282 5258 remedium
2311 5209 2368 5256 et

785 5312 1199 5382 expiationem,
1263 5321 1329 5359 ex
1387 5302 1560 5358 sacris
1635 5299 1892 5353 novimus
1954 5293 2369 5350 constitutioni-

787 5405 892 5458 bus
914 5402 1015 5471 (1).
1050 5401 1125 5454 Ac
1157 5406 1212 5451 tu
1253 5394 1475 5465 quidem
1521 5406 1669 5446 nunc
1710 5391 1845 5444 nihil
1873 5389 2004 5441 mihi
2035 5386 2260 5440 diﬂerre
2291 5387 2372 5437 vi-

787 5493 938 5548 deris
962 5507 992 5545 a
1022 5503 1217 5544 recens
1253 5485 1438 5557 genito
1478 5483 1701 5537 infante.
1738 5481 1851 5550 Ego
1893 5475 2367 5548 verujamdudum

789 5584 978 5640 divino
1028 5589 1292 5653 purgatus
1347 5579 1564 5632 lavacro
1637 5574 1892 5628 eun‘ldem
1925 5586 2020 5641 per
2079 5570 2365 5624 libidinem

861 5722 939 5794 (-l)
957 5721 1084 5794 Mihi
1105 5719 1203 5794 sub
1225 5714 1461 5786 Scythia:
1487 5711 1705 5766 nomine
1734 5709 2061 5766 Goltltorum
2081 5705 2362 5779 provincia

790 5790 1034 5863 signiﬁca
1046 5791 1087 5843 ri
1115 5790 1296 5863 fidth
1308 5803 1350 5839 Γ.

861 5853 938 5934 (ἢ)
976 5861 1084 5914 L.n
1121 5859 1178 5913 (.1.
1220 5859 1293 5910 De
1328 5873 1462 5910 sum.
1506 5852 1654 5907 Trin.

2464 4647 2646 4712 αὐτὸς,
2697 4645 2920 4706 πολλαῖς
2973 4645 3049 4712 μὴ
3101 4643 3511 4714 προσηκούσαις
3561 4644 3882 4707 ἀκολασίαις
3935 4648 4064 4714 ἐμοὶ

2463 4737 2946 4807 διακονησάμενος.
2983 4754 3000 4787 ι
3036 4736 3138 4788 Τὸν
3165 4735 3241 4797 δὲ,
3280 4753 3296 4785 ι
3342 4735 3502 4788 Ἀλλὰ
3535 4739 3621 4799 σὺ,
3651 4730 3694 4789 ὦ
3728 4739 3994 4807 μακάριε,
4036 4759 4054 4790 ι

2469 4831 2658 4899 φάναι,
2686 4830 2953 4898 πρότριτα
2979 4828 3322 4896 βαπτισθεὶς,
3352 4831 3530 4881 πᾶσαν
3552 4829 3808 4894 ἁπεξύσω
3836 4831 4062 4897 κηλῖδα,

2469 4925 2554 4993 ἐφ’
2650 4926 2743 4976 καὶ
2777 4922 3081 4994 ἱερωσύνης
3113 4921 3442 4990 μεταλαχεῖν
3472 4939 3553 4974 σοι
3584 4923 3821 4989 ἐγένετο.
3855 4925 4070 4990 Ἄμφω

2467 5017 2560 5083 δὲ,
2594 5017 2656 5068 τό
2694 5032 2751 5069 τε
2787 5015 2928 5068 θεῖον
2963 5014 3187 5083 λουτρὸν
3221 5014 3315 5065 καὶ
3351 5015 3383 5082 ὴ
3422 5014 3716 5084 ἱερωσύνη,
3753 5015 4067 5086 ἀμπλακη-

2472 5107 2657 5177 μάτων
2702 5102 2843 5159 εἶναι
2892 5105 3127 5174 λυτήρια
3173 5108 3281 5168 τοῖς
3336 5104 3502 5167 θείοις
3555 5105 3799 5175 ἔγνωμεν
3844 5107 4068 5172 νόμοις.

2472 5199 2578 5254 Καί
2620 5216 2682 5268 γε
2726 5200 2788 5252 σὺ
2830 5199 2889 5252 τὸ
2934 5199 3027 5251 νῦν
3067 5197 3188 5268 ἔχον
3227 5199 3381 5251 οὐδέν
3426 5217 3517 5269 μοι
3559 5198 3736 5260 δοκεῖς
3775 5199 4072 5268 διαφέρειν

2471 5292 2580 5345 τῶν
2614 5292 2918 5361 ἀρτιτόκων
2953 5290 3195 5360 βρεφῶν.
3233 5290 3373 5358 Ἐγὼ
3407 5291 3450 5343 δ’
3482 5293 3546 5344 ἐκ
3584 5292 3779 5344 πολλοῦ
3817 5291 3894 5360 τῷ
3935 5294 4071 5362 θείῳ

2471 5384 2682 5454 λουτρῷ
2715 5384 3034 5455 καθαρθεὶς,
3069 5385 3134 5453 τῇ
3169 5383 3257 5454 ἴση
3289 5386 3386 5450 τῆς
3416 5385 3713 5447 ἀκολασίας
3748 5384 3860 5454 ζωῇ
3893 5385 4075 5438 διετέ-

2473 5481 2601 5531 λεσα
2636 5488 2938 5549 χρώμενος.
2985 5497 3003 5530 ι
3039 5477 3226 5530 Ταῦτα
3258 5477 3432 5546 λέγων
3454 5518 3466 5540 ,
3499 5479 3592 5531 τὸν
3623 5481 3721 5547 τῆς
3757 5479 4075 5549 ἱερωσύνης

2471 5571 2570 5640 οὐχ
2616 5571 2823 5641 ὑπέστη
2867 5570 3055 5639 ζυγόν.
3092 5569 3188 5622 ’ον
3225 5569 3334 5639 ἐγὼ
3369 5571 3466 5640 τῆς
3511 5571 3726 5640 ἀγαθῆς
3775 5576 4075 5642 παραιτή-

2546 5705 2621 5776 (3)
2667 5705 2978 5775 Ἀμφότερα
3027 5706 3082 5758 δὲ
3140 5705 3417 5773 καθάρσια
3468 5705 3940 5776 ἁμαρτημάτων,
4008 5707 4071 5758 τὸ

2476 5770 2632 5832 Θεῖον
2664 5770 3052 5847 ἐνομοθέτησε.
3088 5770 3303 5832 Sozom.
3512 5770 3522 5778 ’
