4278 6438
299 391 404 453 785

1211 395 1817 456 ECCLESIAS'I‘lC/E
1871 394 2258 455 HISTORle
2303 395 2449 458 LIB.
2495 398 2638 459 XII.

3432 395 3570 457 786'

297 522 433 568 σεως
469 506 731 572 ἐπαινῶν,
767 513 909 562 κατὰ
941 509 1098 562 τοῦτο
1135 515 1226 562 καὶ
1262 510 1428 578 μέρος
1463 509 1561 576 τῆς
1595 513 1877 578 παρούσης
1908 514 1951 568 Α
1983 526 1986 535 η

1854 525 1877 570 ς
1908 514 1951 568 Δ
1983 509 2106 564 vitae
2127 526 2350 565 cursum
2377 521 2566 566 tenere
2594 511 2962 582 perseveravi.
2989 532 3006 562 ι
3033 509 3126 565 llis
3167 509 3349 572 dictis,
3372 524 3543 564 sacer-

296 601 513 668 γριφῆς
545 600 737 652 τοῦτον
771 601 1145 670 ἐποιησάμην.
1181 602 1336 654 Μετὰ
1369 601 1425 653 δὲ
1460 601 1559 671 τὴν
1596 600 1812 653 σύνοδον
1843 601 1871 653 ό

299 690 552 757 βασιλεὺς
588 690 891 757 πυθόμενος
923 693 1024 745 ὅσα
1061 692 1254 762 Παύλῳ
1285 693 1362 762 τῷ
1392 697 1490 761 τῆς
1523 691 1869 744 Κωνσταντί-

295 797 386 831 νου
419 781 587 834 πάλαι
621 781 821 853 συνέϐη
853 783 1119 852 ἀρχιερεῖ,
1153 783 1226 845 ὠς
1261 784 1396 850 πρὸς
1428 783 1533 835 τῶν
1576 782 1870 851 ’Λρειανῶν

295 875 352 924 ὲν
381 874 648 945 ὑπερορίᾳ
678 876 884 946 ἀγχόνῃ
916 873 1011 928 τοῦ
1045 876 1145 944 ζῇν
1174 875 1483 944 ἀπηλλάγη,
1514 875 1747 943 ἐντίμως
1778 873 1870 927 τὸν

295 965 506 1017 ἐκείνου
552 966 746 1034 νεκρὸν
785 968 865 1029 είς
903 966 1002 1036 τὴν
1047 968 1456 1020 Κωνσταντίνου
1502 967 1872 1035 μετακομισὰ-

299 1071 479 1121 μενος,
504 1056 762 1108 κατέθετο
787 1056 863 1125 τῷ
893 1055 1019 1125 νεῷ,
1047 1056 1106 1108 ὃν
1135 1056 1466 1117 Μακεδόνιος
1493 1057 1522 1108 ό
1551 1054 1870 1108 ἐπιϐουλεύ-

299 1162 395 1205 σας
440 1145 590 1213 αὐτῷ
629 1145 1036 1199 κατεσκεύασεν
1062 1163 1077 1178 ο
1113 1145 1170 1208 ὃς
1211 1148 1304 1199 καὶ
1346 1146 1512 1199 είσέ.ι
1547 1146 1645 1215 τὴν
1679 1144 1870 1212 κλῆσιν

299 1237 512 1289 Παύλου
549 1238 739 1306 φέρει,
782 1241 1040 1308 μέγιστός
1075 1256 1133 1291 τε
1169 1239 1263 1292 καὶ
1298 1238 1419 1289 λίαν
1453 1239 1722 1306 ἐπίσημος
1756 1235 1864 1300 ὢν,

296 1329 424 1396 περί
464 1345 567 1380 που
598 1330 657 1381 τὺ
687 1329 938 1398 δεύτερον
965 1331 1306 1398 διακείμενος
1332 1346 1346 1360 ⁶
1377 1330 1435 1382 δν
1465 1331 1512 1381 οί
1548 1329 1868 1397 ἀγνοοῦντες

299 1419 510 1472 Παῦλον
543 1421 634 1472 τὸν
669 1420 810 1473 Θεῖον
846 1423 1146 1474 ἀπόστολον
1181 1420 1319 1475 εἶναι
1359 1421 1691 1488 νομίζουσιν.
1732 1421 1868 1473 Ὑπὸ

294 1513 350 1563 δὲ
382 1511 573 1565 τοῦτον
601 1514 692 1566 τὸν
724 1516 916 1583 χρόνον
948 1517 1037 1568 καὶ
1071 1515 1128 1568 τὸ
1163 1517 1305 1568 οεῖον
1335 1514 1431 1567 τοῦ
1466 1515 1727 1567 Μελετίου
1761 1513 1869 1564 λεί-

293 1600 466 1667 ψανον
493 1601 555 1653 ὲκ
581 1601 682 1669 τῆς
712 1603 1127 1655 Κωνσταντίνου
1157 1604 1236 1664 είς
1260 1603 1358 1670 τὴν
1391 1603 1724 1671 Ἀντιόχειαν
1751 1603 1872 1654 ἐκο-

297 1692 465 1760 μίσθη
491 1738 499 1748 ,
537 1694 630 1744 καὶ
662 1695 984 1760 ὲγγειτόνων
1020 1693 1238 1745 Βαδύλα
1270 1693 1360 1745 τοῦ
1396 1694 1676 1761 μάρτυρος
1707 1708 1869 1744 κατε-

292 1785 448 1850 τέθη.
487 1785 734 1852 Ἐλέγετο
763 1785 817 1836 δὲ
852 1785 1236 1854 προστάγματι
1271 1784 1535 1851 βασιλέιιις
1563 1783 1664 1836 ἀνὰ
1695 1787 1870 1837 πᾶσαν

1977 601 2111 655 dotii
2153 618 2260 656 non
2295 604 2468 659 subiit
2488 606 2705 674 jugum.
2728 603 2897 673 Cujus
2924 619 3046 658 cum
3089 618 3204 655 non
3232 601 3428 668 possim
3457 600 3551 653 de-

1979 695 2347 762 precationem
2419 697 2704 765 pulchram
2757 711 2866 750 non
2917 695 3163 752 laudare.
3223 702 3282 746 ut
3339 701 3546 761 partem

1977 784 2215 853 aliquam
2249 785 2412 839 etiam
2449 788 2549 840 hoc
2577 787 2698 841 loco
2739 787 2791 839 in
2843 787 3096 855 praesenti
3141 785 3365 838 historia
3398 783 3550 837 obti—

1977 885 2155 941 neret,
2191 877 2362 933 volui.
2401 879 2532 932 l‘ost
2583 879 2854 950 synodum
2905 878 3234 930 celebratam
3263 916 3277 940 ,
3319 875 3409 929 ubi
3446 875 3547 926 im-

1977 975 2193 1036 perator
2234 971 2508 1037 cognovit,
2547 969 2681 1038 quid
2727 969 2895 1024 Paulo
2927 963 3546 1034 Constantinopolitano

1975 1059 2106 1113 olim
2131 1060 2394 1128 episcopo
2441 1061 2748 1122 accidisset,
2784 1071 2842 1114 ut
2891 1059 3103 1114 Scilicet
3134 1057 3188 1110 in
3229 1055 3422 1110 exsilio
3475 1052 3544 1104 ab

1975 1152 2193 1206 Arianis
2221 1151 2524 1206 anlIocatus
2553 1165 2887 1222 enectusque
2930 1149 3123 1211 fuerit,
3155 1147 3418 1202 translato
3449 1144 3550 1198 ho-

1976 1243 2204 1294 noriﬁce
2236 1257 2464 1309 corpore
2495 1245 2613 1312 ejus
2635 1241 3166 1312 Constantinopolim
3195 1281 3208 1301 ,
3251 1237 3306 1291 in
3345 1236 3547 1304 templo

1979 1332 2027 1385 id
2084 1335 2360 1400 reposuit,
2391 1334 2537 1401 quod
2589 1335 2964 1397 Macedonius,
2997 1333 3091 1402 qui
3128 1330 3424 1386 insidiatus
3468 1327 3547 1380 illi

1979 1421 2174 1485 fuerat,
2203 1423 2536 1478 construxit.
2586 1424 2639 1476 ld
2691 1439 2837 1477 nunc
2874 1437 3096 1492 quoque
3128 1419 3549 1490 appellationem

1981 1511 2133 1564 Pauli
2170 1513 2394 1579 retinet,
2438 1515 2732 1568 maximum
2765 1523 2928 1583 atque
2961 1512 3462 1583 praeclarissimum,
3494 1517 3551 1562 et

1978 1603 2382 1670 quodammodo
2413 1622 2439 1658 a
2477 1607 2670 1676 paucis
2716 1607 2839 1661 aliis
2874 1605 3146 1660 secundas
3205 1603 3408 1658 ferens.
3443 1600 3550 1666 Qui

1977 1711 2107 1749 vero
2139 1713 2252 1750 rem
2287 1713 2406 1752 eam
2445 1701 2715 1766 ignorant,
2748 1699 2935 1752 divum
2981 1697 3283 1766 apostolum
3321 1693 3550 1749 Paulum

1980 1787 2262 1841 conditum
2304 1790 2376 1842 ibi
2423 1805 2543 1843 esse
2580 1790 2936 1842 arbitrantur.
2985 1786 3098 1842 Sub
3133 1787 3278 1840 idem
3309 1793 3551 1852 tempus,

291 1878 394 1946 τὴν
428 1878 703 1948 λεωφόρον
737 1877 890 1945 παρὰ
924 1881 982 1928 τδ
1021 1877 1212 1939 είωθὸς
1254 1876 1541 1945 Ῥωμαίσις
1581 1878 1730 1935 ἐντος
1762 1894 1869 1928 τει-
1907 1869 1944 1923 Β
1977 1903 1980 1930 :

1860 1907 1869 1918 -
1907 1869 1944 1923 Β
1977 1896 2145 1934 sacrae
2176 1881 2344 1934 etiam
2376 1881 2577 1934 Meletii
2623 1881 2870 1949 reliquim
2912 1876 3390 1946 Constantinopoli
3441 1875 3549 1928 An-

294 1973 409 2039 χὼν
438 1974 578 2024 κατὰ
610 1971 794 2032 πόλεις
825 1971 1193 2038 εἰσδεχθῆναι,
1226 1972 1410 2038 εὐχαῖς
1437 1986 1496 2020 τε
1527 1971 1619 2021 καὶ
1649 1967 1874 2036 ψαλμῳο

292 2064 438 2126 δίαις
469 2064 764 2130 ἀμοιϐαδὸν
798 2063 940 2115 κατὰ
976 2063 1158 2123 πόλεις
1188 2061 1483 2130 τιμᾶσθαι,
1523 2061 1680 2125 ἄχρις
1717 2059 1782 2110 ἂν
1816 2061 1872 2120 ἐς

294 2155 467 2222 αὐτὴν
497 2155 879 2224 διακομισϐείη
912 2157 1010 2225 τὴν
1037 2157 1389 2225 ’Δντιόχειαν.
1420 2155 1647 2207 Tusc-3'.”
1684 2177 1689 2186 -
1724 2154 1764 2204 ζ’
1791 2156 1873 2204 ὲ.-

292 2246 586 2313 τετηκέναι
614 2247 672 2298 to
699 2248 922 2316 φίλτρον
951 2247 1124 2300 ἅπασί
1151 2264 1285 2314 φασι
1311 2245 1405 2298 τοῦ
1435 2246 1645 2314 ἀνδρὸς,
1674 2263 1747 2305 ως
1778 2248 1872 2297 καὶ

290 2336 495 2404 τοίχοις
532 2338 626 2388 καὶ
666 2338 844 2390 σανίσι
882 2341 975 2389 καὶ
1008 2337 1312 2398 δακτυλίοις
1341 2337 1430 2388 τὶν
1460 2338 1670 2388 ἐκείνου
1701 2335 1870 2386 τύπον

293 2430 691 2496 ὲγγράςρεσθαι.
727 2432 834 2482 Καὶ
867 2430 1131 2492 Μελέτιος
1167 2431 1265 2497 μὲν
1297 2430 1511 2483 τοιᾶσδε
1542 2428 1748 2497 ἠξιώθη
1782 2445 1874 2481 τα-

294 2518 404 2584 φῆς
430 2535 445 2550 ο
483 2518 597 2571 ἀντ’
626 2518 795 2572 αὑτοῦ
830 2519 883 2570 δὲ
921 2519 997 2587 τῷ
1033 2520 1242 2572 ἐκείνου
1281 2521 1591 2586 συστήματι
1629 2535 1869 2587 χειροτο-

293 2612 469 2661 νεῖται
499 2608 822 2672 Φλαόιανὺς,
851 2612 908 2662 ὲν
935 2609 1178 2676 δευτέρῳ
1204 2609 1332 2671 τοὺς
1359 2607 1612 2668 δοθέντας
1643 2607 1870 2676 Θέμενος

294 2702 494 2769 ὅρκους
523 2717 534 2729 ο
572 2701 833 2762 Παυλῖνος
870 2701 978 2768 γὰρ
1015 2700 1096 2755 ἔτι
1132 2701 1241 2763 ζῶν
1273 2700 1522 2754 διετέλει.
1559 2698 1872 2750 Κάντεῦθεν

292 2790 452 2850 abet;
485 2791 680 2859 μικρδν
711 2792 808 2860 τὴν
841 2789 1164 2857 Ἀντιοχέων
1196 2790 1558 2859 ἠρεμήσασαν
1587 2788 1742 2840 πόλιν
1774 2803 1870 2838 τα·-

295 2881 464 2949 ραχαὶ
489 2880 849 2949 διελάμϐανον
868 2897 881 2911 °
911 2880 1095 2932 πολλοὶ
1120 2880 1229 2950 γὰρ
1255 2880 1362 2932 ἀπὸ
1388 2877 1692 2930 Φλαὸιανοῦ
1720 2877 1874 2946 διαρ-

297 2969 562 3038 ραγέντες
582 3009 596 3030 ,
630 2968 1056 3039 προσερῤύησαν
1085 2968 1163 3038 τῷ
1199 2968 1449 3036 Παυλίνῳ
1475 2984 1488 2997 °
1522 2964 1582 3020 οὗ
1612 2966 1676 3037 δὴ
1711 2967 1872 3034 χάριν

291 3062 355 3113 ού
393 3062 558 3131 μόνον
590 3063 639 3114 οἱ
676 3064 818 3116 κατὰ
846 3063 946 3130 τὴν
987 3061 1298 3129 Ἀντιόχου,
1334 3060 1467 3112 ἀλλὰ
1504 3059 1597 3112 καὶ
1631 3060 1787 3112 αὐτοὶ
1820 3060 1869 3111 οί

293 3153 456 3222 πέριξ
503 3154 668 3222 ίερεῖς
711 3154 1042 3222 διεφέροντο.
1086 3155 1150 3205 Οῖ
1191 3170 1248 3204 τε
1294 3153 1401 3220 γὰρ
1445 3150 1734 3218 Αίγύπτιοι
1775 3151 1868 3204 καὶ

306 3207 566 3312 Ἀράδιοι⁸
591 3207 688 3296 κᾶι
732 3207 1006 3314 Κύπριοι,
1051 3242 1126 3304 ὡς
1168 3243 1262 3294 ἐπὶ
1303 3207 1622 3312 ἷιἰδι.)ιἰ“ιμένῳ
1664 3243 1871 3310 ὴγανά-
1898 3207 1942 3269 C

293 3357 460 3392 κτουν
494 3341 764 3406 Παυλίνῳ.
793 3341 955 3410 Σύροι
983 3341 1037 3393 δὲ
1065 3341 1157 3393 καὶ
1185 3341 1431 3401 Φοίνικες
1459 3340 1551 3391 καὶ
1580 3339 1873 3391 Παλαιστι-

291 3436 376 3484 νοὶ
399 3472 414 3496 ,
445 3433 540 3485 καὶ
571 3434 686 3485 ὅσοι
720 3434 848 3502 περὶ
877 3433 975 3500 τὴν
1016 3432 1306 3500 Ἀρμενίαν
1328 3472 1341 3492 ,
1377 3431 1779 3485 Καππαδοκίαν
1814 3447 1872 3482 τε

291 3525 391 3576 καὶ
423 3523 714 3589 Γαλατίαν,
746 3523 841 3576 καὶ
873 3523 976 3574 ἀνὰ
1003 3522 1092 3574 τὸν
1123 3521 1375 3585 Εὔξεινον
1410 3523 1638 3584 πόντον,
1671 3521 1875 3574 τούτοιν

289 3617 342 3669 οί
377 3615 600 3677 πλείους
633 3616 993 3684 προσέκειντο
1025 3615 1100 3684 τῷ
1133 3613 1440 3684 Φλαόιανῷ.
1474 3615 1728 3682 Δάμασος
1762 3613 1818 3665 δὲ
1850 3615 1876 3666 ὁ

305 3709 527 3777 Ῥώμης
560 3710 860 3770 ἐπίσκοπος
891 3709 985 3761 καὶ
1013 3709 1064 3759 oi
1097 3710 1199 3760 ἀνὰ
1226 3707 1325 3777 τὴν
1352 3707 1504 3758 δύσιν
1536 3709 1698 3772 ἱερεῖς
1730 3706 1877 3757 πλεῖ-

296 3821 397 3856 στα
431 3802 718 3872 Φλαὸιανῴ
751 3802 1108 3872 ἐχαλέπαινον
1135 3815 1148 3829 ·
1183 3800 1279 3852 καὶ
1314 3799 1562 3852 ἔστελλον
1598 3800 1696 3868 μὲν
1729 3798 1876 3850 Παυ-

290 3896 466 3962 λίνῳ*
511 3897 602 3946 καὶ
643 3894 719 3956 ὡς
762 3895 1012 3963 ἀρχιερεῖ
1048 3894 1148 3960 τῆς
1187 3892 1506 3960 Ἀντιοχέων
1549 3889 1877 3959 Ἐκκλησίας

291 3986 776 4055 προσεφθὲγγοντο
809 3987 908 4046 τὰς
943 3983 1196 4051 συνήθεις
1228 3983 1540 4048 ἐπιστολὰς,
1570 3982 1637 4044 ἃς
1671 3981 1872 4034 συνοδι·

292 4081 398 4140 κάς
441 4078 631 4138 εἰωθὸς
673 4078 862 4129 καλεῖν
888 4091 904 4108 ⁶
942 4075 1238 4128 Φλαϐιανὸν
1279 4075 1335 4126 δὲ
1378 4078 1725 4126 παντάπασιν
1766 4073 1880 4136 ἐξε-

288 4169 582 4232 τρέποντο.
635 4167 749 4236 Οὐχ
795 4163 958 4236 ἦττον
1007 4165 1063 4218 δὲ
1113 4166 1238 4227 τοὺς
1287 4166 1430 4233 ἀμφὶ
1477 4164 1741 4233 Διόδωρον
1787 4163 1880 4214 τὸν

291 4261 543 4330 Ίάρσοῦ.
569 4261 665 4312 καὶ
696 4260 788 4312 τὸν
819 4259 1084 4328 Βερῥοίας
1119 4257 1394 4319 Ἀκάκιον,
1422 4254 1496 4318 ὡς
1521 4254 1619 4324 τὴν
1646 4270 1884 4322 χειροτο-

292 4353 417 4405 νίαν
470 4350 831 4412 ἐπιϐαλόντας
881 4348 1029 4417 αύτῷ
1084 4349 1444 4414 αἰτιώμενοι,
1486 4347 1879 4410 ἀκοινωνήτους

291 4448 540 4514 ἔκρινον.
573 4441 859 4510 Τὰσιραλὲς
895 4440 951 4491 δὲ
990 4439 1193 4506 γνῶναι
1231 4439 1358 4507 περὶ
1390 4453 1577 4489 τουτου
1616 4435 1878 4504 βουλόμε-

1980 1975 2234 2027 tiochiam
2274 1985 2402 2029 sunt
2439 1978 2759 2044 perlataet
2795 1975 3044 2041 proxime
3087 1971 3228 2040 apud
3251 1980 3547 2039 martyrem

1977 2064 2231 2134 Babylam
2266 2069 2538 2134 repositae.
2577 2065 2790 2118 Dictum
2818 2075 3001 2116 autem
3041 2073 3165 2125 est,
3195 2061 3552 2130 imperatoris

1971 2172 2122 2223 jussu
2151 2173 2353 2224 corpus
2375 2172 2490 2210 mus
2519 2174 2569 2208 ιιι
2617 2157 2852 2212 nublicis
2881 2156 2986 2208 viis
3025 2153 3283 2207 omnibus
3309 2195 3323 2215 ,
3354 2163 3549 2220 praeter

1976 2248 2347 2300 Romanorum
2394 2263 2627 2309 morem,
2683 2249 2827 2301 intra
2876 2246 3095 2299 urbium
3147 2245 3346 2298 mantia
3401 2259 3549 2298 rece-

1976 2347 2132 2403 ptum
2167 2353 2181 2390 :
2209 2336 2618 2403 precationibus
2663 2345 2718 2388 et
2763 2335 3083 2404 psalmodiis
3109 2333 3341 2387 alternis
3374 2335 3425 2386 in
3455 2349 3549 2386 ur-

1978 2428 2140 2481 bibus
2179 2427 2506 2492 decantatis,
2553 2429 2730 2481 donec
2769 2427 3118 2481 Antiochiam
3154 2427 3409 2496 pertigit,
3447 2426 3548 2479 lto-

1975 2527 2224 2570 norattttn
2261 2533 2405 2572 esse.
2438 2518 2672 2571 Tantum
2708 2533 2836 2571 vero
2871 2517 2968 2571 viri
3002 2519 3164 2588 hujus
3211 2518 3548 2572 desiderium

1975 2610 2028 2663 in
2070 2610 2267 2662 animis
2305 2610 2587 2663 hominum
2617 2609 2860 2663 omnium
2903 2611 3152 2664 relictum
3188 2625 3307 2664 esse
3341 2610 3547 2675 ferunt,

1976 2709 2035 2751 ut
2071 2698 2220 2751 illius
2256 2698 2487 2752 formam
2521 2708 2575 2752 et
2605 2698 2834 2767 elligicnt
2864 2699 2916 2751 in
2944 2699 3248 2766 parietibus
3277 2711 3328 2752 et
3351 2702 3550 2754 tabulis

1972 2789 2212 2858 depingi,
2251 2799 2307 2844 et
2340 2790 2392 2844 in
2417 2791 2636 2844 annulis
2670 2790 2914 2860 exsculpi
2937 2792 3273 2844 curaverint.
3303 2791 3553 2847 Melrtins

1973 2881 2193 2949 quidem
2232 2891 2383 2935 tanto
2430 2897 2556 2936 cum
2607 2883 2815 2937 honore
2866 2884 3128 2937 humatus
3156 2893 3255 2938 est.
3286 2883 3418 2948 Cui,
3479 2885 3547 2937 ad

1974 2989 2192 3043 gregem
2217 2975 2360 3029 illius
2384 2978 2740 3044 pascendum,
2762 2975 3052 3030 Flavianus
3081 2977 3413 3031 substitutus
3429 2986 3546 3034 est:

1970 3065 2383 3136 jusjurandum.
2427 3082 2537 3135 quo
2567 3066 2867 3121 obstrictus
2906 3067 3105 3132 fuerat,
3159 3068 3548 3138 parvitaciens.

1979 3157 2235 3213 Paulinus
2260 3160 2408 3213 enim
2439 3159 2621 3214 adhuc
2652 3159 2891 3213 vivebat.
2944 3161 3180 3216 Proinde
3213 3163 3404 3217 urbem
3437 3163 3551 3235 An.-

1980 3250 2332 3312 tiochenam,
2389 3265 2510 3319 qum
2558 3251 2841 3320 paululum
2899 3253 3314 3320 conquieverat,
3374 3255 3549 3308 turba;

1979 3358 2194 3396 rursum
2228 3351 2586 3412 exceperunt.
2619 3341 2773 3397 Multi
2803 3359 3038 3413 namque
3071 3359 3099 3397 a
3139 3344 3395 3400 Flaviano
3427 3347 3552 3402 des-

1978 3434 2268 3500 ciscentes,
2293 3431 2520 3487 Paulino
2565 3448 2624 3487 se
2674 3433 3067 3502 adjunterunt.
3098 3434 3268 3505 Cujus
3301 3453 3432 3492 sane
3464 3438 3545 3492 rei

1977 3527 2169 3594 gratia,
2227 3540 2335 3579 non
2387 3525 2564 3578 solum
2601 3523 2930 3579 Antincheni
2966 3527 3111 3595 ipsi,
3149 3542 3337 3582 verum
3369 3531 3538 3582 etiam

1978 3618 2144 3672 vicini
2197 3617 2553 3672 circumcirca
2607 3618 2872 3686 episcopi,
2923 3620 3064 3672 inter
3111 3635 3172 3681 se
3209 3608 3542 3678 dissensere.

1979 3711 2138 3781 247
2173 3709 2411 3780 Egyptii
2438 3725 2694 3779 namque,
2724 3711 2949 3777 Arabes,
2982 3721 3038 3766 et
3081 3711 3286 3783 Cyprii,
3321 3725 3549 3783 propter

1982 3802 2296 3864 Paulinum,
2331 3802 2500 3855 veluti
2560 3803 2759 3871 injuria
2824 3806 2868 3856 is
2897 3804 3123 3858 allectus
3186 3815 3366 3872 esset,
3409 3808 3552 3861 indi-

1979 3892 2334 3960 gnabantur:
2385 3893 2504 3963 Syri
2547 3905 2754 3955 autem,
2797 3895 3118 3959 Phoenices,
3166 3897 3459 3963 Pala‘stini,
3495 3908 3552 3953 et

1980 3986 2072 4055 qui
2105 3987 2445 4052 Armeniam,
2473 3989 2873 4057 Cappadociam
2905 3999 2960 4042 et
2991 3990 3254 4044 Calatiam
3279 3991 3549 4054 incolunt,

1981 4076 2185 4144 quique
2213 4077 2279 4130 ad
2314 4079 2543 4131 Pontum
2577 4077 2845 4132 Euxinum
2879 4087 3024 4141 sunt,
3049 4081 3279 4132 maxima
3309 4089 3552 4149 exparte

1985 4167 2242 4222 Flaviano
2277 4168 2554 4223 favebant.
2593 4169 2763 4224 Porro
2795 4169 3062 4224 Damasus
3107 4171 3292 4224 ltumze
3337 4173 3553 4240 episco-

1984 4274 2108 4328 pus,
2137 4268 2193 4312 et
2226 4258 2605 4314 Occidentales
2630 4246 2925 4324 antistites,
2964 4261 3220 4314 Flaviano
3248 4261 3546 4329 plurimum

1983 4350 2378 4404 succensebant
2413 4366 2425 4402 :
2455 4358 2511 4403 et
2539 4349 2605 4402 ad
2642 4349 2929 4403 Paulinum
2969 4351 3276 4404 scribentes
3302 4390 3317 4414 ,
3345 4352 3398 4403 in
3432 4356 3552 4420 rpi-

1985 4441 2139 4495 stolis
2166 4455 2303 4508 quas
2338 4441 2626 4510 synodales
2653 4442 2929 4510 appellare
2977 4456 3099 4495 mos
3125 4453 3229 4506 est,
3261 4443 3310 4496 ei
3346 4459 3359 4488 ι
3389 4459 3549 4498 omen

290 4555 395 4602 νοι,
430 4538 669 4606 ἔγραφεν
700 4535 862 4596 αὑτός
890 4551 947 4586 τε
983 4533 1078 4586 καὶ
1111 4532 1434 4598 Γρατιανὸς,
1464 4530 1542 4590 είς
1572 4527 1882 4598 τὴνἚσπέ-
1911 4539 1961 4599 ι)

1863 4556 1882 4568 -
1911 4539 1961 4599 ι)
1991 4531 2238 4600 praesulis
2275 4531 2629 4585 Antiochense
2675 4533 2920 4586 ecclesia:
2974 4532 3311 4588 tribuebant.
3343 4533 3552 4586 Flavia-

293 4649 395 4701 ραν
428 4633 490 4682 ὲκ
519 4634 612 4700 τῆς
647 4629 759 4681 Ἕω
788 4627 1008 4688 τούτους
1044 4625 1533 4694 μετακαλούμενοι.

1993 4638 2121 4676 num
2149 4632 2330 4676 autem
2369 4637 2595 4690 prorsus
2624 4624 3040 4676 aversabantur.
3069 4623 3239 4690 Neque
3295 4639 3425 4677 vero
3448 4624 3552 4677 mi-

291 4745 400 4784 nus
441 4728 736 4782 Diodorum
763 4726 1112 4787 Tarsensem,
1148 4731 1204 4777 et
1268 4723 1525 4776 Acacium
1601 4719 1946 4784 Berrhmum,
1987 4721 2082 4788 qui
2147 4719 2222 4773 illi
2276 4735 2469 4773 manus
2530 4723 2905 4788 imposuerant
2997 4721 3329 4772 accusabant
3365 4736 3379 4772 :
3413 4733 3555 4788 quos

289 4825 456 4874 etiam
489 4835 517 4871 a
545 4819 935 4872 communione
967 4817 1342 4872 excluserunt.
1378 4815 1450 4870 Ut
1481 4831 1615 4869 vero
1658 4814 1864 4870 certius
1904 4829 2020 4867 rem
2083 4829 2201 4867 eam
2263 4823 2685 4881 cognoscerent,
2718 4823 2773 4868 et
2801 4813 2901 4880 ipsi
2933 4824 2990 4867 et
3020 4812 3316 4866 Gratianus
3343 4810 3410 4864 ad
3450 4827 3550 4869 eos

288 4912 510 4965 litteras
554 4909 850 4969 dederunt,
898 4923 964 4962 ex
1018 4906 1240 4963 Oriente
1291 4907 1346 4961 in
1394 4906 1746 4962 Occidentem
1777 4919 1872 4960 eos
1908 4915 2224 4960 evocantes.

865 5024 1147 5089 ,KEG’AA.
1187 5020 1290 5078 IE'.

302 5119 400 5184 Ὠς
435 5117 756 5182 Θεοδόσιος
786 5119 818 5171 ὁ
848 5114 1150 5182 βασιλεὺς
1175 5114 1462 5183 δευτέραν
1482 5114 1669 5168 πάλιν
1689 5115 1874 5169 ἐποίει

367 5187 759 5256 συναγωγὴν,
800 5185 1210 5255 συμφωνῆσαι
1244 5186 1352 5249 τὰς
1376 5187 1706 5252 ἐκκλησίας
1729 5187 1874 5249 ,ϐου-

367 5261 628 5324 ,Ιόμενος
649 5274 663 5287 ο
697 5258 795 5310 καί
828 5259 946 5310 ὅσα
969 5257 1234 5320 Σισίνιος
1275 5259 1305 5308 ό
1327 5259 1703 5320 Ναυατιανὸς
1729 5271 1876 5308 συν-

365 5331 690 5384 εϐούλευε’
730 5329 824 5380 καί
858 5327 938 5391 ὡς
983 5327 1067 5395 μὴ
1108 5324 1386 5391 δυνηθείς
1418 5325 1593 5378 τοῦτο
1631 5324 1869 5395 δρᾶσαι,

367 5399 688 5467 ὑπερόριον
732 5396 937 5466 φυγὴν
972 5394 1091 5450 τῶν
1123 5395 1434 5464 αἱρετικών
1472 5394 1872 5454 κατεδίκαζεν.

379 5579 658 5650 Ὀπηνίκα
692 5577 814 5632 κατ’
844 5579 1052 5631 ἐκεῖνον
1083 5576 1177 5628 τδν
1208 5575 1398 5646 χρόνον
1430 5575 1540 5628 τῶν
1577 5573 1875 5642 ⁹Αρειανῶν

298 5675 695 5743 ίξωθουμένων
735 5670 846 5724 τῶν
884 5669 1222 5739 εύδτηρίων,
1260 5669 1636 5738 εἰσαγομένων
1671 5667 1727 5721 δὶ
1765 5666 1876 5720 τῶν

371 5829 450 5898 (I)
493 5827 708 5882 Sozom.
738 5825 830 5880 lib.
859 5841 952 5888 vn,
986 5838 1105 5891 cap.
1155 5823 1238 5878 l2.

2573 5019 2802 5076 CAPUT
2847 5020 2959 5074 XV.

1988 5112 2052 5168 Ut
2083 5113 2398 5166 Theodosius
2429 5125 2716 5181 imperator
2770 5114 3054 5166 secundum
3097 5128 3280 5167 rursus
3325 5113 3550 5183 coegerit

2055 5184 2355 5244 concilium,
2385 5186 2453 5236 ad
2503 5185 2830 5235 concordiam
2865 5185 3099 5252 redigere
3157 5185 3334 5238 volens
3385 5184 3546 5235 eccle-

2050 5256 2176 5306 sias.
2210 5255 2273 5304 Et
2315 5271 2428 5322 qua:
2475 5254 2701 5306 Sisinius
2749 5253 3167 5307 Novatianorum
3197 5257 3460 5321 episcopus
3487 5253 3550 5304 de

2050 5325 2330 5376 concordia
2355 5326 2576 5376 suaserit
2621 5341 2636 5378 :
2667 5333 2714 5375 et
2775 5332 2830 5374 ut
2888 5325 2955 5375 ad
2985 5324 3227 5377 exsilium
3254 5325 3548 5383 hwreticos,

2053 5395 2136 5445 ubi
2185 5395 2289 5446 voti
2327 5409 2530 5462 compos
2562 5393 2678 5460 ﬁeri
2707 5410 2808 5445 non
2845 5394 3030 5461 potuit,
3059 5394 3368 5446 Theodosius
3395 5396 3551 5445 damo-

2051 5465 2213 5518 naril.

2050 5576 2253 5630 Eodem
2281 5583 2526 5647 tempore
2545 5576 2644 5646 (ι),
2675 5592 2797 5631 cum
2823 5577 3006 5631 Ariani
3037 5592 3103 5631 ex
3137 5577 3305 5630 sacris
3336 5575 3546 5629 aedibus

1980 5668 2434 5736 deturbarentnr,
2457 5681 2510 5726 et
2533 5669 2800 5724 Catholici
2837 5671 2888 5722 in
2921 5670 3325 5739 possessionem
3355 5681 3544 5722 earum
