4278 6438
726 401 828 463 737

1957 399 2375 463 NICEPIIORI
2416 402 2755 464 CALLISTI

3869 401 3976 469 783

732 527 959 566 vacuam
1005 513 1417 582 inducerentur,
1452 533 1558 572 non
1595 529 1772 587 parvm
1801 520 2002 567 exorta:
2030 522 2158 566 sunt
2188 523 2300 566 tur-
2332 514 2366 567 Α

2404 511 2511 562 ἀπὸ
2540 512 2638 581 τῆς
2667 515 2892 569 καθόλου
2924 514 3274 586 Ἐκκλησὲας,
3305 515 3403 569 οὐκ
3434 514 3712 584 ἐλάχισται
3740 517 3978 581 ταραχαὶ

731 605 837 657 bze.
901 603 1245 674 Quapropter
1287 609 1585 677 imperator
1632 605 1973 661 Theodosius
2021 606 2216 674 exiguo
2266 617 2294 656 a

729 695 914 766 priore
969 697 1174 768 synodo
1231 701 1492 768 temporis
1549 698 1853 761 intervallo,
1913 695 2296 765 antesignanos

729 788 1028 857 vigemium
1069 799 1182 842 tum
1247 791 1536 846 liacresium
1591 805 1804 844 rursum
1856 789 2199 848 convocavit,
2239 802 2297 840 ιιι

733 880 1003 934 alternum
1033 881 1260 935 istorum
1292 884 1445 937 ﬁeret
1479 901 1492 936 :
1526 882 1796 944 videlicet,
1830 891 1888 936 ut
1920 883 2004 935 vei
2041 881 2141 949 ipsi
2173 879 2294 933 aliis

731 971 1044 1040 opinionem
1095 989 1246 1027 suam
1305 975 1718 1044 persuaderent,
1778 975 1861 1028 vel
1920 974 1988 1027 ah
2047 973 2167 1027 aliis
2227 971 2292 1026 ad

730 1064 889 1117 aliam
954 1065 1418 1133 complectendam
1470 1065 1953 1135 persuaderentur,
2009 1065 2077 1119 de
2129 1064 2295 1118 rebus

729 1171 851 1224 qua:
889 1155 940 1209 in
966 1159 1340 1211 controversia
1391 1166 1574 1212 essent
1604 1173 1619 1214 :
1651 1157 1703 1211 in
1746 1172 1906 1211 unam
1937 1156 2294 1225 eamdemque

728 1248 1052 1300 sententiam
1100 1263 1289 1303 omnes
1321 1248 1616 1304 adductum
1665 1250 1730 1303 iri
1766 1258 1946 1314 ratus,
1998 1250 2042 1304 si
2094 1249 2148 1303 in
2195 1265 2292 1318 pu-

729 1337 874 1392 blico
903 1338 1178 1392 auditorio
1213 1341 1499 1410 opiniones
1533 1341 1710 1395 dubiae
1746 1357 1843 1410 per
1866 1342 2289 1410 disputationem

728 1430 1152 1485 discuterentur.
1203 1432 1338 1487 Cum
1379 1444 1559 1487 autem
1622 1433 1863 1488 universi
1907 1432 2293 1486 convenissent

729 1511 956 1586 (factum
1013 1523 1064 1579 id
1098 1540 1164 1578 eo
1213 1541 1355 1580 anno
1382 1567 1395 1590 ,
1423 1541 1531 1595 quo
1574 1525 1742 1579 lilium
1781 1525 2072 1580 Arcadium
2112 1533 2294 1593 Augu-

727 1622 868 1666 stum
901 1616 1277 1682 renuntiavit),
1302 1617 1586 1670 consilium
1619 1615 1688 1669 de
1726 1615 1932 1685 synodo
1965 1614 2291 1669 celebranda

725 1719 847 1758 cum
902 1706 1154 1760 Nectario
1202 1706 1808 1774 Constantinopolitano
1836 1706 2286 1768 communicavit,

725 1795 1066 1860 cohortatus,
1100 1806 1157 1850 ut
1181 1797 1512 1866 qmestiones
1539 1798 1683 1852 unde
1724 1798 1958 1852 haereses
1986 1799 2285 1860 orirentur,

2398 604 2610 666 τούτοις
2655 606 2994 676 συνέδησαν*
3032 601 3091 660 οὗ
3133 607 3293 677 χάριν
3327 608 3354 659 ὁ
3399 606 3654 675 βασιλεὺς
3697 606 3980 668 Θεοῖόσιος

2397 695 2576 763 ὀλίγον
2613 697 2878 751 διαλιπὼν
2909 701 3010 768 τῆς
3045 699 3318 770 προτέρας
3353 700 3596 760 συνόδου,
3634 699 3762 760 τοὺς
3795 700 3978 765 ἀρχη-

2397 787 2526 853 γοὺς
2563 787 2669 839 τῶν
2703 789 3067 858 ἁκμαζονσῶν
3098 789 3396 857 τηνικαῦτα
3433 789 3701 848 αἱρέσεων
3740 802 3975 853 μετεκαι

2396 877 2540 932 λεῖτο
2573 874 2748 944 αὖθις,
2782 881 2870 932 ἵνα
2903 881 3128 949 θάτερον
3161 884 3381 951 γένηται
3409 899 3423 912 ·
3457 883 3550 934 καὶ
3581 880 3613 949 ἢ
3649 881 3910 931 πείσωσιν
3939 876 3972 945 ἢ

2398 969 2697 1021 πεισθῶσιν
2741 966 2822 1032 οἷς
2866 973 3199 1038 διεφέροντο.
3244 974 3503 1041 Οἰόμενος
3543 977 3652 1041 γὰρ
3695 967 3762 1039 ἦν
3806 969 3975 1023 ταυτὸ

2398 1062 2653 1130 φρόνημα
2687 1064 2854 1115 πᾶσιν
2884 1062 3136 1125 ἐνθεῖναι,
3165 1064 3233 1115 τὰ
3259 1064 3364 1115 τῶν
3393 1065 3557 1128 δοξῶν
3587 1063 3862 1132 ἀμφίὸολα
3892 1064 3974 1123 είς

2397 1152 2583 1223 κοινὴν
2624 1155 2886 1223 ἀκρόασιν
2925 1157 2972 1208 εἰ
3017 1158 3370 1225 γυμνάσειεν.
3408 1157 3560 1209 Ἐπεὶ
3598 1156 3654 1208 δὲ
3699 1154 3970 1224 συνῄεσαν

2399 1246 2658 1311 ἅπαντες,
2703 1247 2865 1316 ἡνίκα
2911 1249 3003 1301 καὶ
3046 1249 3138 1301 τὸν
3185 1251 3300 1300 υἱὸν
3330 1249 3615 1317 Ἀρκάδιον
3659 1247 3971 1313 Αὖγουστον

2398 1336 2722 1406 ἀνηγόρευε,
2754 1337 2833 1407 τῷ
2863 1339 2958 1402 τῆς
2990 1338 3394 1392 Κωνσταντίνου
3428 1339 3714 1407 Νεκταρίῳ
3745 1340 3970 1390 ἐκοινω·

2395 1427 2552 1479 νοῦτο
2586 1431 2712 1498 περὶ
2744 1429 2842 1497 τῆς
2877 1431 3248 1499 γενησομένης
3285 1431 3504 1483 συνόδου
3528 1447 3542 1462 ·
3579 1429 3873 1497 παρηγγύα
3905 1445 3967 1480 τε

2394 1518 2494 1571 ὅσα
2527 1519 2630 1571 τῶν
2661 1521 2993 1590 ζητημάτων
3026 1523 3121 1585 τὰς
3153 1523 3393 1588 αἱρέσεις
3424 1523 3636 1587 ἐποίει,
3668 1524 3748 1584 είς
3781 1520 3970 1589 κοινὴν

2395 1612 2719 1679 προκεῖσθαι
2751 1614 2988 1678 διάλεξιν
3012 1630 3027 1644 ο
3059 1615 3134 1677 ὼς
3166 1615 3230 1667 ἂν
3256 1616 3552 1683 Ἐκκλησία
3591 1615 3689 1682 μία
3721 1616 3931 1682 γένοιτο
3952 1652 3969 1677 ,

2393 1706 2482 1757 καὶ
2531 1704 2587 1758 ἓν
2636 1705 2814 1774 δόγμα
2865 1705 3156 1774 σύμφωνον
3206 1706 3380 1760 ἅπασι
3432 1705 3782 1773 κατασταίη·
3833 1704 3971 1756 καθὸ

2393 1795 2720 1864 θρησκεύειν
2758 1797 2967 1859 πάντας
3018 1797 3307 1866 προσήκει,
3355 1797 3425 1866 μή
3467 1813 3516 1848 τι
3563 1797 3685 1864 ἔχον
3724 1796 3972 1865 ἀμφήρι-

725 1902 936 1948 omnes,
965 1890 1016 1942 in
1068 1863 1337 1958 publicam
1389 1889 1795 1944 deducerentur
1837 1889 2285 1959 disputationem,
2318 1863 2362 1922 Β

2394 1904 2539 1940 στον.
2567 1888 2798 1940 Πλεῖστα
2824 1888 2878 1940 δὲ
2911 1887 3190 1959 μεριμνῶν
3216 1888 3542 1958 Νεκτάριος,
3562 1888 3810 1955 ’Λγέλιον
3837 1905 3972 1957 μετ-

725 1993 833 2046 quo
878 1994 999 2032 cum
1062 1996 1166 2034 una
1215 1981 1367 2034 ﬁeret
1397 1980 1676 2044 Ecclesia,
1712 1990 1876 2048 atque
1926 1993 2090 2032 unum
2147 1978 2289 2031 inter

725 2086 918 2124 omnes
944 2073 1295 2128 consentiens
1322 2073 1746 2127 constitueretur
1775 2072 1987 2142 dogma,
2023 2080 2134 2125 tum
2166 2072 2290 2124 uni-

725 2164 867 2218 versi
926 2165 1287 2233 religionem,
1340 2165 1412 2219 ita
1459 2165 1536 2219 uti
1595 2165 1770 2226 decet,
1813 2164 2074 2227 colerent,
2111 2177 2289 2231 neque

725 2257 1023 2327 quidquam
1084 2257 1468 2313 controversiae
1522 2257 1946 2325 relinqueretur.
1999 2253 2289 2308 Nectarius

724 2351 958 2420 ζἶιιιιὶιιιει
1012 2366 1198 2405 secum
1261 2352 1442 2410 animo
1500 2350 1816 2414 revolvens,
1859 2348 2286 2402 Novatianorum

724 2443 1042 2510 episcopum
1076 2442 1324 2511 Agelium
1380 2441 1652 2504 accersiit,
1697 2440 1940 2509 ejusdem
1983 2439 2140 2508 cujus
2172 2440 2289 2505 ipse

725 2541 840 2585 erat
901 2533 968 2586 de
1020 2532 1471 2587 consubstantiali
1523 2532 1806 2585 sententiae
1861 2531 2087 2583 virum:
2127 2527 2292 2599 248

725 2624 818 2688 qui
852 2623 997 2692 quod
1033 2623 1190 2677 factis
1222 2623 1400 2693 potius
1434 2622 1691 2678 virtutem
1743 2624 1818 2690 (l)
1873 2621 2193 2682 declararet,
2237 2629 2290 2672 et

726 2731 753 2766 a
814 2716 1102 2770 verborum
1159 2715 1505 2784 nugamentis
1548 2726 1603 2769 et
1653 2715 1790 2768 fastu
1823 2714 2033 2768 alienus
2065 2728 2290 2781 prorsus

726 2818 889 2873 esset,
943 2808 1106 2861 alium
1160 2809 1333 2862 vicem
1395 2823 1546 2862 suam
1597 2810 1663 2860 ad
1715 2806 2116 2876 dispiriendum
2157 2805 2288 2874 quid

728 2898 870 2952 facto
897 2913 1035 2966 Opus
1061 2910 1224 2962 esset,
1266 2909 1427 2967 atque
1474 2899 1636 2952 etiam
1686 2898 1748 2964 (si
1779 2898 1882 2951 hoc
1923 2913 2053 2951 usus
2103 2897 2288 2962 ferret)

729 2989 790 3041 ad
814 2987 1224 3057 disputandum,
1258 2987 1581 3057 designavit,
1626 2987 1886 3042 Sisinium
1916 2987 2157 3048 nomine,
2196 2986 2289 3055 qui

729 3077 925 3130 tumin
981 3077 1241 3131 lectorum
1296 3078 1486 3132 ordine
1537 3077 1821 3143 enitebat;
1874 3087 1928 3130 et
1981 3076 2135 3129 brevi
2169 3084 2292 3146 post

2392 1982 2670 2035 εστέλ).ετο
2712 1981 2804 2033 τὸν
2847 1981 2947 2047 τῆς
2988 1981 3351 2034 Ναυατιανῶν
3395 1983 3658 2050 αἱρέσεως
3705 1981 3974 2050 προῖστὲι-

2395 2086 2579 2140 μενον·
2604 2072 2703 2139 τῆς
2726 2069 2836 2138 γὰρ
2859 2068 3025 2136 αὐτῆς
3049 2068 3205 2138 δόξης
3229 2071 3426 2139 ἐκείνῳ
3446 2071 3586 2122 κατά
3603 2071 3662 2121 τὸ
3684 2072 3973 2138 όμοοὺσιον

2389 2159 2492 2232 ἦν’
2542 2165 2569 2215 ό
2607 2162 2662 2214 δὲ
2704 2164 2816 2223 τοῖς
2857 2161 3035 2229 ἔργοις
3080 2162 3282 2225 μᾶλλον
3320 2165 3420 2230 τὴν
3463 2162 3664 2230 ἀρετὴν
3710 2162 3973 2214 ἐπιδεδει-

2392 2252 2591 2320 γμένος
2618 2267 2634 2284 ο
2677 2253 2742 2318 τῇ
2781 2251 2836 2302 δὲ
2870 2249 3132 2320 τερθρεέᾳ
3165 2252 3273 2300 τῶν
3308 2251 3484 2316 λόγων
3521 2252 3613 2302 καὶ
3649 2253 3729 2319 τῷ
3763 2251 3973 2321 ταύτης

2393 2346 2588 2416 κομψῷ
2631 2349 2979 2400 παντάπασιν
3015 2347 3245 2415 ἀτριεὴς
3291 2346 3625 2415 $7,115.00»)
3663 2346 3776 2400 ἀντ’
3804 2346 3975 2398 αὖτοῦ

2392 2437 2484 2490 τοῦ
2519 2437 2778 2504 ποιητέου
2809 2435 3214 2503 προσεϐάλλετο
3237 2477 3250 2498 ,
3286 2435 3399 2501 εἴγε
3436 2436 3598 2502 χρεία
3632 2432 3845 2500 γένοιτο
3877 2433 3978 2484 καὶ

2393 2531 2471 2591 εἰς
2502 2527 2735 2595 ἅμιλλαν
2766 2528 3102 2594 καταστῆναι
3134 2527 3310 2594 λόγων
3329 2569 3343 2592 ,
3379 2527 3611 2578 Σισίνιον
3641 2525 3848 2593 ὄνομα,
3878 2542 3978 2595 τη-

2393 2622 2620 2674 νικαῦτα
2665 2621 2739 2690 τῷ
2781 2622 2888 2672 τῶν
2931 2621 3293 2687 ἀναγνωστῶν
3339 2618 3532 2687 βαθμῷ
3573 2618 3973 2687 διαπρέποντα,

2392 2712 2449 2773 ὃς
2482 2712 2618 2780 μετὰ
2649 2712 2844 2779 μικρὸν
2872 2712 2966 2762 καὶ
2989 2710 3084 2779 τὴν
3113 2711 3277 2762 αὑτοῦ
3309 2710 3592 2777 ἐπετράπη
3620 2707 3934 2775 ἐπισκοπὴν
3956 2723 3972 2738 ·

2393 2805 2584 2870 νοῆσαι
2614 2803 2711 2871 μὲν
2737 2803 2939 2868 δεξιὴν,
2970 2801 3174 2872 φράσαι
3201 2801 3256 2853 δὲ
3285 2802 3344 2852 τὸ
3373 2801 3563 2870 νοηθὲν
3593 2799 3741 2866 μάλα
3766 2799 3972 2850 δεινόν’

2393 2897 2698 2965 ἐπιτήδειον
2732 2896 2785 2947 δὲ
2826 2896 3000 2957 ἄλλως
3035 2895 3132 2960 τῆς
3180 2895 3331 2961 ἱερᾶς
3373 2893 3598 2962 Γραφῆς
3641 2891 3978 2958 άναδιφῆσαι

2393 2983 2452 3036 τῦ
2488 2982 2668 3050 βάθος,
2701 2985 2795 3035 καὶ
2825 2984 3046 3051 λαμυρᾷ
3081 2982 3302 3051 γλώσσῃ
3337 2981 3799 3051 ἐπεξηγήσασθαι,
3835 2981 3977 3048 ἴδριν

2393 3092 2452 3127 τε
2493 3075 2602 3127 τῶν
2644 3076 2773 3144 παρ’
2800 3076 3026 3146 Ἕλλησι
3074 3078 3166 3128 καὶ
3203 3077 3313 3128 τῶν
3355 3076 3638 3145 παρ’ήμῖν
3680 3074 3980 3142 φιλοσοφη-

731 3170 1108 3238 cpiscupatum
1142 3170 1260 3239 ejus
1290 3169 1530 3238 suscepit
1563 3187 1575 3221 :
1608 3170 1884 3224 hominem
1914 3168 1979 3221 ad
2010 3167 2287 3232 invenicn-
2319 3195 2363 3252 ο

2400 3166 2608 3219 σάντων
2635 3183 2649 3197 ·
2680 3166 2736 3229 ὃς
2769 3167 2831 3236 δὴ
2862 3168 2974 3220 τότ’
2998 3169 3194 3236 ἄριστα
3225 3169 3407 3235 λέγειν
3438 3169 3632 3229 δοκῶν,
3668 3167 3980 3235 σύμϐουλος

732 3261 857 3313 dum
908 3276 1166 3329 perquam
1214 3262 1580 3330 ingeniosum,
1609 3269 1664 3315 et
1689 3261 1754 3314 ad
1798 3260 1849 3313 id
1876 3259 2020 3329 quod
2052 3259 2294 3313 invenis-

733 3360 834 3414 set,
863 3341 1228 3422 eloquendum
1261 3355 1412 3408 valde
1449 3351 1794 3406 commodum
1833 3368 1847 3405 :
1885 3367 1986 3404 nec
2021 3352 2201 3404 minus
2227 3349 2292 3403 ad

734 3427 963 3498 areanos
996 3453 1051 3498 et
1079 3445 1310 3500 latentes
1343 3461 1509 3500 sacrae
1554 3444 1853 3512 Scriptura:
1886 3457 2081 3498 sensus
2110 3441 2296 3511 inqui-

736 3538 984 3605 rendum,
1020 3553 1224 3608 eosque
1259 3538 1479 3608 copiose
1505 3537 1656 3592 suavi
1683 3537 1866 3606 lingua
1892 3535 2295 3604 exponendum,

737 3645 864 3686 sane
898 3640 1059 3700 quam
1106 3633 1385 3693 idoneum,
1436 3646 1537 3685 nec
1568 3645 1677 3684 non
1730 3630 1971 3701 profanae
2027 3629 2191 3683 simul
2245 3637 2299 3682 et

739 3733 902 3775 saera:
959 3721 1315 3790 pliilOSOphire
1344 3722 1560 3791 egregie
1610 3721 1870 3792 peritum.
1913 3721 1982 3783 Is,
2019 3719 2164 3790 quod
2216 3733 2302 3774 re-

737 3815 977 3868 ctissime
1012 3826 1124 3869 turn
1157 3815 1340 3869 dicere
1372 3815 1524 3868 visus
1569 3823 1652 3869 est
1673 3856 1687 3880 ,
1725 3830 1916 3869 suasor
1948 3815 2068 3878 fuit,
2100 3830 2167 3869 ne
2195 3829 2301 3883 qua

739 3922 860 3959 eum
885 3907 965 3961 eis
989 3909 1081 3976 qui
1108 3909 1264 3964 aliter
1286 3906 1665 3976 opinarentur,
1698 3905 2070 3975 susciperetur
2101 3905 2296 3975 dispu-

742 4002 893 4062 tatio,
928 4009 987 4053 ut
1008 4015 1127 4068 qua:
1175 4000 1334 4053 aliam
1362 4014 1429 4053 ex
1469 3999 1571 4052 alia
1604 3999 1774 4052 rixam
1805 4005 1860 4051 et
1888 3997 2299 4052 contentionem

741 4105 934 4161 parere
961 4091 1160 4144 soleret
1192 4108 1204 4144 :
1242 4090 1334 4143 sed
1366 4097 1426 4144 ut
1473 4089 1547 4142 iili
1593 4090 2081 4158 interrogarentur,
2116 4102 2182 4140 an
2211 4101 2304 4139 eos
2358 4080 2366 4088 “

742 4200 1020 4239 sacrorum
1055 4183 1404 4237 oraculorum
1448 4183 1774 4249 interpretes
1794 4223 1806 4245 ,
1832 4182 1924 4249 qui
1950 4180 2102 4248 prius
2132 4177 2302 4232 exsti-

746 4276 932 4338 terint,
964 4291 1121 4342 quam
1151 4274 1418 4327 dissensio
1454 4273 1507 4326 in
1532 4271 1778 4326 ecclesiis
1807 4279 1927 4325 orta
1957 4270 2064 4334 sit,
2104 4269 2305 4321 admit-

2396 3256 2464 3329 ἦν
2488 3303 2502 3324 ,
2534 3260 2607 3323 ὥς
2638 3278 2696 3312 τε
2728 3259 2825 3323 τὰς
2862 3261 2960 3328 μὲν
2995 3260 3100 3312 τῶν
3133 3259 3308 3322 ἄλλως
3343 3260 3675 3324 δοξαζόντων
3709 3259 3980 3323 διαλέξεις

2397 3354 2664 3418 ἐκκλῖναι,
2697 3353 2789 3405 ἅτε
2822 3353 2883 3421 δὴ
2919 3352 3100 3420 μάχην
3129 3352 3221 3403 καὶ
3251 3352 3368 3421 ἔριν
3397 3354 3594 3421 γεννᾷν
3627 3352 3816 3412 ἱκανάς
3843 3368 3858 3382 ·
3895 3353 3980 3411 είς

2400 3445 2666 3517 ἐρώτησίν
2698 3463 2761 3514 γε
2804 3447 2912 3514 μὴν
2949 3445 3122 3496 ἐλθεῖν
3148 3483 3161 3504 .
3208 3446 3255 3495 εί
3294 3446 3415 3505 τοὺς
3451 3444 3561 3495 τῶν
3598 3444 3761 3512 ίερῶν
3797 3443 3982 3509 λόγων

2400 3541 2742 3610 καθηγητὰς,
2774 3541 2822 3593 οἳ
2857 3539 2983 3607 πρὶν
3010 3537 3041 3605 ἢ
3072 3536 3170 3606 τὴν
3197 3537 3482 3590 διάστασιν
3509 3539 3628 3598 ταῖς
3657 3535 3981 3604 ἐκκλησίαις

2400 3637 2684 3706 γεννῆσαι,
2729 3634 3070 3704 προσίενται.
3115 3631 3233 3684 Κᾶν
3277 3632 3382 3699 ἄρα
3422 3632 3520 3692 τὰς
3560 3631 3783 3683 ἐκείνων
3820 3630 3982 3693 δόξας

2402 3726 2750 3789 ἁπώσωνται,
2790 3725 3007 3786 πάντως
3041 3723 3135 3775 καὶ
3172 3723 3277 3774 ὑπὸ
3311 3723 3418 3774 τῶν
3453 3722 3520 3774 τὰ
3557 3723 3790 3791 σφέτερα
3824 3722 3983 3786 δοξα-

2404 3818 2604 3881 ζόντων
2648 3817 3065 3884 ἐξελαθήσονται
3093 3831 3106 3845 ο
3145 3816 3190 3866 εἰ
3232 3816 3286 3867 δὲ
3327 3817 3404 3877 εἰς
3449 3815 3718 3878 ἀπόδειξιν
3762 3814 3985 3875 ἱκανοὺς

2404 3907 2544 3963 εῖναι
2595 3909 2702 3962 τῶν
2754 3909 3178 3978 παρισταμένων
3227 3905 3574 3972 λογίσονται,
3628 3906 3826 3957 αὐτίκα
3880 3905 3984 3965 τὰς

2405 4001 2627 4054 ἐκείνων
2665 3999 2878 4062 βίϐλους
2920 3999 3011 4050 ἐπὶ
3055 3998 3222 4066 μέσον
3267 4000 3680 4066 προσενεγκεῖν.
3708 3995 3986 4065 Ἀκριϐὦς

2404 4094 2513 4163 γάρ
2545 4093 2814 4161 ⁴ἠπίστατο
2843 4091 2916 4154 ὡς
2946 4091 2996 4143 οἱ
3026 4091 3242 4143 παλαιοὶ
3277 4090 3548 4141 συναῖδιον
3578 4089 3654 4158 τῷ
3685 4090 3860 4157 Πατρὶ
3889 4089 3988 4140 τὸν

2407 4187 2534 4238 Υἱὸν
2581 4183 2876 4252 εὑρηκότες
2917 4183 3036 4244 ταῖς
3080 4181 3254 4243 θείαις
3299 4182 3581 4250 Γραφαῖς,
3626 4180 3879 4248 οὐδαμῶς
3925 4181 3986 4246 ἐξ

2406 4276 2582 4347 ἀρχῆς
2623 4292 2766 4337 τινος
2805 4275 2905 4344 τὴν
2944 4274 3201 4342 γέννησιν
3242 4272 3384 4343 ἔχειν
3431 4274 3608 4324 εἰπεῖν
3648 4273 3984 4340 ἐτόλμησαν.

746 4376 944 4419 terent.
975 4368 1052 4418 Ac
1096 4364 1368 4433 siquidem
1411 4364 1713 4416 sententias
1741 4361 1957 4414 illorum
1994 4362 2303 4429 reﬁcerent,

2418 4370 2506 4431 Ὠς
2545 4369 2602 4422 δέ
2645 4369 2739 4421 καὶ
2781 4366 3069 4435 Νεκταρίῳ
3111 4366 3204 4418 καὶ
3248 4364 3458 4434 βασιλεῖ
3498 4364 3694 4433 ἀρίστη
3739 4365 3772 4434 ἡ
3814 4363 4001 4433 βουλὴ

745 4467 859 4509 tum
916 4458 1029 4510 fore
1061 4456 1218 4518 dixit,
1248 4463 1307 4508 ut
1341 4469 1435 4508 eos
1469 4453 1631 4507 etiam
1677 4453 1927 4505 factionis
1972 4466 2082 4505 suae
2138 4466 2308 4520 p0pu-
2340 4523 2358 4525 _

2413 4462 2715 4523 συνεδόκει,
2755 4456 3074 4525 συναγαγὼν
3111 4457 3390 4521 ἅπαντας,
3427 4457 3688 4525 ἐπειρᾶτο
3721 4456 3988 4522 διαγινώ-

743 4551 887 4602 lares
922 4549 1141 4618 ejiciant
1171 4563 1183 4599 :
1234 4546 1318 4600 sin
1355 4558 1479 4599 vero
1529 4544 1755 4598 idoneos
1796 4545 1918 4597 illos
1961 4543 2026 4597 ad
2062 4543 2307 4596 deelara-
2340 4523 2366 4576 Ῐ

2375 4531 2382 4567 ’
2414 4568 2587 4615 σκειν,
2623 4549 2738 4611 πῶς
2779 4564 2908 4600 ποτε
2955 4549 3178 4616 γνώμης
3217 4548 3401 4616 ἔχουσι
3445 4547 3574 4616 περὶ
3609 4548 3706 4608 τὰς
3741 4549 3850 4598 τῶν
3886 4563 3993 4599 πα-

745 4645 948 4695 tionem
991 4656 1085 4695 seu
1132 4639 1461 4693 decisionem
1508 4639 2006 4692 controversiarum
2060 4652 2178 4691 esse
2209 4652 2308 4707 pu-

746 4743 943 4798 tarent,
982 4732 1165 4787 statim
1222 4731 1439 4783 illorum
1488 4728 1660 4782 libros
1707 4730 1760 4782 in
1811 4731 2048 4782 medium
2073 4728 2308 4797 proferri

747 4831 972 4883 debere.
1022 4826 1197 4894 Atque
1251 4824 1356 4878 hoc
1399 4825 1477 4877 sic
1527 4823 1720 4886 suasit,
1766 4823 1909 4891 quod
1937 4832 2088 4876 certo
2120 4820 2309 4885 sciret,

746 4930 962 4976 veteres
1009 4931 1132 4972 cum
1184 4916 1238 4969 in
1290 4914 1490 4968 divinis
1533 4913 1732 4968 litteris
1781 4924 2109 4967 coaeternum
2165 4911 2312 4964 l‘atri

748 5013 942 5066 Filium
998 5009 1350 5073 invenerint,
1407 5006 1829 5075 haudquaquam
1910 5004 2070 5056 initio
2127 5003 2310 5071 aliquo

746 5103 1154 5173 generationem
1188 5101 1308 5170 ejus
1354 5099 1622 5168 incepisse
1647 5137 1662 5162 ,
1701 5097 1886 5151 dicere
1917 5111 2086 5162 ausos.
2117 5095 2306 5148 fuisse.

746 5197 817 5253 Ut
850 5203 1032 5249 autem
1074 5202 1130 5247 et
1167 5191 1418 5248 Nectario
1450 5200 1498 5245 et
1550 5188 1864 5258 imperatori
1892 5187 2158 5256 Oplimum
2207 5187 2312 5238 hoc

749 5288 1038 5343 consilium
1093 5299 1215 5339 esse
1263 5284 1441 5338 visum
1507 5290 1614 5341 est.
1663 5281 1916 5334 omnibus
1968 5279 2059 5348 qui
2100 5277 2313 5332 evocati

747 5381 966 5434 fuerant
999 5378 1222 5435 coactis.
1256 5390 1584 5444 cognoscere
1635 5373 1868 5443 primum
1898 5415 1912 5436 ,
1947 5372 2074 5440 quid
2113 5371 2180 5423 de
2221 5387 2313 5422 ve-

751 5481 930 5525 terum
964 5467 1181 5536 scriptis
1212 5466 1288 5520 illi
1321 5464 1609 5529 sentirent,
1641 5467 1889 5518 tentavit.
1911 5463 2090 5530 Atque
2120 5461 2212 5514 ubi
2238 5461 2312 5512 illi

751 5565 988 5619 clamore
1020 5569 1074 5614 et
1105 5557 1464 5613 admiratione
1489 5572 1640 5610 suam
1670 5571 1797 5626 erga
1821 5553 1943 5608 illos
1967 5553 2311 5606 aﬂectionem

750 5669 806 5711 et
856 5655 1111 5724 pietatem
1163 5651 1500 5715 indicarunt,
1546 5658 1730 5718 aperte
1789 5646 2200 5718 pronuntiavit:
2266 5646 2311 5700 si

819 5771 891 5836 (l)
922 5767 1030 5838 Τὴν
1059 5768 1255 5840 ἀρετὴν
1284 5766 1376 5822 τοῦ
1411 5767 1526 5838 βίον
1578 5765 1664 5820 διὰ
1716 5766 1823 5820 τῶν
1892 5763 2068 5835 ἔργων
2134 5762 2335 5834 φέρων*

747 5855 886 5895 20111.

2412 4645 2708 4713 λαιοτέρων
2750 4641 2987 4712 γραφάς.
3040 4642 3160 4691 Td»:
3207 4640 3264 4692 δὲ
3312 4641 3407 4709 βοῇ
3458 4641 3552 4692 καὶ
3599 4639 3840 4708 θαύματι
3887 4642 3992 4707 τὴν

2416 4735 2544 4804 περὶ
2583 4733 2825 4793 ἐκείνους
2869 4731 3224 4801 μηνυσάντων
3270 4733 3533 4801 στοργὴν,
3581 4733 3661 4790 είς
3705 4726 3992 4799 προῦπτον

2413 4826 2626 4893 ἐδήλου,
2666 4825 2740 4885 ὡς
2782 4825 2831 4875 εἰ
2879 4823 3152 4891 μάρτυρες
3196 4822 3342 4875 οὗτοι
3383 4823 3476 4875 τοῦ
3522 4824 3793 4892 δόγματος
3836 4826 3994 4889 ἀξιό-

2416 4933 2581 4986 χρεῳ,
2614 4917 2720 4986 ἄρα
2749 4932 2810 4983 γε
2845 4916 2938 4968 καὶ
2966 4916 3066 4977 τὰς
3097 4913 3181 4982 ἐφ’
3210 4915 3424 4984 ἑκάστῳ
3451 4915 3712 4984 ζητήσεις
3745 4916 3995 4966 παύσου-

2415 5023 2518 5070 σιν,
2547 5005 2599 5057 εἴ
2625 5023 2686 5072 γε
2724 5005 3024 5074 στέρξειαν,
3055 5004 3129 5066 ὡς
3159 5003 3244 5073 ἄρ’
3270 5004 3499 5066 ἐκείνοις
3528 5005 3750 5068 δοξάσαι
3781 5007 3878 5056 καὶ
3910 5007 3992 5056 εί-

2415 5100 2539 5151 πεῖν
2573 5099 2701 5167 περὶ
2729 5095 2931 5148 τούτων
2959 5094 3197 5163 ἐγένετο.
3237 5095 3387 5147 Ἐπεὶ
3417 5095 3473 5147 δὲ
3505 5099 3598 5150 καὶ
3627 5096 3754 5164 περὶ
3782 5096 3992 5148 τούτων

2412 5190 2464 5240 οι
2497 5189 2605 5239 τῶν
2639 5187 2900 5257 αἱρέσεων
2932 5187 3167 5256 ἀρχηγοὶ
3205 5186 3325 5254 διχῆ
3369 5187 3627 5257 διῄρηντο
3659 5188 3754 5256 (οὺ
3791 5190 3860 5239 τὰ
3900 5190 3993 5240 [σα

2415 5283 2521 5351 γὰρ
2553 5284 2686 5334 πᾶσι
2721 5283 2847 5350 περὶ
2875 5283 2970 5343 τὰς
3000 5283 3106 5332 τῶν
3142 5279 3514 5348 παλαιοτέρων
3546 5278 3704 5341 δόξας
3736 5279 3992 5347 ἐδόκει),

2419 5373 2743 5427 καθ’ἐαυτδν
2766 5374 3049 5440 γενόμενος
3073 5373 3099 5423 ὁ
3124 5371 3358 5441 κρατῶν,
3383 5370 3613 5437 συνῆκεν
3633 5370 3706 5432 ὡς
3727 5369 3811 5422 διὰ
3833 5371 3995 5425 τοῦτο

2420 5467 2479 5517 τὸ
2517 5466 2776 5535 προτεθὲν
2819 5465 3192 5526 οποσεὲονται,
3230 5461 3322 5513 ἆτε
3362 5461 3424 5530 δὴ
3462 5464 3574 5522 τοῖς
3611 5461 3836 5521 οίκ;ίοις
3873 5463 3994 5514 δια-

2418 5557 2596 5623 λόγμις
2620 5556 3038 5625 τεθαρρηκότες.
3069 5557 3174 5606 Καὶ
3198 5554 3331 5624 δῆτα
3355 5554 3431 5622 τῷ
3457 5553 3552 5622 τῆς
3579 5552 3803 5623 γνώμης
3830 5554 4000 5622 ἀχθε-

2423 5647 2568 5710 σθεὶς
2609 5648 2899 5716 ἀνωμάλῳ,
2938 5647 3228 5700 ἐκέλευσεν
3267 5646 3505 5713 ἑκάστην
3546 5644 3759 5714 αἰρεσιν
3803 5649 3996 5715 γραφῇ

2375 5766 2715 5837 κομψότητος
2760 5765 2815 5819 δὲ
2861 5766 2952 5819 καὶ
3028 5761 3311 5836 τερθρείας
3365 5761 3540 5829 λόγων
3595 5759 3844 5831 ἁτριόής.
3898 5761 4004 5818 So-
