4278 6438
299 392 405 456 789

1262 402 1853 465 ECCLESIASTICJE
1892 405 2276 467 lllSTORl/E
2320 408 2464 467 Llll.
2510 408 2648 468 ΧΗ.

3438 399 3538 461 ’790

298 507 397 568 τὴν
424 508 631 563 οἰκείαν
662 512 1105 582 ὲγχαράττουσαν
1133 514 1308 583 δόξαν,
1342 518 1664 589 ἐγχειρίζειν
1694 518 1860 586 αὐτῷ.
1894 524 1932 578 Α
1969 529 1987 573 ι

1847 559 1860 573 .
1894 524 1932 578 Α
1969 529 2134 575 testes
2176 522 2250 575 illi
2280 520 2550 592 dogmatis
2587 520 2803 576 classici
2848 528 2902 573 et
2938 516 3121 575 idonei
3148 520 3353 574 essent,
3382 511 3536 566 facile

310 601 397 662 Ὠς
413 600 455 653 δ’
486 596 621 672 ἧκεν
644 604 825 673 ήμέρα
858 606 978 659 καθ’
1006 607 1070 678 ἢν
1096 606 1295 678 ὥριστο
1323 610 1518 671 ταῦτα,
1546 614 1607 663 ἐκ
1643 609 1740 680 μὲν
1758 609 1870 664 τῶν
1971 630 1999 669 e

1848 628 1870 662 ν
1971 626 2068 669 eos
2106 613 2465 683 quaestionem
2499 617 2577 667 rei
2603 612 2897 683 cujuslibet
2940 611 3245 669 decisuros,
3278 606 3322 659 si
3350 606 3452 672 ipsi
3485 606 3537 655 in

299 692 594 769 όμοούπιον
620 694 954 759 δοξαζόντων
985 697 1189 768 Τριάδα
1228 700 1407 770 παρῆν
1440 702 1746 771 Νεκτάριος
1777 705 1871 755 καὶ

313 781 578 849 Ἀγέλιος,
614 787 727 836 τῶν
776 787 832 841 δὲ
873 788 973 856 τῆς
1026 791 1292 859 αἱρέσεως
1338 793 1551 863 Ἀρείου
1598 812 1875 865 παρασπι-

306 872 511 927 ζύντων
544 879 874 946 Δημόφιλος.
914 880 1177 951 Εὑνόμιος
1205 883 1261 935 δὲ
1311 885 1474 948 αὐτὸς
1505 886 1644 956 ὑπὲρ
1677 889 1774 955 τῆς
1799 888 1874 939 οἱ·

302 965 457 1027 κνίας
510 968 669 1035 δόξης
710 971 925 1039 παρῆνο
975 972 1246 1037 Ἐλεύσιος
1279 975 1333 1027 δὲ
1374 978 1401 1029 ὁ
1449 977 1688 1040 Κυζίκου
1734 978 1874 1049 ὑπὲρ

304 1055 409 1106 τῶν
436 1058 790 1126 καλουμένων
835 1063 1270 1120 Μακεδονιανῶν.
1320 1067 1505 1130 Πάσας
1535 1068 1591 1121 δὲ
1636 1069 1733 1132 τάς
1765 1072 1874 1122 τῶν

305 1149 573 1217 αἱρέσεων
604 1151 847 1204 ἐπελθὼν
876 1155 1031 1220 δόξας
1061 1157 1087 1209 δ
1133 1156 1409 1225 βασιλεὺς,
1440 1161 1609 1229 μόνην
1654 1160 1874 1234 ἔκρινεν

307 1237 482 1309 ἀληθῆ
514 1241 607 1293 καὶ
655 1242 741 1295 διὰ
775 1243 1049 1313 θαύματος
1078 1244 1235 1318 ἦγεν,
1265 1250 1299 1319 ἢ
1329 1249 1388 1321 δὴ
1423 1252 1634 1321 Τριάδα
1677 1254 1875 1323 ὁμοού-

308 1346 425 1382 σιον
490 1334 805 1402 εἰσηγεῖτο·
862 1340 958 1401 τὰς
985 1338 1040 1391 δὲ
1085 1340 1279 1404 λοιπὰς
1324 1342 1621 1414 διερῤήγνυ
1675 1347 1749 1410 ὡς
1807 1349 1874 1418 τῇ

305 1420 536 1494 ἀληθεία
563 1425 991 1497 διαμαχομένας.
1017 1433 1079 1485 Οἱ
1106 1432 1206 1501 μὲν
1240 1430 1336 1487 οὖν
1365 1434 1465 1507 τὴν
1512 1437 1762 1492 Ναυάτου
1794 1456 1879 1490 νο-

309 1513 535 1579 σοῦντες
562 1518 773 1585 αἱρεσιν
803 1521 1014 1592 οὐδαμῆ
1042 1525 1228 1588 κακῶς
1270 1514 1559 1597 ἔπραττον,
1590 1528 1683 1582 are
1714 1529 1777 1600 δὴ
1810 1532 1873 1601 τῇ

309 1605 541 1657 καθόλου
582 1608 897 1681 Ἐκκλησία,
937 1612 1075 1683 πλὴν
1124 1614 1260 1679 ἐνὸς,
1293 1617 1361 1671 τὰ
1407 1617 1495 1669 ῐσα
1531 1618 1874 1688 φρονοῦντες.

308 1696 403 1747 καὶ
434 1696 511 1766 τῷ
548 1700 819 1771 όμοουσίῳ
850 1704 999 1771 μάλα
1036 1707 1460 1777 προσκείμενον
1497 1711 1551 1762 αἱ
1582 1710 1638 1764 δὲ
1688 1711 1874 1764 λοιπαὶ

304 1786 416 1839 τῶν
451 1790 738 1859 αἱρέσεων,
786 1798 976 1859 κακῶς
1018 1800 1156 1868 πρὸς
1197 1800 1323 1861 τοὺς
1366 1803 1661 1872 σφετέρους
1708 1806 1872 1872 ἱερεῖς

305 1879 687 1967 ἐχαλέπαινον,
714 1887 808 1940 ἅτε
840 1888 904 1958 δὴ
933 1891 1158 1959 ἀμαθῶς
1187 1893 1265 1962 τῷ
1302 1894 1596 1964 κρατοῦντι
1624 1897 1869 1967 διομιλη-

306 1968 541 2035 σάμενοι
566 1988 582 2003 ’
609 1966 685 2026 ὧν
713 1977 762 2027 οἱ
795 1979 1039 2030 πλεῖστοι
1070 1983 1161 2033 καὶ
1199 1981 1300 2044 τὰς
1323 1983 1548 2037 ἐκείνων
1575 1984 1732 2048 δόξας
1757 1966 1872 2039 δια-

305 2057 653 2127 πτύσαντες,
698 2066 834 2131 πρὸς
896 2067 995 2138 τὴν
1039 2070 1422 2125 ὲπαινεθεϊσαν
1491 2076 1872 2145 μετερῤύησαν

304 2150 513 2205 πίστιν.
540 2154 805 2220 Βασιλεὺς
831 2159 877 2212 δ’
911 2161 1163 2215 ἐντεῦθεν
1210 2164 1372 2235 νόμον
1407 2164 1594 2228 ἐτίθει,
1629 2168 1874 2232 καὶτοὺς

307 2240 386 2310 μὴ
434 2245 511 2313 τῷ
546 2247 827 2320 όμοουσῐῳ
869 2253 1220 2323 στοιχοῦντας
1272 2258 1492 2311 ἐκέλευε
1559 2261 1682 2329 μηδ’
1738 2263 1875 2327 ὅλως

303 2334 693 2406 ἑκκλησιὰζειν
714 2358 728 2371 '
768 2344 902 2398 ἀλλά
930 2347 1067 2415 μηδὲ
1101 2351 1232 2418 περὶ
1283 2352 1520 2414 πίστεως
1558 2353 1653 2407 τοῦ
1685 2354 1873 2408 λοιποῦ

301 2432 516 2501 τολμᾷν
546 2432 826 2487 διδάσκειν
848 2452 862 2468 ο
896 2437 1033 2489 ἀλλὰ
1070 2440 1205 2507 μηδὲ
1236 2440 1335 2511 τὴν
1374 2442 1494 2495 οταν
1523 2443 1586 2516 δή
1616 2462 1738 2498 τινα
1766 2463 1881 2516 χει-

308 2523 558 2590 ροτονίαν
612 2528 825 2581 ποιετντ
890 2530 1274 2594 ἐξελαύνεσθαι
1329 2534 1385 2586 δὲ
1444 2536 1568 2599 τοὺς
1633 2539 1732 2608 μὲν
1779 2542 1875 2592 καὶ

302 2613 493 2683 ἀγρῶν
516 2616 609 2668 καὶ
642 2618 851 2671 πόλεων
871 2637 884 2650 ·
918 2621 1148 2691 ἀτίμους
1176 2624 1221 2677 δ’
1260 2625 1454 2690 ἄλλους
1477 2623 1638 2694 εἶναι,
1674 2632 1770 2683 καὶ
1800 2631 1877 2702 μὴ

302 2708 403 2774 τῆς
441 2706 561 2776 ἴσης
603 2710 880 2775 πολιτείας
915 2716 1164 2784 μετέχειν
1193 2718 1307 2781 τοῖς
1359 2718 1564 2784 ἀλλοις.
1594 2722 1878 2792 Προσεπέ-

303 2813 490 2865 γρατρε
524 2798 581 2851 δὲ
607 2801 723 2864 τοῖς
749 2800 936 2870 νόμοις
991 2805 1085 2858 καὶ⁵
1130 2809 1401 2879 τιμωρίας
1440 2812 1700 2883 σφοδρὰς,
1749 2817 1801 2869 εί
1825 2833 1876 2869 τι

306 2893 465 2962 γνοίη
519 2895 672 2966 παρὰ
729 2900 789 2951 τὸ
832 2899 1199 2972 νομοθετηθὲν
1252 2902 1552 2974 δρώμενον.
1600 2904 1742 2959 Ἀλλ’
1777 2909 1878 2961 οὐκ

305 2982 527 3051 ἐπεξῄει
554 3001 567 3014 ·
598 2988 656 3050 ἐς
682 2988 802 3050 δέος
833 2990 943 3061 γὰρ
968 2992 1096 3055 τοὺς
1138 2995 1483 3059 σπουδαστὰς
1518 2999 1745 3053 ἐκείνων
1775 3002 1877 3070 ἐμ-

305 3074 529 3129 ϐάλλειν
589 3078 769 3149 ἤθελε.
807 3082 918 3135 Καὶ
974 3084 1176 3155 σπουδή
1216 3103 1299 3151 τις
1333 3083 1400 3157 ἧν
1448 3089 1547 3158 τὴν
1594 3090 1687 3143 ὑπ’
1730 3093 1878 3162 αὐτῷ

1973 723 2037 761 eo
2069 708 2505 776 acquiescerent,
2538 705 2685 776 quod
2744 706 2818 759 illi
2862 705 2927 760 de
2971 699 3362 758 controversiis
3392 701 3543 767 ejus-

1974 798 2121 853 modi
2140 808 2195 854 et
2223 798 2497 854 senserint
2522 807 2577 853 et
2600 796 2856 852 dixerint.
2886 790 3336 862 Quandoquidem
3358 799 3537 843 autem

1973 892 2138 946 etiam
2183 890 2249 945 de
2307 905 2374 946 eo
2426 890 2715 945 Interesium
2763 888 2932 943 duces
2980 883 3376 939 dissentiebant
3406 881 3537 950 (non

1976 983 2233 1039 omnibus
2258 983 2405 1039 enim
2443 981 2633 1037 eadem
2657 980 2724 1035 de
2752 987 2997 1034 veterum
3028 972 3382 1046 Opinionibus
3408 985 3541 1025 sen-

1978 1076 2147 1131 tentia
2178 1077 2341 1146 erat),
2378 1090 2492 1131 rem
2526 1089 2711 1129 secum
2754 1073 2871 1143 ipse
2910 1068 3254 1141 perpendens
3300 1065 3540 1134 impera-

1979 1178 2063 1222 tor
2094 1168 2363 1223 intellexit
2407 1177 2694 1238 propterea
2740 1166 2865 1222 illos
2895 1164 3228 1235 propositam
3274 1157 3369 1212 “ibi
3413 1171 3545 1210 con—

1975 1260 2237 1315 ditionem
2301 1260 2639 1330 repudiare,
2692 1260 2836 1329 quod
2907 1252 3369 1326 disputationibu-
3430 1250 3544 1302 suis

1976 1350 2719 1418 confiderent.Quamobrem
2745 1350 2985 1417 iniquam
3006 1343 3334 1401 sententiam
3349 1355 3540 1396 eOr.'m

1980 1442 2204 1498 moleste
2234 1442 2437 1507 ferens,
2489 1441 2737 1496 haeresim
2775 1454 3053 1509 quamque
3098 1435 3373 1492 libellum.
3425 1436 3547 1499 opi-

1980 1534 2195 1586 nionem
2272 1515 2537 1603 cujusque
2615 1532 3113 1597 complectentem,
3179 1525 3383 1580 oll‘erre
3440 1521 3545 1575 sibi

1975 1623 2156 1689 jussit.
2182 1620 2345 1693 249
2377 1622 2554 1692 Atque
2609 1622 2695 1677 ubi
2729 1620 2847 1676 dies
2878 1617 3177 1674 constituta
3210 1614 3453 1668 advenit.
3484 1627 3547 1664 ex

1979 1713 2062 1766 eis
2077 1714 2169 1780 qui
2186 1713 2508 1768 Trinitatem
2528 1711 2833 1783 ὁμοούσιον,
2857 1707 3398 1769 consubstantialem,
3429 1719 3551 1774 prn-

1985 1804 2305 1867 fltebantur,
2332 1805 2624 1859 Nectarius
2664 1804 2837 1864 atl‘uit.
2866 1813 2921 1857 et
2945 1802 3165 1871 Agelius
3193 1818 3207 1853 :
3239 1816 3301 1853 ex
3335 1798 3550 1852 Arianis

1977 1906 2182 1956 autem,
2228 1895 2579 1966 Demophilus
2618 1912 2633 1949 :
2687 1895 2916 1950 haeresis
2953 1909 3066 1948 suae
3100 1896 3343 1951 nomine.
3371 1890 3549 1943 Eunor

1975 1990 2164 2043 mins:
2224 1987 2477 2043 Eleusius
2515 2002 2699 2043 autem
2759 1987 3078 2057 Cyzicenus,
3130 1982 3548 2039 Μαορσιοιιῑνιητι-

1976 2096 2094 2135 rum
2125 2090 2309 2150 partes
2329 2094 2700 2149 propugnans.
2744 2075 2916 2131 Porro
2947 2076 3243 2145 imperator
3268 2073 3543 2139 opimam-

1978 2172 2080 2227 bus
2133 2172 2514 2226 ltwreticorum
2548 2169 2807 2224 omnibus
2838 2166 3123 2238 perlectis.
3168 2164 3341 2218 solam
3381 2162 3550 2213 admi-

1978 2274 2130 2317 ratus
2151 2273 2256 2326 est,
2292 2273 2347 2318 et
2372 2278 2556 2318 veram
2590 2275 2708 2316 esse
2746 2260 3040 2321 indicavit,
3074 2272 3193 2326 quae
3222 2255 3547 2309 Trinitatem

1979 2354 2284 2424 ὁμοούσιον,
2316 2353 2869 2415 consubstantialem,
2892 2350 3226 2420 deprmdicat
3268 2370 3277 2400 ;
3313 2350 3405 2400 reli
3432 2364 3550 2414 pias

1977 2464 2109 2503 vero
2140 2460 2202 2503 ut
2241 2447 2454 2502 veritati
2501 2456 2887 2517 repugnantes,
2934 2445 3221 2500 conscidit.
3261 2443 3539 2495 Enim-«3r:

1977 2542 2059 2595 eis
2088 2540 2184 2611 qui
2218 2540 2412 2595 Novati
2439 2540 2635 2594 haeresi
2669 2540 2943 2601 laborant,
2990 2538 3127 2592 nihil
3158 2535 3375 2590 adversi
3405 2538 3551 2588 aurci-

1978 2634 2106 2688 dit:
2160 2633 2362 2704 quippe
2386 2634 2479 2703 qui
2528 2633 2789 2707 Ecclesia:
2836 2631 3142 2695 catholica,
3184 2639 3548 2699 przctcrquam

1979 2728 2032 2781 in
2069 2740 2125 2780 re
2168 2741 2295 2791 una,
2325 2724 2723 2790 consentirent,
2763 2725 3132 2794 οιόμοουσίῳ,
3192 2720 3555 2775 consubstan-

1982 2818 2118 2882 tiali,
2138 2815 2434 2871 admodum
2461 2815 2795 2870 inhaererent
2835 2813 3082 2883 Reliquae
3101 2819 3284 2865 autem
3316 2810 3553 2863 haereses

1978 2912 2215 2979 graviter
2250 2911 2539 2980 episcOpos
2578 2923 2707 2963 suos
2760 2921 3020 2977 accepere
3042 2949 3055 2970 ,
3089 2902 3237 2975 quod
3280 2917 3388 2955 non
3417 2902 3554 2954 satis

1978 3002 2323 3058 considerate
2352 3017 2478 3057 cum
2507 3002 2837 3070 imperatore
2857 3001 3117 3071 egissent.
3136 2998 3360 3052 Plurimi
3387 2998 3551 3049 etiam

1980 3109 2045 3148 ex
2071 3092 2174 3159 eis,
2196 3092 2459 3163 opinione
2482 3092 2700 3147 illorum
2735 3102 2941 3162 spreta,
2975 3092 3041 3146 ad
3084 3089 3556 3145 sententiamlau-

304 3168 625 3239 ἀρχομένην
674 3173 1005 3243 όμοφρονεῖν
1058 3177 1209 3249 αὖτῷ
1261 3182 1389 3247 περὶ
1442 3182 1541 3252 τὴν
1586 3183 1680 3236 τοῦ
1731 3184 1877 3239 θείου
1906 3200 1993 3257 ct

1862 3204 1877 3239 ›
1906 3200 1947 3257 c
1980 3186 2158 3239 datam
2192 3186 2476 3240 transiere.
2510 3184 2716 3240 Deinde
2764 3185 3061 3254 imperator
3086 3184 3258 3252 legem
3292 3181 3417 3234 tulit
3451 3179 3551 3249 (1),

304 3263 488 3327 δόξαν.
528 3265 694 3319 Ὅθεν
730 3269 825 3320 καὶ
858 3269 947 3322 διὰ
995 3270 1202 3339 πολλῆς
1229 3266 1334 3341 ἦγε
1364 3275 1553 3343 τιμῆς,
1577 3274 1671 3339 οὓς
1713 3294 1883 3347 μετα-

304 3354 630 3425 τιθεμένους
664 3356 723 3421 ἐξ
746 3360 1013 3431 αἱρέσεων
1044 3362 1385 3431 διεγίνωσκε.
1410 3365 1522 3435 Τῆς
1554 3367 1610 3420 δὲ
1657 3370 1881 3424 συνόδου

303 3445 513 3515 ταύτης
542 3452 1028 3522 συγκροτουμένης
1059 3454 1122 3507 ὲκ
1151 3453 1406 3525 δευτέρου
1432 3460 1498 3526 τῇ
1531 3460 1828 3515 Κωνσταντ
1841 3462 1884 3514 ί-

305 3556 424 3603 νου,
454 3540 528 3603 ὡς
587 3542 844 3611 εἴρηται,
885 3544 1170 3600 Θεοδοσίου
1222 3548 1574 3617 κρατοῦντος,
1634 3546 1772 3623 ἧκεν
1824 3553 1884 3618 ἐξ

316 3627 598 3699 Ἐσπὲρας
631 3634 843 3695 τούτοις
867 3634 1125 3705 ἐπιστολή
1146 3649 1161 3666 °
1194 3636 1335 3690 ὥστε
1371 3637 1507 3708 πρὸς
1528 3640 1628 3710 τὴν
1666 3640 1883 3712 Ῥώμην

304 3724 404 3776 καὶ
430 3724 632 3788 αὐτοὺς
667 3728 963 3794 ἀφικέσθαι
997 3728 1216 3783 συνόδου
1254 3732 1522 3803 μεγίστης
1558 3734 1721 3788 κάκεῖ
1754 3753 1886 3803 xpo-

301 3818 601 3887 τουμὲνης,
635 3820 730 3873 καὶ
762 3821 846 3873 ἵνα
872 3820 969 3873 καὶ
1010 3821 1078 3875 τά
1108 3822 1229 3876 κατ’
1265 3826 1602 3894 Ἀντιόχειαν
1632 3828 1883 3898 Παυλίνῳ

302 3912 403 3964 καὶ
426 3911 720 3982 Φλαϐιανῷ
774 3915 1048 3984 γενόμενα
1103 3916 1391 3985 διαγνοῖεν.
1440 3919 1603 3973 Ἀλλὰ
1634 3922 1735 3991 τὴν
1783 3924 1883 3992 μὲν

303 4002 448 4070 πρὸς
478 4001 701 4070 Ῥώμην
731 4004 1070 4074 ἀποδημίαν,
1104 4007 1179 4071 ὡς
1210 4009 1442 4078 ἀκερδῆ,
1468 4010 1518 4063 οἱ
1547 4011 1604 4063 ὲν
1634 4013 1700 4082 τῇ
1731 4013 1886 4068 Κων-

303 4094 591 4149 σταντίνου
649 4097 1038 4167 ἀθροισθέντες
1111 4099 1400 4154 ἐπίσκοποι
1454 4105 1882 4175 παρῃτήσαντο·

301 4188 630 4242 ἐπέστελλον
656 4190 710 4242 δὲ
743 4193 835 4242 καὶ
861 4189 1030 4254 οῦτοι,
1060 4191 1153 4245 τόν
1180 4192 1226 4244 τ’
1252 4194 1622 4265 ἱπεγερθέντα
1655 4199 1722 4267 τῇ
1763 4197 1886 4251 Ἐκ·

302 4282 515 4351 κλησξᾳ
566 4280 831 4349 μέγιστον
871 4280 1122 4335 κλύδωνα
1171 4282 1281 4335 τῶν
1334 4284 1604 4355 αἱρέσεων
1641 4286 1885 4356 διαγγέλ·

299 4372 493 4435 λοντες
522 4387 534 4401 ·
574 4372 762 4441 ἠρέμα
807 4372 864 4425 δέ
912 4389 1030 4435 πως
1064 4374 1160 4427 καὶ
1208 4375 1306 4443 τῆς
1351 4377 1565 4429 ἐκείνου
1617 4378 1883 4448 ἀμελείας

300 4464 653 4532 καθήπτοντο
674 4478 689 4493 ο
718 4465 774 4515 ὲν
809 4464 1092 4533 κεφαλαίῳ
1116 4465 1172 4518 δὲ
1204 4466 1265 4518 τὸ
1322 4468 1683 4523 ἀποστολικὸν
1745 4473 1881 4542 φρό-

1983 3293 2053 3332 ne
2082 3293 2110 3331 a
2131 3276 2624 3332 Consubstantialis
2650 3275 2775 3330 ﬁdei
2795 3276 3135 3345 professione
3168 3273 3555 3333 abhorrentes,

1982 3379 2287 3424 conventus
2338 3369 2553 3438 aliquos
2607 3368 3012 3424 ecclesiasticos
3068 3378 3291 3436 agerent
3339 3382 3351 3417 :
3414 3378 3553 3417 neve

1984 3472 2174 3531 postea
2216 3462 2286 3517 de
2318 3460 2422 3516 ﬁde
2465 3462 2665 3517 docere
2701 3462 3006 3527 auderent,
3036 3471 3127 3514 aut
3158 3458 3391 3528 eligendi
3429 3472 3560 3510 con-

1981 3554 2343 3625 secrandique
2366 3556 2698 3626 quempiam,
2717 3562 3040 3625 potestatem
3063 3554 3347 3607 haberent.
3369 3551 3561 3632 Sanxit

1981 3656 2268 3717 praeterea,
2324 3658 2383 3704 ut
2423 3650 2501 3703 illi
2529 3648 2725 3717 partim
2768 3664 2835 3701 ex
2870 3647 3014 3716 agris
3048 3664 3102 3697 ‹·ι,
3135 3646 3364 3698 urbibus
3392 3643 3559 3713 pelle—

1984 3748 2198 3802 rentur,
2216 3739 2412 3808 partim
2441 3738 2661 3792 infamia
2696 3746 3035 3793 notarentur.
3063 3750 3233 3802 neque
3254 3733 3553 3801 quidquam

1984 3846 2107 3886 cum
2158 3830 2387 3898 reliquis
2416 3830 2630 3884 civibus
2672 3843 2961 3883 commune
3018 3827 3304 3879 haberent.
3342 3825 3559 3878 Consti-

1986 3921 2289 3975 tutionibus
2319 3918 2396 3991 (2)
2448 3921 2715 3987 ejusmodi
2766 3935 2956 3987 pmnas
2997 3934 3189 3983 graves
3235 3916 3479 3977 addidit,
3514 3915 3557 3967 si

1983 4031 2315 4085 quemquam
2350 4024 2540 4070 contra
2574 4014 2793 4069 decreta
2833 4031 2931 4070 sua
2959 4014 3299 4069 commisisse
3336 4028 3559 4079 compe-

1988 4107 2167 4161 risset.
2200 4107 2306 4162 Sed
2337 4122 2430 4162 eas
2476 4108 2813 4162 exsecutioni
2846 4122 2952 4161 non
2989 4106 3303 4160 mandavit:
3342 4114 3549 4159 metum

1983 4199 2131 4253 enim
2166 4208 2375 4253 tantum
2400 4198 2691 4253 hmresium
2719 4198 2983 4253 studiosis
3002 4199 3246 4251 incutere
3272 4196 3479 4260 voluit;
3504 4202 3562 4248 et

1985 4294 2039 4347 id
2090 4293 2322 4347 maxime
2369 4292 2554 4346 studio
2603 4290 2816 4353 habuit,
2854 4301 2916 4345 ut
2955 4291 3141 4360 populi
3182 4290 3410 4359 impr-rio
3442 4290 3561 4357 ejus

1986 4384 2511 4454 subjecti,eamdem
2543 4399 2727 4437 secum
2761 4382 2830 4437 de
2863 4384 2973 4435 Deo
3003 4383 3309 4436 obtinerent
3342 4381 3559 4447 opinio«

1985 4490 2132 4528 nem.
2158 4474 2503 4543 Quapropter
2536 4489 2733 4544 magno
2769 4475 2930 4527 etiau-
2986 4490 3079 4526 ee:-
3121 4489 3231 4539 pm
3259 4485 3445 4525 ποτειιδ
3477 4480 3555 4522 est

301 4573 459 4625 νημα
487 4556 567 4625 τῷ
599 4558 895 4627 γράμματι
942 4557 1406 4629 ὲγκατέσπειραν.
1440 4560 1777 4631 Σαφέστερον
1824 4564 1879 4616 δὲ
1916 4553 1957 4608 Ῑ)
1987 4568 1990 4620 ἶ

1863 4564 1879 4616 ὲ
1916 4553 1957 4608 Ῑ)
1987 4567 2217 4630 ltouore,
2247 4584 2385 4636 quos
2425 4566 2493 4620 ab
2526 4565 2798 4620 haereticis
2826 4567 2891 4619 ad
2944 4566 3226 4618 t't‘t‘icSlnltt
3277 4564 3552 4617 universa

301 4652 398 4703 τὸν
457 4642 705 4717 ἀνδρεῖον
736 4649 966 4703 ἐκείνων
1018 4648 1147 4703 νοῦν
1177 4652 1272 4704 καὶ
1303 4651 1402 4719 τὴν
1434 4651 1608 4723 ἀληθῆ
1663 4655 1877 4722 σοφίαν,
1988 4700 1990 4709 ι

1869 4697 1877 4721 ,
1988 4657 2092 4710 lem
2120 4657 2398 4710 transiissc
2426 4657 2699 4727 cognovit.
2737 4656 2872 4711 Cum
2899 4656 3137 4727 synodus
3174 4654 3558 4707 Constantino-

300 4739 448 4793 αὐτά
472 4738 523 4809 γ’
552 4742 733 4791 ἐκεῖνα
757 4741 1106 4810 παραστήσει
1137 4741 1205 4792 τὰ
1228 4740 1555 4812 γράμματα,
1581 4742 1706 4795 τάδε
1741 4747 1882 4799 κατά

1864 4748 1882 4799 t
1988 4748 2100 4817 poli
2161 4750 2398 4814 iterum,
2454 4748 2616 4802 sicuti
2652 4748 2857 4802 dictum
2913 4757 3015 4811 est,
3080 4746 3181 4800 sub
3234 4754 3553 4814 Imperatore

303 4835 461 4906 ῥῆμα
494 4832 761 4899 διεξιόντα
782 4850 795 4863 ·

1993 4838 2302 4892 Theodosio
2329 4848 2606 4908 ageretur,
2625 4856 2687 4893 ex
2722 4839 3017 4894 Occidente
3049 4837 3245 4891 littera:
3272 4851 3555 4894 venerum.

304 4944 366 4985 ut
394 4932 500 5002 ipsi
534 4947 754 5002 quoque
787 4932 1016 4999 Romam
1056 4932 1122 4987 ad
1154 4932 1449 4987 concilium
1481 4933 1553 4988 ibi
1590 4934 1883 4988 maximum
1928 4934 2338 5000 institutum,in
2367 4953 2476 5005 quo
2497 4936 2563 4991 de
2618 4937 2779 4991 rebus
2801 4936 2965 4989 etiam
2996 4934 3352 4987 Antiocltenis
3413 4950 3557 4985 nux

300 5027 595 5081 Paulinum
626 5037 683 5081 et
708 5026 1026 5081 Flavianum
1090 5026 1459 5089 decideretur,
1527 5027 1801 5080 venirent.
1874 5027 2138 5087 Caeterum
2198 5030 2289 5099 qui
2341 5029 2809 5098 Constantinopoli
2862 5030 3171 5099 congregati
3242 5037 3394 5080 erant
3439 5028 3545 5095 cpi?

300 5118 483 5190 scopi,
512 5120 911 5188 profectionem
946 5118 1245 5174 Romanam
1271 5129 1331 5173 ut
1381 5118 1780 5173 incommodam
1848 5120 2243 5177 detrectarunt.
2324 5122 2620 5191 Epistolam
2677 5132 2858 5176 autem
2915 5122 3274 5190 scripserunt,
3344 5121 3398 5172 in
3450 5138 3557 5187 qua

299 5213 599 5269 excitatam
635 5211 687 5265 in
727 5214 965 5269 Ecclesia
1002 5213 1071 5267 ab
1121 5212 1393 5267 haereticis
1441 5212 1734 5281 procellam
1815 5214 2102 5267 maximam
2168 5227 2568 5282 exposuerunt:
2600 5226 2656 5270 et
2709 5213 3103 5284 aliquantulum
3176 5211 3557 5280 negligentiam

300 5315 361 5359 et
397 5305 674 5361 incuriam
704 5307 921 5361 illorum
990 5306 1449 5377 perstrinxerunt,
1492 5306 1915 5375 summatimque
1958 5308 2311 5377 apostolicam
2366 5309 2690 5363 sententiam
2730 5308 3102 5362 inseruerunt.
3142 5304 3304 5374 250
3342 5303 3448 5357 Sed
3485 5304 3559 5355 vi-

300 5402 465 5455 rilem
516 5416 708 5457 eorum
748 5403 1018 5467 animum,
1090 5414 1388 5468 veramque
1427 5396 1790 5467 sapientiam,
1856 5402 1960 5455 illa:
1996 5402 2125 5471 ipsa:
2182 5402 2378 5458 littera:
2441 5402 2831 5468 declarabant,
2897 5401 2950 5455 in
3013 5399 3128 5453 haec
3197 5396 3360 5449 verba
3424 5409 3558 5450 eon-

299 5506 478 5566 cepta:
514 5512 529 5553 :

484 5653 547 5735 L_.
579 5654 769 5735 Οηιηεε
804 5656 974 5735 uetita:
1003 5656 1063 5735 (ἔτ
1099 5659 1173 5735 _De
1205 5657 1451 5735 hatretjc.
1474 5668 1535 5712 et
1568 5656 1806 5735 Maniclr.

376 5726 457 5796 (‘2)
522 5725 584 5782 L.
642 5726 833 5782 Cuncti
876 5724 1132 5783 Itaz'retici.
1196 5744 1319 5785 cum
1367 5729 1456 5783 Li.
1512 5729 1895 5795 sequentibus.
1942 5724 2077 5781 liud.
