4278 6438
713 424 814 492 791

1287 545 1512 605 CAPUT
1562 549 1702 604 XVI.

719 633 959 704 Epistola
987 635 1588 707 Constantinopolitanm
1601 641 1807 710 synodi,
1829 642 1900 695 ad
1927 640 2284 698 Occidentales

1235 712 1501 779 episcopos
1538 715 1759 779 scripta.

789 838 808 870 ε
846 820 1340 879 Reverendissimis
1385 825 1641 893 dominis,
1677 839 1733 885 et
1770 831 2000 886 maxime
2035 833 2140 900 piis
2172 833 2284 888 fra-

719 909 894 965 tribus
921 921 1087 983 alque
1115 914 1358 985 collegis,
1391 917 1641 985 Damaso,
1672 921 1980 989 Ambrosio,
2025 923 2279 992 Brittoni,

655 1058 672 1066 ί
717 1001 1024 1065 Valeriano,
1077 1005 1357 1069 Ascholio,
1399 1009 1646 1075 Anemio,
1682 1021 1738 1066 et
1794 1013 2021 1083 reliquis
2073 1015 2283 1071 sanctis

715 1091 1007 1160 episcopis,
1043 1094 1095 1148 in
1129 1112 1324 1167 magna
1373 1100 1510 1153 urbe
1543 1102 1785 1156 Romana
1823 1105 2061 1170 coactis;
2097 1117 2282 1162 sancta

713 1182 952 1250 synodus
984 1187 1412 1244 orthodoxorum
1442 1203 1494 1246 et
1515 1204 1662 1250 recte
1694 1196 2045 1252 sentientium
2071 1200 2285 1269 episco-

714 1287 910 1339 porum
963 1273 1016 1328 in
1054 1291 1245 1346 magna
1300 1281 1436 1335 urbe
1495 1282 2098 1356 ConstantinOpolitana
2148 1303 2280 1342 con-

712 1375 1084 1433 gregatarum,
1117 1369 1170 1423 in
1201 1371 1428 1426 Domino
1463 1376 1715 1430 salutem.
1747 1378 2010 1432 Pietatem
2045 1389 2280 1434 vestra.

715 1467 969 1527 tanquam
1003 1460 1242 1529 ignaram
1276 1463 1570 1530 docere,et
1595 1482 1957 1522 aerumnarum
1978 1470 2088 1523 vim
2121 1471 2280 1527 nobis

710 1548 779 1602 ab
847 1549 1146 1620 impotenti-
1176 1554 1548 1611 dominatione
1609 1558 1938 1615 Arianorum
2006 1562 2278 1618 illatarum

712 1653 1164 1709 commemorare,
1192 1646 1528 1715 superfluum
1570 1649 1800 1705 fortasse
1830 1661 1932 1706 est.
1969 1652 2086 1706 Non
2130 1656 2276 1708 enim

712 1736 1120 1794 exsistimamus
1174 1745 1429 1810 pietatem
1476 1757 1738 1814 vestram,
1777 1765 1864 1804 res
1913 1761 2129 1808 nostras
2169 1762 2276 1807 tam

708 1827 845 1882 nihil
876 1829 942 1883 ad
982 1846 1039 1884 se
1064 1834 1339 1902 pertinere
1367 1835 1638 1907 judicare,
1671 1849 1730 1892 ut
1765 1839 1831 1894 de
1860 1841 1942 1894 eis
1963 1857 2276 1897 commone-

709 1920 961 1976 facienda
1015 1926 1106 1989 sit,
1145 1925 1198 1980 in
1239 1927 1442 1996 quibus
1487 1931 1782 1986 condolere
1827 1949 1944 1987 eam
1991 1934 2276 1989 nobiscum

708 2013 975 2079 oportuit.
1012 2013 1198 2085 Neque
1251 2019 1386 2072 tales
1434 2034 1722 2091 suntqnas
1768 2025 2095 2093 pertulimus
2144 2035 2282 2081 tem-

708 2115 971 2172 pestates.
1007 2118 1066 2161 ut
1087 2108 1257 2166 latere
1290 2115 1557 2168 tenuitate
1586 2130 1681 2170 sua
1716 2119 2018 2186 potuerint.
2044 2119 2110 2173 Et
2140 2130 2279 2175 tem-

707 2210 811 2262 pus
866 2201 1312 2265 persecutionum
1346 2206 1736 2277 prepinquum,
1790 2222 2061 2265 recentem
2097 2212 2280 2267 adhuc

709 2290 1029 2344 memoriam
1076 2304 1384 2360 conservat,
1435 2313 1544 2352 non
1593 2300 1674 2355 eis
1706 2310 1926 2355 tantum
1955 2303 2048 2371 qui
2095 2303 2278 2358 amicti

706 2389 858 2446 sunt,
908 2383 1000 2437 sed
1070 2385 1236 2440 etiam
1285 2390 1377 2457 qui
1426 2405 1524 2459 per
1577 2391 1898 2447 charitatem
1954 2395 2277 2452 aﬂ'lictorum

707 2473 978 2539 miserias,
1017 2491 1145 2530 suas
1200 2479 1444 2548 ipsorum
1504 2498 1777 2539 aerumnas
1829 2501 1950 2540 esse
1999 2498 2276 2557 reputant.

706 2562 836 2616 llcri
880 2581 1136 2636 namque.
1175 2572 1603 2639 propemodum,
1646 2585 1702 2629 et
1751 2591 1927 2645 nuper
1957 2578 2275 2643 admodum,

707 2654 799 2708 alii
832 2657 1053 2724 quidem
1081 2661 1258 2715 exsilii
1293 2663 1525 2719 vinculis
1557 2665 1742 2729 soluti,
1774 2668 1837 2721 ad
1867 2669 2130 2724 ecclesias
2153 2688 2279 2726 suas

707 2763 803 2817 per
824 2749 1148 2807 afllictiones
1170 2755 1596 2813 innumerabiles
1614 2761 1953 2827 postliminio
1976 2763 2276 2818 redierunt.

706 2842 1074 2907 Quorumdam
1128 2856 1309 2901 autem
1345 2849 1395 2902 in
1425 2851 1615 2905 exsilio
1657 2851 2040 2907 defunctorum
2099 2857 2280 2910 relata:

708 2939 839 2984 sunt
903 2933 1170 3002 reliquiae.
1197 2936 1428 3002 Quidam
1470 2941 1633 2995 etiam
1683 2954 1808 3010 post
1851 2943 2112 3011 reditum,
2151 2963 2276 3000 cum

706 3021 764 3075 in
795 3021 1098 3078 ferventem
1135 3027 1315 3082 adhuc
1341 3031 1723 3086 hmreticorum
1769 3035 2093 3090 incidissent
2124 3037 2277 3092 furo-

706 3129 846 3176 rem,
879 3117 1164 3173 acerbiora
1200 3136 1419 3189 quoque
1470 3124 1640 3190 domi,
1680 3142 1842 3194 quam
1887 3127 1939 3180 in
1969 3128 2280 3198 longinquis

707 3219 762 3260 et
795 3208 1191 3277 alienisterris,
1226 3214 1364 3267 mala
1409 3217 1724 3285 pertulere:
1761 3218 2032 3288 lapidibus
2071 3221 2140 3274 ad
2183 3238 2281 3276 ne-

709 3316 827 3354 cem
880 3318 1075 3371 usque,
1125 3305 1285 3358 sicuti
1325 3307 1515 3363 beatus
1567 3309 1900 3379 Stephanus,
1937 3313 2141 3368 obruti.
2178 3316 2282 3369 Alii

708 3392 876 3457 variis
906 3395 1109 3449 concisi
1137 3397 1462 3452 verberibus
1485 3410 1532 3454 et
1559 3401 1758 3471 flagris,
1777 3403 2024 3472 stigmata
2045 3416 2099 3459 et
2127 3417 2284 3462 notas

708 3485 891 3540 adhuc
915 3486 1118 3541 Christi
1167 3498 1224 3542 et
1260 3489 1472 3544 vibices
1500 3492 1553 3544 in
1597 3508 1826 3562 corpore
1855 3511 1955 3549 suo
1994 3497 2284 3551 circumfe-

709 3588 859 3631 rnnt.
887 3579 1253 3634 Pecuniarum
1296 3597 1427 3636 vero
1462 3583 1680 3645 multas,
1718 3595 1773 3639 et
1797 3589 2153 3643 excussiones
2187 3603 2282 3640 ur-

707 3669 887 3732 bium,
914 3681 968 3724 et
995 3671 1332 3738 privatorum
1372 3670 1639 3726 bonorum
1680 3674 2082 3744 publicationes
2104 3715 2118 3738 .
2152 3677 2285 3731 insi-

706 3762 827 3815 dias
878 3770 1131 3827 structas,
1195 3766 1574 3831 contumelias,
1635 3775 1689 3820 et
1734 3767 1976 3833 vincula,
2031 3769 2280 3838 quisnam

707 3869 1030 3909 enumerare
1083 3857 1287 3924 queat?
1330 3858 1542 3912 Revera
1584 3859 1832 3928 profecto
1860 3859 1914 3914 in
1950 3860 2112 3915 nobis
2147 3860 2283 3915 ami-

707 3947 918 4001 ctioncs
947 3949 1321 4018 multiplicata?
1350 3962 1480 4004 sunt
1518 3966 1682 4020 supra
1719 3954 2283 4018 numerum,fortasse

709 4041 792 4094 vel
845 4042 991 4110 quod
1045 4052 1393 4110 peccatorum
1446 4058 1634 4111 pmnas
1665 4046 2078 4113 persolvimus:
2121 4047 2278 4116 251

708 4131 795 4187 vel
825 4133 970 4201 quod
997 4132 1265 4203 benignus
1288 4134 1429 4187 Deus
1454 4149 1552 4204 pro
1584 4151 1683 4189 suo
1714 4136 1766 4189 in
1803 4137 2053 4192 homines
2077 4153 2280 4202 amore,

708 4243 807 4296 per
868 4236 1069 4282 tantam
1109 4228 1216 4280 vim
1270 4236 1325 4282 et
1385 4209 2116 4293 multitudinemfmalorum
2183 4246 2282 4286 nos

706 4322 977 4376 exercuit.
1014 4319 1135 4386 Quo
1166 4321 1388 4376 nomine
1425 4322 1531 4376 Deo
1556 4323 1767 4392 agimus
1798 4325 2020 4394 gratias,
2062 4324 2154 4393 qui
2186 4340 2282 4392 per

708 4422 790 4468 tot
835 4423 890 4469 et
924 4422 1104 4467 tantas
1135 4413 1458 4469 alllictiones
1501 4431 1688 4469 servos
1728 4431 1857 4469 suos
1884 4416 2198 4486 castigarit,
2227 4424 2282 4469 et

709 4505 1012 4560 secundum
1041 4506 1446 4561 multitudinem
1478 4508 1891 4561 miserationum
1926 4522 2146 4561 suarum
2181 4523 2282 4562 nos

1897 439 2317 503 NlCEPHORI
2359 446 2704 511 CALLISTI

2303 557 2353 617 Λ

3857 456 3966 518 792

2963 563 3217 618 ΚΕΦΑΛ.
3258 565 3374 632 ις’.

2400 649 2730 718 Ἐπιστολὴ
2758 650 2869 718 τῆς
2909 651 2979 706 ἐν
3009 656 3645 710 Κωνσταντινουπόλει
3695 656 3964 712 συνόδου

2494 721 2646 790 πρὸς
2665 722 2808 789 τοὺς
2835 722 3115 789 δυτικοὺς
3138 725 3510 791 ἐπισκόπους
3540 727 3852 796 τραφεῖσα.

2464 853 2484 889 ε
2522 837 2748 903 κυρίοις
2773 838 3126 907 τιμιωτάτοις
3149 839 3243 892 καὶ
3266 838 3681 903 εὐλαδεστάτοις
3706 841 3962 910 ἀδελφοῖς

2383 931 2478 984 καὶ
2513 930 2971 998 συλλειτουργοῖς,
3000 932 3266 1000 Δαμάσῳ.
3298 930 3634 1002 ’Δμόροσίῳ,
3666 931 3957 1002 Βρῖττωνι,

2383 1022 2755 1093 Οὓαλεριανῷ,
2793 1023 3078 1093 ’Δσχολίῳ,
3115 1025 3375 1095 Ἀνεμίῳ,
3412 1026 3700 1096 Βασιλείῳ,
3727 1027 3962 1088 καὶτοῖς

2381 1116 2592 1178 λοιποῖς
2618 1115 2798 1182 ἁγίοις
2829 1116 3154 1178 ἐπισκόποις
3179 1119 3294 1179 τοίς
3331 1116 3753 1185 συνεληλυθόσιν
3786 1119 3846 1169 ἐν
3891 1119 3960 1187 τῇ

2386 1205 2599 1277 μεγάλῃ
2645 1204 2799 1258 πόλει
2841 1204 3058 1278 Ῥώμῃ,
3091 1207 3123 1276 ὴ
3164 1207 3296 1274 ἁγία
3337 1207 3558 1270 σύνοδος
3602 1209 3712 1260 τῶν
3742 1207 3963 1275 όρθοδόο

2384 1297 2487 1361 ξων
2536 1297 2854 1350 ἐπισκόπων
2903 1298 3013 1351 τῶν
3062 1299 3506 1369 συνεληλυθότων
3545 1301 3604 1353 ἐν
3638 1301 3704 1369 τῇ
3751 1300 3963 1371 μεγάλῃ

2381 1389 2536 1441 πόλει
2565 1389 3146 1443 Κωνσταντινουπόλει
3167 1391 3224 1442 ἐν
3274 1390 3463 1459 Κυρίῳ
3492 1390 3720 1460 χαίρειν.
3753 1391 3826 1442 Τὸ
3861 1393 3964 1460 μὲν

2378 1477 2454 1540 ὡς
2489 1479 2795 1547 ἀγνοοῦσαν
2823 1478 3098 1534 διδάσκειν
3114 1481 3215 1550 τὴν
3241 1480 3836 1552 ὑμετέρανεὺλάόειαν,
3868 1483 3963 1535 καὶ

2379 1570 2687 1640 διηγεῖσθαι
2738 1570 2849 1624 τῶν
2905 1571 3254 1641 παθημάτων
3298 1573 3360 1625 τὸ
3408 1574 3634 1643 πλῆθος,
3668 1574 3777 1626 τῶν
3821 1574 3961 1626 ἐπα-

2380 1661 2617 1733 χθέντων
2643 1664 2776 1733 ἡμῖν
2808 1664 2958 1734 παρὰ
2988 1664 3090 1734 τῆς
3132 1664 3432 1734 Ἀρειανῶν
3473 1665 3819 1728 δυναστείας,
3850 1683 3958 1718 πε-

2384 1753 2564 1824 ριττὸν
2598 1753 2752 1818 ίσως.
2787 1752 2924 1807 Οὔτε
2952 1755 3062 1826 γάρ
3087 1754 3230 1809 οὕτω
3257 1758 3536 1826 πάρεργον
3567 1757 3634 1810 τά
3669 1758 3792 1811 καθ’
3812 1759 3964 1828 ἡμᾶς

2380 1845 2588 1915 κρίνειν
2618 1846 2718 1916 τὴν
2753 1847 3025 1918 ὑμετέραν
3053 1846 3340 1918 ἡγούμεθα
3376 1848 3708 1912 θεοσέϐειαν,
3743 1849 3817 1912 ὡς
3845 1850 3961 1902 δεί-

2384 1937 2507 1990 σθαι
2535 1936 2629 1990 τοῦ
2678 1937 2873 2006 μαθεῖν
2900 1937 3075 1989 ταῦτα
3121 1932 3201 1999 οἷς
3249 1938 3420 2008 ἐχρῆν
3468 1937 3758 2005 συναλγεῖν
3785 1954 3798 1968 ⁸
3834 1937 3962 1991 οὔτε

2381 2027 2624 2081 τοιοῦτοί
2653 2045 2800 2091 τινες
2833 2029 2881 2082 οἱ
2942 2027 3302 2098 περισχόντες
3356 2029 3506 2097 ἡμᾶς
3557 2028 3850 2098 χειμῶνες,
3880 2028 3962 2093 ὡς

2381 2116 2669 2172 λανθάνειν
2697 2118 2803 2170 ὑπὸ
2851 2117 3222 2187 σμικρότητος
3242 2134 3257 2149 ·
3284 2118 3310 2170 ὃ
3345 2135 3403 2171 τε
3435 2119 3626 2187 χρόνος
3657 2119 3767 2170 τῶν
3795 2120 3962 2185 διωγ·

2384 2211 2502 2280 μῶν
2534 2209 2747 2279 νεαρὸς,
2783 2208 3009 2262 ἔναυλον
3057 2209 3136 2261 ἔτι
3181 2210 3474 2278 φυλάττων
3501 2211 3599 2279 τὴν
3641 2211 3864 2280 μνήμην
3895 2211 3958 2263 ού

2378 2303 2492 2364 τοῖς
2523 2301 2821 2354 πεπονθόσι
2865 2301 3047 2371 μόνον,
3085 2299 3224 2354 ἀλλά
3254 2301 3348 2354 καὶ
3383 2303 3497 2364 τοῖς
3539 2301 3608 2353 δι’
3633 2301 3858 2370 ἀγάπην
3886 2300 3961 2353 τά

2379 2394 2489 2447 τῶν
2514 2392 2861 2446 πεπονθότων
2889 2393 3298 2463 οἱκειουμένοις.
3333 2393 3476 2458 Χθὲς
3503 2393 3632 2462 γὰρ,
3659 2393 3734 2456 ὡς
3756 2395 3958 2457 εἰπεῖν,

2381 2485 2462 2538 ἔτι
2487 2487 2582 2539 καὶ
2617 2486 2810 2555 πρώην
2841 2485 2890 2536 oi
2928 2485 3026 2552 μὲν
3051 2486 3158 2538 τῶν
3188 2485 3288 2553 τῆς
3323 2485 3536 2555 ἐξορίας
3563 2484 3814 2546 λυθέντες
3841 2484 3962 2536 δεσ-

2386 2579 2501 2647 μῶν
2529 2581 2608 2642 είς
2636 2578 2732 2641 τὰς
2770 2578 2984 2631 ἑαυτῶν
3039 2579 3338 2650 ἐκκλησίας
3367 2579 3457 2631 διὰ
3492 2579 3701 2649 μυρίων
3745 2578 3955 2647 ἐπανήο

2384 2689 2513 2725 κασι
2570 2671 2840 2740 θλίψεων·
2873 2671 2981 2724 τῶν
3035 2672 3091 2724 δὲ
3128 2672 3222 2724 καὶ
3284 2671 3691 2724 τελειωθέντων
3731 2670 3790 2722 ἐν
3837 2673 3959 2732 ταῖς

2382 2761 2618 2832 ἐξορίαις
2645 2762 3057 2832 ἐπανεκομίσθη
3078 2762 3144 2815 τὰ
3169 2763 3420 2832 λείψανα.
3445 2763 3599 2825 Τινὲς
3621 2761 3787 2815 δὲκαὶ
3820 2762 3962 2829 μετὰ

2381 2854 2480 2923 τὴν
2511 2855 2609 2924 τῆς
2659 2854 2874 2924 ἐξορίας
2928 2855 3206 2918 ἐπάνοδον,
3262 2856 3343 2907 ἔτι
3397 2854 3695 2927 βράσσοντι
3743 2853 3820 2922 τῷ
3851 2853 3962 2904 τῶν

2386 2946 2681 3015 αἱρετικῶν
2735 2948 3128 3018 περιπεσόντες
3159 2948 3337 3017 θυμῷ,
3375 2951 3680 3019 πικρότερα
3727 2947 3834 2998 τῶν
3867 2948 3962 2999 ἐπὶ

2383 3035 2484 3102 τῆς
2515 3036 2824 3102 ἀλλοτρίας,
2863 3037 2955 3088 ἐπὶ
2989 3036 3085 3105 τῆς
3142 3037 3350 3098 οἰκείας
3405 3037 3728 3106 ὑπέμειναν,
3775 3034 3963 3095 λίθους

2386 3127 2518 3196 παρ’
2551 3129 2728 3180 αὐτῶν
2782 3128 3160 3192 τελειωθέντες
3195 3131 3340 3182 κατὰ
3401 3129 3492 3181 τὸν
3520 3129 3798 3198 μακάριον
3835 3126 3967 3178 Στέ-

2311 3259 2352 3316 C
2389 3238 2555 3289 φανον
2582 3238 2596 3253 ⁸
2641 3222 2791 3275 ἄλλοι
2826 3223 3106 3292 διαφόροις
3145 3221 3576 3288 καταξανθέντες
3611 3221 3840 3282 αἰκίαις,
3881 3219 3962 3270 ἔτι

2385 3313 2454 3365 τὰ
2492 3315 2774 3382 στίγματα
2799 3312 2892 3365 τοῦ
2922 3313 3162 3381 Χριστοῦ
3191 3315 3284 3366 καὶ
3313 3315 3438 3374 τοὺς
3471 3313 3751 3383 μώλωπας
3797 3315 3855 3363 ἐν
3886 3310 3965 3378 τῷ

2389 3405 2605 3473 σώματι
2632 3405 3017 3476 περιφέρουσι.
3047 3407 3366 3476 Χρημάτων
3400 3407 3455 3460 δὲ
3477 3407 3676 3476 ζημίας
3713 3406 3808 3459 καὶ
3831 3421 3965 3474 προ-

2384 3499 2641 3568 τιμήσεις
2675 3498 2905 3563 πόλεων,
2945 3499 3037 3552 καὶ
3080 3499 3179 3561 τὰς
3222 3501 3331 3551 τῶν
3374 3499 3498 3551 καθ’
3529 3499 3625 3553 ἕνα
3668 3499 3967 3568 δημεύσεις

2388 3587 2480 3638 καὶ
2515 3586 2812 3648 συσκευὰς,
2844 3594 2943 3638 καὶ
2993 3585 3184 3655 ὕϐρεις
3221 3590 3313 3641 καὶ
3345 3588 3716 3656 δεσμωτήρια,
3750 3587 3834 3648 τίς
3898 3586 3966 3638 ἂν

2386 3679 2867 3750 ἐξαριθμήσασθαι
2896 3680 3148 3745 δύναιτο;
3189 3683 3399 3743 Ὄντως
3447 3682 3533 3750 ἐφ’
3567 3683 3714 3751 ἡμᾶς
3745 3682 3800 3732 αἱ
3847 3679 3964 3731 θλί-

2387 3771 2508 3839 ψεις
2533 3769 2951 3840 ἐπληθύνθησαν
2985 3772 3121 3842 ὑπὲρ
3151 3771 3387 3841 ἀριθμόν
3407 3787 3420 3803 ·
3456 3773 3584 3834 ἴσως
3627 3771 3746 3840 μὲν,
3775 3769 3965 3837 ἐπειδὴ

2387 3858 2541 3920 δίκας
2571 3858 2991 3927 ἁμαρτημάτων
3020 3861 3306 3926 ἐτίνομεν·
3342 3858 3471 3920 ἴσως
3502 3859 3581 3924 δέ,
3621 3860 3715 3911 καὶ
3749 3855 3844 3909 τοῦ
3872 3875 3966 3926 φι-

2386 3949 2707 4017 λανθρώπου
2742 3949 2876 4002 Θεοῦ
2910 3951 3000 4004 διὰ
3045 3952 3138 4003 τοῦ
3175 3950 3417 4021 πλήθους
3465 3951 3575 4004 τῶν
3621 3950 3967 4020 παθημάτων

2384 4043 2533 4112 ἡμᾶς
2575 4041 2969 4110 γυμνάζοντος.
3003 4042 3226 4096 Τούτων
3257 4044 3356 4112 μὲν
3385 4038 3477 4096 οὖν
3524 4041 3602 4111 τῷ
3632 4041 3752 4109 Θεῷ
3776 4041 3964 4111 χάρις,

2385 4136 2442 4198 ὃς
2469 4137 2562 4187 καὶ
2591 4135 2680 4188 διὰ
2708 4137 2978 4188 τοσούτων
3010 4138 3137 4198 τοὺς
3174 4135 3374 4188 ἑαυτοῦ
3402 4135 3622 4197 δούλους
3647 4136 3964 4197 ἐπαίδευσε,

2387 4228 2479 4282 καὶ
2505 4228 2648 4280 κατά
2678 4228 2736 4278 τὸ
2769 4227 2969 4296 πλῆθος
2994 4227 3102 4279 τῶν
3130 4227 3433 4296 οἰκτιρμῶν
3455 4226 3618 4280 αὑτοῦ
3649 4226 3810 4278 πάλιν
3839 4226 3967 4295 ἐξή-

2387 4337 2557 4387 γαγεν
2597 4321 2744 4390 ἡμᾶς
2791 4322 2868 4382 ei;
2903 4319 3227 4390 ἀναψυχήν
3261 4323 3394 4390 ἡμῖν
3445 4319 3524 4382 δέ,
3579 4321 3799 4388 μακρᾶς
3863 4320 3970 4387 μὲν

2386 4413 2494 4466 ἔδει
2525 4413 2719 4482 σχολῆς
2750 4413 2844 4467 καὶ
2872 4413 3072 4465 πολλοῦ
3106 4416 3301 4483 χρόνου
3328 4414 3465 4484 πρὸς
3488 4413 3584 4483 τὴν
3615 4413 3724 4465 τῶν
3757 4413 3966 4480 ἐκκλητ

2389 4507 2518 4558 σιῶν
2554 4506 2952 4575 ἐπανόρθωσιν,
2990 4506 3055 4556 ἶν’
3091 4505 3280 4576 ὥσπερ
3314 4508 3376 4559 ἐκ
3405 4507 3624 4577 μακρᾶς
3648 4505 3966 4574 ἀρρωστίας

707 4613 926 4652 rursum
973 4598 1230 4652 eduxerit
1277 4598 1329 4652 in
1364 4599 1728 4670 refrigerium.
1764 4599 1934 4654 Nobis
1969 4615 2096 4654 vero
2156 4599 2282 4653 diu-

2315 4597 2360 4655 D
2386 4601 2506 4662 ταῖς
2533 4598 2674 4651 κατὰ
2700 4600 2895 4668 μικρὸν
2929 4597 3270 4667 ἐπιμελείαις
3300 4599 3360 4650 τὺ
3407 4599 3564 4667 σῶμα
3603 4597 3702 4666 τῆς
3731 4595 3970 4663 Ἐκκλη-

709 4699 871 4744 turno
899 4706 1035 4760 Opus
1060 4702 1205 4745 esset
1251 4691 1384 4756 otio,
1424 4700 1479 4747 et
1508 4702 1752 4760 tempore
1781 4693 1974 4756 multo,
2008 4694 2073 4747 ad
2108 4694 2282 4748 eccle-

706 4785 912 4838 siarum
969 4784 1393 4850 restitutionem,
1441 4794 1497 4839 ut
1532 4786 1758 4854 perinde
1803 4795 1966 4854 atque
2015 4802 2078 4839 ex
2123 4786 2281 4856 longa

706 4877 1052 4946 aegritudine,
1087 4876 1350 4945 paulatim
1397 4877 1588 4932 sedula
1625 4894 1755 4932 cura
1791 4877 2047 4953 Ecclesia:
2083 4893 2284 4948 corpus

708 4968 1126 5034 contirmantes,
1153 4971 1217 5024 ad
1256 4971 1544 5040 pristinam
1586 4970 1954 5025 valetudinem
1987 4979 2041 5024 et
2080 4972 2282 5025 sanita-

710 5073 820 5117 tem
861 5063 1270 5119 reduceremus.
1307 5063 1632 5134 Quanquam
1675 5065 1823 5119 enim
1859 5065 2093 5119 maxime
2125 5080 2154 5119 a
2187 5081 2282 5120 ve-

709 5158 952 5210 hementi
992 5157 1186 5227 injuria
1224 5158 1671 5227 persecutionum
1712 5157 1965 5212 videmur
1995 5175 2118 5214 esse
2144 5159 2284 5214 libe-

711 5249 837 5313 rati,
862 5261 915 5303 et
943 5250 1204 5304 ecclesias
1222 5249 1432 5304 diutius
1457 5250 1524 5304 ab
1551 5250 1826 5305 haereticis
1841 5251 2091 5305 detentas
2112 5267 2284 5320 nnpcr

709 5344 1159 5409 recuperavimus
1194 5358 1207 5394 :
1243 5357 1435 5411 graves
1475 5350 1654 5395 tamen
1690 5342 1872 5396 adhuc
1914 5343 2072 5397 nobis
2099 5343 2281 5396 immi-

710 5442 843 5486 nent
871 5433 1004 5502 lupi.
1037 5433 1129 5502 qui
1165 5433 1326 5486 etiam
1359 5448 1424 5488 ex
1471 5434 1706 5488 ovilibus
1741 5433 1978 5503 depulsi,
2041 5435 2093 5488 in
2131 5435 2284 5488 silvis

711 5537 768 5580 et
800 5526 1031 5580 saltibus
1055 5542 1243 5596 greges
1275 5526 1574 5597 diripiunt,
1610 5537 1916 5583 conventus
1942 5538 2132 5583 contra
2157 5529 2282 5597 {nos

711 5627 933 5686 cogunt,
967 5619 1108 5688 vulgi
1175 5619 1472 5674 seditiones
1506 5627 1746 5684 movent,
1783 5630 1836 5675 et
1879 5622 2014 5675 nihil
2047 5617 2191 5691 quod
2229 5622 2280 5674 in

711 5712 1066 5765 ecclesiarum
1100 5712 1489 5767 detrimentum
1525 5713 1702 5776 cedat,
1740 5729 1846 5766 non
1884 5721 2112 5777 tentant,
2141 5713 2284 5779 Qua-

709 5814 952 5874 prepter.
1007 5805 1154 5873 quod
1186 5803 1445 5868 diximus,
1477 5806 1739 5874 ampliore
1773 5821 1871 5858 nos
1901 5806 2014 5859 otio
2062 5816 2114 5858 et
2149 5815 2284 5859 tem-

716 5913 840 5955 pore
878 5897 1118 5958 longiore
1173 5897 1450 5953 abundare
1492 5899 1794 5955 Oportebat.
1839 5897 1942 5952 Sed
1976 5897 2119 5951 enim
2155 5913 2275 5951 cum

2388 4693 2504 4753 σίας
2536 4689 3008 4759 ἐκνοσηλεύοντες,
3042 4689 3178 4758 πρὸς
3204 4690 3304 4758 τὴν
3334 4689 3570 4760 ἀρχαίαν
3596 4689 3695 4758 τῆς
3731 4688 3969 4757 Ἐκκλη-

2387 4783 2507 4844 σίας
2542 4782 2754 4850 ὑγίειαν
2780 4782 3238 4850 ἐπαναγάγωμεν.
3269 4783 3380 4834 Καὶ
3407 4783 3515 4848 γὰρ
3539 4781 3588 4832 εί
3621 4781 3688 4832 τά
3722 4781 3970 4849 μάλιστα

2385 4873 2653 4944 δοκοῦμεν
2683 4875 2779 4940 τῆς
2810 4873 2917 4926 τῶν
2949 4874 3208 4942 διωγμῶν
3265 4873 3614 4944 ἀπηλλάχθαι
3668 4873 3970 4942 σφοδρότης-

2385 4986 2496 5031 τος,
2527 4973 2618 5020 καὶ
2649 4969 2744 5030 τὰς
2776 4967 3070 5036 ἐκκλησίας
3094 4966 3327 5037 χρονίως
3353 4968 3504 5037 παρὰ
3533 4967 3643 5018 τῶν
3667 4965 3969 5034 αἱρετικῶν

2387 5058 2823 5127 κατασχεθείσας
2875 5058 3078 5125 ἀρτίως
3131 5057 3586 5126 άνακομίζεσθαι,
3627 5056 3766 5126 πλὴν
3827 5057 3969 5109 ἀλλᾶ

2390 5151 2578 5220 βαρεῖς
2609 5153 2739 5219 ἡμῖν
2775 5150 2822 5202 σί
2847 5147 3019 5213 λύκοι,
3043 5150 3136 5202 καὶ
3172 5151 3310 5218 μετά
3339 5149 3398 5201 τὸ
3418 5151 3517 5218 τῆς
3548 5149 3792 5219 μάνδρας
3824 5147 3967 5212 ἐξω-

2391 5242 2604 5309 σθῆναι,
2638 5239 2778 5290 κατά
2809 5242 2908 5301 τὰς
2944 5237 3124 5298 νάπας
3173 5237 3242 5289 τὰ
3275 5237 3507 5307 ποίμνια
3537 5237 3968 5307 διαρπάζοντες,

2388 5331 2762 5396 ἀντισυνάξεις
2809 5331 3142 5401 τολμῶντες,
3184 5333 3375 5402 δήμων
3416 5331 3697 5394 κινοῦντες
3757 5332 3971 5384 ἐπανα-

2391 5427 2628 5488 -τάσεις,
2667 5423 2955 5486 ὀκνοῦντες
3001 5424 3154 5477 οὐδὲν
3202 5426 3282 5485 είς
3317 5425 3416 5494 τὴν
3477 5425 3585 5477 τῶν
3624 5423 3970 5492 Ἐκκλησιῶν

2389 5518 2521 5587 βλάίτῗ
2554 5537 2609 5569 ην.
2645 5513 2752 5569 ἿΙν
2792 5517 2890 5584 μὲν
2947 5513 3060 5581 οὖν,
3094 5519 3229 5586 ὅπερ
3281 5519 3608 5587 εἰρήκαμεν,
3663 5517 3972 5584 ἀναγκαῖον

2389 5613 2610 5664 πλείονα
2677 5615 2822 5678 ἡμᾶς
2887 5611 3403 5681 προσασκοληθῆναι
3465 5611 3694 5680 χρόνον·
3770 5612 3970 5682 ἐπειδὴ

2393 5708 2575 5777 μέντοι
2615 5705 2713 5774 τὴν
2739 5705 2866 5774 περὶ
2890 5707 3037 5774 ἡμᾶς
3079 5704 3377 5770 ἀδελφικὴν
3409 5704 3674 5766 σώζοντες
3701 5703 3972 5774 στοργὴν,

2389 5800 2482 5852 καὶ
2521 5799 2620 5867 τὴν
2671 5800 2895 5866 ἀγάπην
2945 5798 3408 5868 ἐπιδεικνύμενοι,
3446 5796 3668 5849 σύνοδον
3717 5797 3810 5848 ἐπὶ
3862 5801 3971 5867 τῆς

2399 5893 2618 5958 Ῥώμης
2653 5892 2786 5945 (9:03
2819 5893 3066 5958 βουλήσει
3094 5891 3542 5960 σσγγρστοῦντες,
3573 5892 3664 5944 καὶ
3695 5893 3843 5957 ἡμᾶς
3893 5891 3970 5957 ὡ,
