4278 6438
271 370 379 433 793
414 410 415 413 η

1199 370 1801 433 ΕΟΕιΕΒΙΑΞΤΙΕΕ
1842 369 2237 434 HISTORl/E
2278 376 2427 437 LIB.
2462 377 2600 438 XII.

3405 372 3512 438 79L

266 481 453 536 οἰκεῖα
475 482 611 552 μέλη
659 481 1138 551 προσεκαλέσασθε
1169 481 1258 535 διὰ
1301 481 1410 535 τῶν
1440 480 1534 535 τοῦ
1568 481 1840 550 θεοφιλε-
1868 482 1920 541 Α
1946 485 1955 535 1

1825 511 1840 523 -
1868 482 1920 541 Α
1946 483 2241 541 fraternam
2269 498 2506 544 vestram
2531 503 2657 558 erga
2685 501 2783 542 nos
2810 490 3068 557 pietatem
3100 492 3508 550 conservantes,

269 576 471 631 στάτου
524 575 793 645 βασιλέως
844 575 1209 644 γραμμάτων,
1248 574 1318 628 ἵν’
1352 573 1539 643 ἐπειδὴ
1587 575 1707 627 τότε
1741 574 1843 637 τὰς

268 668 479 736 θλίψεις
506 668 660 736 μόνοι
686 664 1192 736 κατεδικάσθημεν,
1216 665 1312 718 νῦν
1343 666 1402 717 ὲν
1434 668 1503 737 τῇ
1535 663 1645 718 τῶν
1676 665 1839 718 αὑτο-

264 758 555 829 κρατόρων
599 759 726 828 περὶ
757 758 857 830 τὴν
889 757 1177 811 εὑσέσειαν
1223 758 1511 829 συμφωνίᾳ
1549 758 1623 827 μὴ
1671 755 1840 826 χωρὶς

263 847 426 918 ἡμῶν
455 846 837 919 βασιλεύσητε,
871 848 1008 903 ἀλλά
1047 850 1142 902 καὶ
1187 850 1353 919 ἡμεῖς
1394 849 1523 916 ὑμῖν
1568 848 1711 901 κατά
1740 847 1839 916 τὴν

263 937 638 1005 ἀποστολικὴν
667 939 855 1007 φωνὴν
883 937 1416 1009 συμϐασιλεύσωμεν
1441 954 1455 969 ·
1486 937 1620 1009 εὐχὴ
1652 930 1750 1005 μέν
1771 933 1839 1010 ἦν

259 1031 420 1096 ἡμῖν,
469 1030 518 1081 εί
551 1029 780 1083 δυνατὸν
826 1030 1031 1084 ἅπασιν
1086 1030 1302 1101 ἀθρόως
1347 1029 1712 1083 καταλιποῦσι
1740 1032 1840 1093 τὰς

261 1118 590 1187 ἐκκλησίας,
625 1120 703 1188 τῷ
737 1121 890 1193 πόθῳ
942 1122 975 1191 ἢ
1031 1124 1096 1192 τῇ
1136 1122 1299 1193 χρεία
1349 1121 1703 1193 χαρίσασθαι.
1742 1123 1838 1187 Τίς

259 1212 375 1278 γὰρ
400 1212 534 1279 ἡμῖν
561 1211 635 1281 δῷ
668 1213 947 1280 πτέρυγας
975 1214 1112 1267 ὡσεὶ
1144 1215 1501 1284 περιστερᾶς,
1535 1215 1629 1268 καὶ
1672 1233 1837 1270 πετα-

261 1302 604 1371 σθησόμεθα,
648 1305 742 1356 καὶ
772 1305 911 1374 πρὸς
945 1307 1091 1371 ὑμᾶς
1120 1305 1556 1372 καταπαύσομεν
1582 1306 1837 1377 ;Ἐπειδὴ

258 1392 319 1444 δὲ
351 1392 515 1445 τοῦτο
546 1394 825 1457 παντελῶς
853 1385 1092 1466 ἐγύμνου
1120 1398 1218 1459 τὰς
1257 1396 1553 1468 ἐκκλησίας
1579 1396 1704 1467 ᾶρτι
1738 1400 1838 1469 τῆς

258 1484 617 1548 ἀνανεώσεως
644 1488 976 1558 ἀρχομένας.
1006 1488 1101 1543 καὶ
1127 1488 1186 1542 τὸ
1216 1491 1448 1562 πρᾶγμα
1485 1492 1837 1545 παντάπασιν

256 1572 329 1647 ἦν
364 1578 477 1638 τοῖς
514 1579 733 1640 πολλοῖς
791 1579 1054 1633 ἀδύνατον
1079 1595 1093 1613 ·
1134 1582 1671 1653 συνδεδραμήκει-μεν
1726 1583 1835 1652 γὰρ

254 1669 342 1730 είς
372 1673 473 1737 τὴν
498 1669 1075 1724 Κωνσταντινούπολιν
1100 1672 1165 1725 ὲκ
1200 1673 1309 1725 τῶν
1342 1675 1542 1744 πέρυσι
1574 1675 1837 1746 γραμμά-

251 1775 368 1810 των
399 1756 511 1810 τῶν
541 1758 692 1830 παρά
742 1758 845 1829 τῆς
878 1760 1153 1833 ὑμετέρας
1189 1767 1505 1834 τιμιότητος
1555 1768 1691 1837 μετὰ
1734 1767 1833 1836 τὴν

266 1848 566 1921 Ἀκυληίας
626 1850 847 1906 σύνοδον
875 1853 1013 1921 πρὸς
1038 1854 1130 1908 τὸν
1162 1857 1575 1924 θεοφιλέστατον
1607 1857 1832 1926 βασιλέα

252 1941 536 1993 Θεοδόσιον
576 1942 1038 2009 ὲπισταλθίντων,
1091 1947 1231 2016 πρὸς
1279 1948 1448 2019 μόνην
1495 1948 1700 2017 ταύτην
1731 1950 1831 2018 τὴν

253 2036 424 2104 μέχρι
462 2036 1089 2102 κωνσταντινουπόλεως
1119 2039 1697 2109 παρασκευασάμενοι,
1741 2041 1831 2095 καὶ

249 2124 414 2195 παρά
445 2127 653 2196 ταύτης
695 2128 863 2197 μόνης
909 2128 1009 2198 τῆς
1040 2130 1263 2183 συνόδου
1293 2129 1403 2184 τῶν
1428 2132 1487 2183 ὲν
1518 2134 1634 2195 ταῖς
1659 2133 1831 2203 ἐπαρ-

252 2221 406 2289 χίαις
440 2220 743 2287 μεινάντων
767 2221 1088 2275 ἐπισκόπων
1120 2222 1522 2289 συγκατάθεσιν
1555 2223 1831 2291 ἑπαγόμε-

249 2322 372 2359 νοι·
415 2307 665 2377 μείζονος
707 2309 764 2361 δὲ
808 2308 1139 2379 ἀποδημίας,
1175 2310 1314 2379 μήτε
1357 2309 1831 2380 προσδοκήσαντες

249 2398 469 2466 χρείαν,
511 2400 646 2468 μήτε
703 2400 1146 2469 προακούσαντες
1185 2400 1343 2467 ὅλως,
1399 2402 1529 2470 πρὶν
1573 2403 1630 2455 ὲν
1677 2403 1833 2455 Κων-

249 2492 703 2543 σταντινουπόλει
732 2491 1010 2545 συνελθεῖν
1030 2508 1045 2524 ·
1094 2492 1228 2561 πρὸς
1262 2491 1317 2545 δὲ
1367 2492 1577 2554 τούτοις
1606 2494 1700 2545 καὶ
1731 2493 1829 2562 τῆς

246 2582 599 2652 προθεσμίας
646 2584 735 2638 διὰ
788 2585 1083 2654 στενότητα
1122 2586 1259 2654 μήτε
1300 2585 1433 2655 πρὸς
1474 2584 1828 2653 παρασκευὴν

249 2674 606 2745 μακροτέρας
671 2674 984 2745 ἀποδημίας
1038 2675 1348 2743 ἐνδιδούσης
1419 2675 1631 2746 καιρὸν,
1688 2676 1825 2745 μήτε

247 2770 467 2830 πάντας
496 2768 624 2829 τοὺς
653 2770 713 2821 ὲν
740 2770 861 2829 ταῖς
884 2767 1180 2838 ἐπαρχίαις
1223 2769 1573 2830 κοινωνικούς
1600 2768 1825 2821 ἐπισκό-

246 2877 394 2922 πους
435 2860 994 2931 ὑπομνηματισθῆναι
1036 2862 1129 2913 καὶ
1162 2864 1261 2925 τὰς
1319 2860 1449 2929 παρ’
1481 2860 1660 2912 αὑτῶν
1699 2876 1828 2928 συγ-

244 2950 575 3015 καταθέσεις
621 2952 843 3005 λαὸεῖν·
880 2952 1065 3022 ἐπειδὴ
1096 2950 1289 3018 ταῦτα,
1322 2952 1417 3004 καὶ
1478 2951 1652 3004 πολλὰ
1687 2951 1825 3021 πρὸς

242 3048 466 3108 τούτοις
504 3043 667 3116 ἕτερα
691 3047 791 3118 τὴν
825 3062 931 3097 των
957 3045 1217 3098 πλειόνων
1249 3044 1433 3113 ἄφιξιν
1455 3043 1783 3097 διεκώλυσεν
1805 3060 1822 3076 ο

1942 582 1997 628 et
2026 575 2376 633 dilectionem
2423 578 2766 642 exhibentes,
2817 576 3023 631 indicto
3058 574 3267 640 Romae,
3295 574 3362 629 de
3414 588 3513 629 vo-

1944 666 2150 723 luntate
2181 669 2301 736 Dei,
2338 670 2593 736 concilio,
2623 684 2723 740 per
2756 668 2850 724 Dei
2882 667 3241 725 amantissimi
3280 666 3513 736 impera-

1943 757 2080 812 toris
2114 758 2345 825 litteras,
2374 776 2475 815 nos
2505 775 2724 831 quoque
2750 798 2767 823 ,
2795 767 2857 813 ut
2888 759 3131 813 membra
3171 764 3351 811 vestra
3380 768 3511 824 pro-

1941 848 2080 917 pria,
2129 864 2197 905 eo
2221 851 2605 914 evocaveritis,
2650 860 2711 906 ut
2740 858 3094 921 posteaquam
3128 858 3243 903 tum
3285 846 3511 916 quidem

1940 941 2041 994 soli
2104 956 2205 996 nos
2257 943 2661 999 calamitatibus
2715 940 2922 998 addicti
2979 950 3143 1010 atque
3207 936 3509 1011 adjudicati

1940 1032 2165 1096 fuimus,
2205 1050 2354 1091 nunc
2389 1034 2607 1089 tandem
2644 1034 2699 1089 in
2728 1031 3099 1089 consentienti
3130 1031 3376 1100 ipsorum
3405 1029 3511 1082 im-

1941 1134 2255 1194 peratorum
2312 1126 2380 1181 de
2442 1142 2571 1181 vera
2632 1127 2833 1198 pietate
2867 1122 3183 1187 concordia,
3227 1135 3336 1176 non
3389 1120 3510 1174 sine

1939 1215 2101 1271 nobis
2142 1218 2383 1286 regnetis
2412 1257 2425 1280 ,
2457 1216 2552 1272 sed
2586 1225 2644 1271 et
2708 1231 2811 1272 nos
2843 1231 2950 1271 una
3003 1213 3314 1274 vobiscum,
3353 1210 3509 1281 juxta

1939 1306 2292 1373 apostolicam
2324 1323 2537 1374 vocem,
2565 1322 2888 1379 regnemus:
2922 1308 2979 1362 in
3008 1305 3154 1361 votis
3186 1302 3346 1359 nobis
3368 1312 3506 1369 erat,

1938 1394 1984 1449 si
2018 1395 2135 1449 ﬁeri
2181 1405 2386 1466 posset,
2414 1406 2473 1451 ut
2519 1398 2683 1452 simul
2721 1411 2935 1459 omnes,
2982 1394 3232 1449 ecclesiis
3277 1391 3506 1456 relictis,

1937 1501 2035 1540 seu
2066 1486 2343 1542 desiderio
2373 1503 2469 1543 seu
2505 1488 2627 1544 usui
2656 1496 2863 1552 vestro,
2887 1501 2985 1556 per
3010 1484 3353 1555 gratiﬁcandi
3394 1497 3511 1538 stu-

1935 1576 2086 1631 dium
2126 1577 2591 1633 satislaeeremus.
2623 1576 2758 1643 Quis
2804 1577 2951 1632 enim
2988 1576 3152 1639 nobis
3181 1575 3297 1629 alas
3336 1573 3508 1628 veluti

1936 1670 2202 1725 columba:
2241 1670 2469 1734 tribuat,
2519 1677 2579 1725 ut
2624 1670 2941 1731 volitemus,
2984 1676 3043 1722 et
3092 1666 3239 1737 apud
3284 1680 3380 1721 vos
3426 1679 3512 1720 re-

1935 1760 2322 1830 quiescamus?
2352 1759 2487 1815 Cum
2518 1774 2647 1816 vero
2682 1760 2759 1822 id,
2787 1760 2832 1815 si
2870 1760 3047 1823 ﬂeret,
3082 1770 3310 1828 prorsus
3335 1755 3511 1810 eccle-

1933 1852 2044 1906 sias
2078 1852 2336 1919 nudaret,
2361 1867 2483 1922 qua:
2509 1865 2684 1922 nuper
2713 1851 2964 1907 renovari
2986 1857 3301 1920 cmperunt,
3333 1855 3390 1902 et
3420 1861 3509 1902 res

1932 1944 2049 1998 haec
2089 1943 2277 1998 multis
2305 1944 2534 1999 omnino
2590 1942 2947 2012 impossibilia
2987 1942 3103 1996 sit:
3140 1938 3506 1995 convenimus

1933 2050 2169 2105 namque
2190 2034 2722 2106 Constantinopolim
2745 2033 2946 2090 litteris
2974 2032 3240 2102 proximis
3258 2029 3507 2096 adducti,

1931 2139 2071 2195 quas
2125 2127 2433 2179 reverentia
2473 2134 2653 2180 vestra
2713 2132 2837 2194 post
2871 2123 3139 2194 synodum
3188 2119 3509 2190 Aquileien-

1929 2230 2067 2283 sem,
2104 2218 2170 2270 ad
2217 2218 2315 2272 Dei
2345 2216 2782 2270 amantissimum
2831 2215 3219 2283 imperatorem
3254 2210 3508 2266 Theodo-

1929 2308 2070 2364 sium
2098 2308 2266 2372 dedit,
2294 2308 2358 2362 ad
2380 2308 2548 2362 solam
2574 2305 3282 2371 hanc,Constantinopolim
3305 2316 3504 2372 usque,

1930 2400 2323 2470 profectionem
2352 2399 2630 2465 instructi,
2649 2397 2810 2468 252
2841 2404 2898 2451 et
2925 2397 2993 2451 de
3032 2410 3140 2450 una
3172 2395 3273 2448 liac
3294 2392 3504 2464 synodo

1928 2492 1999 2546 ab
2047 2492 2130 2547 eis
2182 2490 2276 2558 qui
2340 2491 2394 2544 in
2439 2490 2739 2559 provinciis
2800 2501 3149 2557 permansere
3204 2483 3500 2555 episcopis,

1928 2584 2301 2639 assensionem
2337 2591 2614 2652 acceptam
2646 2582 2928 2635 habentes.
2949 2579 3022 2632 De
3043 2577 3287 2646 longiore
3317 2584 3502 2629 autem

1927 2675 2268 2745 profectione
2296 2688 2475 2743 neque
2514 2672 2897 2728 necessitatem
2944 2670 3181 2737 aliquam
3216 2676 3504 2737 exspecta-

1928 2769 2110 2822 vimus
2144 2783 2158 2821 :
2194 2780 2370 2834 neque
2394 2765 2693 2835 quidquam
2725 2763 2953 2818 omnino
2985 2760 3138 2831 prius
3166 2759 3500 2825 audivimus,

1926 2873 2091 2928 quam
2110 2853 3000 2924 Constantinopoli.convenimus.
3028 2852 3110 2906 Ad
3150 2851 3284 2914 btec,
3317 2864 3380 2904 ea
3416 2858 3502 2903 est

1926 2949 2213 3004 constituti
2240 2949 2506 3018 temporis
2535 2947 2810 3012 angustia,
2842 2951 2902 3001 ut
2945 2958 3125 3013 neque
3156 2941 3229 3015 ad!
3250 2942 3354 2995 iter
3381 2940 3503 2995 lon-

1928 3043 2048 3111 gius
2081 3057 2181 3096 nos
2216 3040 2519 3095 instruendi
2543 3040 2781 3109 spatium
2815 3037 3147 3092 habeamus:
3183 3048 3361 3103 neque
3382 3047 3502 3087 om-

244 3138 275 3189 ὃ
316 3137 573 3207 δεύτερον
599 3134 667 3209 ἦν
694 3138 773 3200 εῐς
812 3155 870 3190 τε
904 3130 1009 3190 τῖῦν
1042 3138 1385 3209 πραγμάτων
1425 3136 1821 3212 ἐπανόρθωσιν,
1850 3164 1893 3227 c
1930 3154 1933 3192 J

1804 3162 1821 3208 ν,
1850 3164 1893 3227 c
1930 3150 2026 3193 nes
2060 3136 2112 3192 in
2149 3133 2451 3207 provinciis
2489 3130 2893 3186 communionis
2937 3136 3136 3182 nostrae
3182 3125 3493 3193 episcopos,

245 3230 346 3282 καὶ
374 3230 475 3299 τὴν
501 3230 599 3295 τῆς
628 3230 897 3299 ὑμετέρας
919 3233 1042 3301 περὶ
1077 3233 1223 3301 ημᾶς
1274 3233 1497 3301 ἀγάπης
1523 3233 1816 3298 ἀπόδειξιν,

240 3322 408 3373 τοῦτο
433 3323 839 3391 πεποιήκαμεν,
870 3327 995 3386 τοὺς
1018 3324 1477 3393 αίδεσιμωτάτους
1510 3326 1605 3377 καὶ
1628 3342 1821 3394 τιμιω-

235 3415 440 3475 τάτους
470 3414 729 3481 ἀδελφοὺς
761 3415 852 3467 καὶ
901 3414 1359 3485 συλλειτουργοὺς
1392 3415 1548 3485 ἡμῶν
1592 3416 1817 3469 ἐπισκό-

237 3520 407 3567 πους,
435 3503 731 3572 κυριακὸν,
769 3503 1045 3569 Εὑσέὸιον,
1094 3506 1188 3556 καὶ
1219 3504 1566 3572 Πρισκιανὸν,
1614 3504 1819 3576 προθύ·

238 3612 364 3663 μως
396 3597 597 3664 καμεῖν
623 3594 783 3664 ἄχρις
817 3595 974 3663 ὑμῶν
1008 3594 1431 3664 δυσωπήσαντες
1453 3612 1469 3629 ·
1504 3596 1573 3649 δι’
1615 3592 1690 3651 ὧν
1719 3597 1816 3669 τὴν

232 3686 525 3756 ⁴ἡμετέραν
566 3686 888 3756 προαίρεσιν
926 3684 1211 3756 εἰρηνικὴν
1242 3685 1407 3739 οὖσαν
1457 3688 1552 3741 καὶ
1610 3682 1814 3741 σκοπὸν

234 3780 492 3844 ὲνὼσεως
519 3779 747 3850 ἔχουσαν
773 3780 1157 3850 ἐπιδείκνυμεν
1180 3795 1194 3810 ·
1222 3779 1314 3832 καὶ
1344 3779 1434 3832 τὸν
1470 3780 1633 3851 ζῆλον
1657 3782 1814 3851 ἡμῶν

231 3872 330 3924 τὴν
366 3871 506 3939 ὑπὲρ
556 3868 655 3938 τῆς
712 3868 901 3937 ὑγιοῦς
954 3869 1191 3930 πίστεως
1246 3869 1493 3937 φανερὸν·
1530 3870 1813 3938 ποιοῦμεν.

242 3962 449 4030 Ἡμεῖς
474 3962 604 4030 γὰρ,
636 3960 747 4012 εἴτε
772 3960 1069 4027 διωγμοὺς,
1106 3958 1215 4011 είτε
1246 3959 1477 4028 θλίψεις,
1514 3961 1625 4013 εἴτε
1659 3961 1814 4030 βασι-

229 4052 396 4112 λικὰς
449 4051 701 4116 ἀπειλὰς,
743 4049 851 4101 εἴτε
885 4050 981 4110 τὰς
1008 4047 1119 4099 τῶν
1171 4048 1448 4117 ἀρχόντων
1499 4048 1809 4118 ὠμότητας,

230 4146 349 4199 εἴτε
392 4144 516 4196 τινά
549 4143 855 4213 πειρασμὸν
906 4143 1096 4211 ἓτερον
1151 4141 1304 4211 παρὰ
1355 4142 1463 4195 τῶν
1520 4142 1809 4212 αἱρετικῶν

229 4237 645 4308 ὑπεμείναμεν,
694 4236 848 4311 ,ὑπερ
903 4236 1001 4305 τῆς
1045 4235 1411 4303 εὑαγγελίκῆς
1444 4235 1677 4295 πίστεως
1710 4238 1809 4303 τῆς

231 4335 294 4385 ὲν
329 4330 540 4400 Νικαία
593 4330 691 4397 τῆς
729 4327 976 4391 Βιθυνίας
1009 4327 1159 4397 ποιρά
1206 4328 1313 4379 τῶν
1346 4328 1677 4396 τριακοσίων
1725 4329 1811 4378 δε-

232 4422 461 4476 καοκτὼ
511 4420 769 4489 Πατέρων
822 4418 1167 4488 κυρωθείσης
1220 4418 1554 4485 ὑπέστημεν.
1593 4417 1806 4487 Ταύτην

1926 3230 1995 3284 de
2026 3230 2369 3298 profectione
2409 3224 2498 3277 tali
2528 3222 2795 3277 certiores
2840 3221 3053 3285 facere,
3081 3226 3137 3273 et
3162 3228 3492 3271 consensum

1922 3335 2114 3375 eorum
2137 3319 2384 3387 accipere
2415 3316 2709 3386 possimus.
2739 3312 2873 3368 Cum
2903 3312 3039 3377 hanc,
3074 3317 3130 3366 et
3163 3308 3330 3362 multa
3354 3322 3491 3377 prm-

1924 3423 2068 3467 terea
2096 3409 2533 3476 alia,adventum
2567 3407 2931 3475 complurium
2962 3398 3487 3472 impedirent:un

1922 3510 2190 3577 reliquum
2222 3517 2358 3572 erat,
2387 3505 2547 3560 simul
2574 3512 2630 3558 et
2660 3502 2726 3556 ad
2766 3517 2853 3557 res
2884 3502 3172 3570 plerasque
3210 3498 3489 3568 corrigen-

1920 3600 2042 3664 das,
2070 3609 2127 3652 et
2159 3606 2402 3652 nostram
2442 3610 2569 3664 erga
2599 3608 2696 3647 vos
2722 3593 3046 3647 cliaritatem
3080 3589 3487 3656 declarandam,

1918 3691 2228 3747 faciendum
2260 3690 2537 3750 duximus,
2580 3698 2636 3740 nt
2672 3685 3161 3741 reverendissimos
3194 3696 3355 3753 atque
3384 3682 3489 3737 lio-

1917 3780 2192 3836 norandos
2221 3780 2453 3833 maxime
2484 3778 2681 3832 lratres
2730 3785 2785 3831 et
2823 3778 3062 3847 collegas
3111 3785 3355 3840 nostros,
3385 3774 3491 3844 Cy-

1918 3875 2151 3938 riacum,
2180 3871 2500 3935 Eusebium,
2542 3879 2596 3925 et
2632 3870 2995 3931 Priscianum,
3028 3870 3339 3938 episcopos,
3380 3882 3489 3937 quo

1915 3971 2018 4023 via:
2042 3968 2278 4021 iaborem
2312 3966 2542 4019 Romam
2576 3979 2751 4034 usque
2787 3964 3060 4018 alacribus
3091 3965 3340 4018 subirent
3372 3963 3490 4016 ani-

1915 4060 2039 4123 niis,
2071 4070 2429 4113 exoraremus
2468 4074 2481 4110 :
2520 4071 2619 4125 per
2650 4061 2789 4124 quos
2812 4054 3148 4109 voluntatem
3183 4063 3239 4108 et
3264 4060 3488 4107 senten-

1918 4154 2047 4207 tiam
2106 4161 2347 4204 nostram
2397 4148 2680 4218 paciﬁcam
2711 4160 2853 4208 esse,
2886 4154 2941 4200 et
2988 4145 3208 4200 unionis
3254 4144 3485 4214 ednjun-

1914 4240 2220 4310 ctinnisque
2278 4239 2566 4293 consilium
2663 4248 2718 4291 et
2810 4237 2975 4291 linem
3036 4236 3139 4290 sibi
3201 4235 3482 4305 proposita

1911 4333 2137 4396 habere,
2179 4333 2546 4386 ostendimus:
2581 4330 2943 4399 ardoremque
2961 4330 3121 4383 simul
3142 4345 3238 4397 pro
3260 4330 3486 4384 saniore

1913 4425 2017 4478 lide
2041 4432 2310 4484 nostrum,
2331 4421 2622 4476 manifesto
2651 4421 3017 4475 declaramus.
3036 4420 3145 4474 Nos
3174 4421 3344 4485 enim,
3366 4422 3481 4476 sive

231 4517 344 4584 γὰρ
373 4515 471 4566 καὶ
502 4514 635 4582 ἡμῖν
690 4515 783 4565 καὶ
826 4512 960 4565 πᾶσι
1017 4512 1130 4572 τοῖς
1176 4509 1249 4579 μὴ
1300 4510 1685 4579 διαστρέφουσι
1715 4512 1804 4562 τδν
1832 4511 1920 4582 Β]

1789 4511 1885 4572 ID
1912 4512 2348 4582 persecutiones,
2399 4525 2495 4563 seu
2538 4510 2884 4574 alllictiones,
2916 4511 3032 4564 sive
3087 4511 3478 4580 imperatorum

230 4604 395 4669 λόγον
446 4601 547 4671 τῆς
578 4599 815 4670 ἀληθοῦς
868 4601 1102 4661 πίστεως
1145 4600 1504 4669 συναρὲσκειν
1559 4599 1681 4651 δεῖ²
1736 4600 1803 4668 ἦν

230 4694 391 4763 μόλις
428 4691 559 4744 ποτὲ
613 4690 998 4761 πρεσϐυτάτην
1047 4690 1214 4743 οὖσαν
1264 4691 1355 4742 καὶ
1407 4689 1699 4741 ἀκόλουθον
1726 4687 1804 4757 τῷ

226 4784 598 4854 βαπτίσματι,
628 4785 725 4836 καὶ
758 4783 1118 4836 διδάσκουσαν
1156 4783 1302 4853 ἡμᾶς
1334 4780 1613 4833 πιστεύειν
1643 4784 1722 4843 είς
1742 4782 1803 4834 τὸ

222 4878 401 4947 ὄνομα
456 4876 551 4927 τοῦ
602 4877 818 4948 [ἰατρὸς
881 4875 1103 4929 καὶτοῦ
1159 4876 1291 4929 Υἱοῦ
1349 4877 1442 4928 καὶ
1493 4876 1586 4929 τοῦ
1644 4876 1799 4937 ἁγίου

224 4968 590 5038 Πνεύματοςτ
626 4969 827 5039 δηλαδὴ
860 4970 1118 5037 θεότητος
1144 4972 1236 5022 καὶ
1268 4968 1554 5037 δυνάμεως
1596 4970 1691 5021 καὶ
1711 4970 1802 5021 οὑ-

224 5059 352 5122 σίας
408 5060 539 5129 μιᾶς
564 5060 657 5112 τοῦ
694 5061 911 5131 Πατρδς
939 5061 1035 5113 καὶ
1068 5060 1163 5113 τοῦ
1204 5060 1335 5113 Υίοῦ
1386 5061 1480 5113 καὶ
1513 5060 1608 5113 τοῦ
1641 5060 1797 5127 ἁγίου

226 5150 554 5220 Πνεύματος
606 5152 1027 5222 πιστευομένης,
1076 5152 1343 5221 όμοτίμου
1378 5168 1435 5204 τε
1484 5150 1586 5218 τῆς
1642 5151 1799 5215 ἀξίας

223 5244 321 5300 καὶ
358 5243 633 5297 συναῖδίου
689 5245 786 5313 τῆς
821 5243 1100 5311 βασιλείας
1142 5245 1199 5296 ἐν
1253 5246 1401 5313 τρισὶ
1430 5243 1798 5305 τελειοτάταις

221 5339 350 5400 ταῖς
384 5335 774 5399 ὑποστάσεσιν,
802 5334 971 5404 ἦγουν
997 5336 1145 5403 τρισὶ
1176 5333 1402 5395 τελείοις
1442 5332 1757 5400 προσώποις
1777 5349 1793 5365 ο

218 5428 299 5492 ὡς
329 5428 473 5497 μήτε
502 5430 603 5495 τὴν
625 5426 916 5480 Σαϐελλίου
943 5426 1097 5479 νόσον
1124 5424 1308 5496 χώραν
1336 5424 1543 5491 λαϐεῖν,
1573 5439 1797 5494 συγχεο-

219 5540 279 5593 μη
305 5540 407 5573 λων
438 5520 548 5573 τῶν
580 5520 953 5586 ὑποστάσεων,
989 5521 1163 5573 εῖτουν
1192 5520 1300 5571 τῶν
1340 5518 1618 5588 ίδιοτήτων
1643 5520 1797 5572 ἀναι-

218 5616 529 5687 ρουμένων,
568 5616 708 5685 μήτε
741 5617 847 5683 μὴν
881 5613 979 5693 τὴν
1000 5611 1345 5683 Εὑνομιανῶν
1377 5613 1469 5664 καὶ
1498 5610 1794 5680 Ἀρειανῶν

216 5711 316 5762 καὶ
372 5708 857 5777 Πνευματομάχιυν
886 5704 1236 5776 βλασφημίαν
1281 5702 1507 5773 ίσχύειν,
1542 5704 1645 5772 τῆς
1704 5703 1795 5756 οὑ-

219 5800 347 5865 σίας
376 5798 409 5870 ἦ
442 5800 537 5871 τῆς
566 5799 781 5869 φύσεως
822 5797 853 5868 ἦ
884 5798 985 5867 τῆς
1020 5797 1273 5867 θεότητος
1307 5794 1669 5866 τεμνομένης,
1695 5795 1790 5848 καὶ

1912 4606 2110 4669 minas,
2138 4619 2234 4658 seu
2261 4604 2674 4673 magistratuum
2704 4603 3084 4658 crudelitatem
3104 4643 3119 4667 ,
3151 4603 3265 4657 sive
3306 4603 3476 4659 etiam

1908 4698 2068 4751 aliam
2104 4697 2414 4766 quampiam
2449 4696 2803 4750 tentalionem
2842 4704 2899 4749 et
2926 4694 3229 4765 periculum
3255 4694 3325 4749 ab
3364 4696 3476 4750 ha:-

1910 4791 2094 4845 reticis
2124 4791 2511 4851 sustinuimus,
2536 4805 2631 4859 pro
2654 4790 2966 4860 evangelica
2987 4789 3091 4845 ﬁde
3122 4790 3313 4845 Nicaea-
3330 4792 3473 4860 apud

1904 4883 2165 4953 Bithynos
2199 4897 2228 4935 a
2281 4883 2543 4937 trecentis
2578 4884 2765 4936 decem
2792 4890 2846 4936 et
2901 4890 3026 4936 octo
3066 4881 3322 4936 Patribus
3348 4897 3478 4935 con-

1906 4974 2137 5041 ﬁrmata,
2180 4974 2446 5044 quidquid
2480 4973 2532 5027 id
2589 4973 2710 5037 fuit,
2740 4972 3087 5042 pertulimus.
3127 4971 3257 5026 Eam
3320 4973 3469 5028 enim

1901 5071 1956 5116 et
1984 5063 2160 5124 nobis,
2193 5072 2248 5116 et
2279 5061 2457 5126 vobis,
2485 5062 2718 5129 aliisque
2746 5060 2883 5114 adeo
2920 5060 3179 5117 omnibus
3202 5062 3294 5129 qui
3327 5076 3471 5117 verte

1903 5153 2027 5207 ﬁdei
2052 5153 2277 5208 verbum
2311 5168 2419 5207 non
2441 5161 2800 5221 pervertunt,
2834 5153 3174 5221 complaccre
3202 5163 3419 5222 oportet
3452 5167 3469 5206 :

1902 5246 2103 5316 quippe
2132 5262 2251 5315 quze
2275 5244 2656 5313 antiquissima
2702 5253 2758 5298 et
2801 5245 3071 5313 baptismo
3100 5254 3468 5299 consentanea

1899 5340 1989 5401 sit,
2017 5338 2242 5391 credere
2282 5352 2382 5390 nos
2415 5338 2619 5391 ducens
2655 5336 2709 5390 in
2741 5351 2940 5391 nomen
2980 5335 3155 5390 Patris
3184 5346 3238 5389 et
3260 5335 3381 5389 Filii
3412 5345 3470 5391 et

1900 5428 2139 5497 Spiritus
2189 5425 2385 5490 sancti,
2429 5426 2688 5481 videlicet
2720 5435 2777 5480 ut
2825 5424 3080 5479 divinitas
3112 5434 3170 5479 et
3223 5433 3470 5494 potestas

1902 5535 2006 5572 una
2054 5519 2228 5574 Patris
2260 5527 2316 5573 et
2360 5518 2484 5573 Filii
2528 5527 2579 5573 et
2612 5518 2853 5571 Spiritus
2882 5518 3077 5580 sancti,
3118 5524 3172 5570 et
3215 5517 3468 5586 ejusdem

1899 5610 2128 5664 honoris
2171 5609 2427 5679 dignitas;
2492 5619 2544 5662 et
2586 5618 2913 5662 πίωσι-ηοω
2948 5623 3175 5677 regnum
3208 5607 3261 5662 in
3291 5607 3470 5663 tribus

1898 5701 2153 5771 perlectis
2170 5700 2560 5767 subsistentiis,
2589 5703 2703 5755 sive
2728 5704 2902 5755 tribus
2920 5700 3177 5769 perlectis
3196 5700 3469 5769 personis.

1897 5795 2148 5850 creriatur
2185 5809 2198 5848 :
2236 5796 2310 5849 ita
2359 5802 2418 5848 ut
2470 5808 2643 5865 nepte
2702 5794 2920 5865 Sabellii
2972 5793 3223 5864 contagio
3280 5794 3466 5849 locum
