4278 6438
777 387 882 452 795

2000 398 2410 462 NICEPIIOBI
2455 400 2800 462 CALLISTI

3917 406 4021 471 796

778 505 993 567 habeat,
1042 507 1412 563 subsistentiis
1453 514 1696 568 confusis
1719 556 1731 576 .
1765 532 1859 570 seu
1908 521 2334 588 proprietatibus
2367 523 2408 576 Α
2437 531 2465 566 τ

2330 552 2334 566 .
2367 523 2408 576 Α
2437 517 2500 584 τῇ
2530 515 2770 584 ἁκτίστῳ
2805 515 2896 568 καὶ
2935 516 3209 584 δμοουσίῳ
3257 518 3349 571 καὶ
3388 519 3644 591 συναῖδίῳ
3688 521 3882 593 Τριάδι
3925 543 4019 592 με·

775 597 1007 650 sublatis
1035 613 1050 650 :
1076 614 1254 666 neque
1285 601 1756 660 Eunomianorum
1815 619 1870 662 et
1917 611 2246 664 Arianorum
2287 621 2342 664 et

778 684 1399 744 Pneumatomachorum
1448 693 1785 763 blasphemia
1816 713 1912 752 seu
1962 700 2340 754 maledicentia

777 773 1116 830 invalescere
1155 782 1344 845 possit,
1391 783 1694 836 Substantia
1731 787 1811 839 vel
1848 797 2041 841 natura
2078 790 2161 843 vel
2205 789 2343 844 divi-

775 865 950 920 nitate
976 866 1290 933 dividenda,
1321 881 1374 924 et
1406 873 1659 929 increataa
1696 880 2252 952 consubstantialique
2291 892 2344 936 et

778 969 1060 1012 comterna:
1086 959 1360 1022 Trinitati,
1389 967 1694 1031 posteriore
1731 970 1986 1037 quapiam
2013 973 2128 1025 sive
2163 985 2340 1027 creata

782 1064 877 1102 seu
914 1050 1068 1104 alteri
1107 1053 1448 1108 substantiali
1489 1066 1679 1110 natura
1708 1060 2033 1116 inducenda.
2070 1063 2228 1134 253
2255 1067 2344 1119 lii-

778 1141 1189 1197 humanationis
1213 1145 1373 1198 etiam
1407 1148 1620 1201 Domini
1666 1151 1929 1206 rationein
1973 1154 2196 1210 minime
2224 1173 2344 1226 per-

778 1248 991 1286 versam
1056 1236 1377 1300 retinemus,
1417 1255 1592 1308 neque
1646 1243 1729 1296 vel
1779 1244 1956 1298 anima
2014 1248 2097 1300 vel
2161 1261 2342 1304 mente

779 1334 1074 1388 carentem,
1103 1337 1195 1380 aut
1245 1328 1614 1398 imperfectam
1661 1336 1842 1388 carnis
1877 1336 2340 1406 dispensationem

780 1414 1102 1471 credentes:
1132 1427 1285 1473 certo
1321 1421 1525 1490 quippe
1579 1424 1836 1487 scientes,
1874 1427 2176 1493 perfectum
2214 1430 2342 1497 qui-

781 1505 902 1558 dem
936 1518 1062 1560 ante
1093 1511 1288 1564 sacula
1320 1513 1486 1565 fuiSse
1515 1514 1680 1567 Deum
1713 1514 1952 1570 Verbum
1976 1559 1990 1580 ,
2036 1520 2340 1585 perfectum

781 1614 911 1652 vero
941 1600 1215 1656 hominem
1255 1604 1307 1656 in
1341 1608 1601 1661 extremis
1631 1608 1827 1662 diebus
1859 1622 2083 1680 propter
2111 1614 2342 1668 salutem

782 1700 1020 1744 nostram
1063 1708 1182 1746 esse
1219 1694 1440 1752 factum.
1469 1698 1533 1752 Et
1555 1700 1686 1762 fides
1711 1703 1929 1770 quidem
1973 1721 2095 1773 qum
2128 1723 2156 1760 a
2184 1709 2344 1762 nobis

782 1792 1096 1837 constanter
1129 1787 1550 1854 depra-dlcatnr,
1584 1792 1635 1845 iu
1663 1807 1872 1847 summa
1912 1796 1990 1848 sic
2036 1812 2092 1850 se
2143 1797 2340 1852 habet:

781 1873 849 1928 de
880 1890 986 1940 qua
1015 1879 1333 1943 amplior-2m
1371 1883 1534 1934 etiam
1569 1885 1875 1938 animorum
1911 1889 2343 1943 consolationem
2371 1933 2373 1936 ‹

783 1968 1067 2034 percipere
1113 1973 1385 2038 poteritis,
1442 1976 1484 2026 si
1556 1993 1662 2029 non
1715 1979 2073 2044 gravabimini
2135 1982 2343 2036 decreti

781 2055 1046 2121 libellum,
1098 2061 1240 2127 quod
1271 2062 1627 2119 Antiochi-aea
1678 2069 1884 2137 synodo
1933 2071 2006 2124 ibi
2044 2083 2230 2127 coacta
2265 2075 2346 2127 fa-

783 2156 954 2211 ctum,
995 2159 1048 2203 ct
1081 2150 1207 2204 item
1239 2155 1288 2205 id
1315 2170 1533 2222 quoque
1564 2159 1708 2224 quod
1761 2161 2004 2227 proxime
2035 2161 2346 2218 Constanti-

782 2240 964 2307 nopoli
1017 2241 1084 2294 ab
1135 2243 1427 2297 universali
1484 2248 1718 2301 concilio
1778 2253 2179 2321 promulgatum
2237 2265 2342 2313 est.

783 2330 981 2398 legere.
1014 2333 1072 2386 In
1101 2336 1298 2402 quibus
1350 2349 1404 2391 et
1434 2339 1610 2395 fusius
1666 2341 1825 2395 ﬁdem
1873 2346 2101 2412 professi
2132 2363 2344 2412 sumus,

785 2431 840 2476 et
861 2424 1093 2478 lia-.reses
1122 2442 1298 2494 nuper
1333 2443 1426 2496 per
1452 2445 1538 2484 res
1571 2447 1758 2490 novas.
1790 2446 2030 2500 exortas,
2057 2445 2112 2491 et
2142 2456 2168 2490 a
2189 2440 2347 2494 nobis

783 2516 1129 2570 anathemate
1183 2519 1497 2584 confossas,
1571 2523 1623 2576 in
1694 2525 1958 2593 scriptum
2034 2530 2343 2586 retulimus.

787 2606 953 2660 Porro
982 2607 1048 2661 de
1099 2610 1466 2679 singularibus
1498 2617 1856 2671 ecclesiarum
1913 2621 2344 2678 administratio-

785 2698 968 2763 nibus,
996 2712 1237 2756 veterem
1268 2706 1421 2758 scilis
1453 2722 1572 2760 esse
1609 2711 1970 2772 Sanctionem,
2019 2724 2072 2767 et
2129 2725 2348 2770 sancto-

786 2806 906 2843 rum
939 2792 1129 2847 Nico-aa
1165 2809 1616 2865 congregatorum
1663 2803 1884 2857 Patrum
1920 2805 2238 2872 decretum,
2289 2820 2348 2862 ut

787 2877 840 2928 in
876 2881 1156 2946 provincia
1188 2899 1421 2954 quaque,
1457 2889 1753 2955 provincia
1807 2893 1927 2961 ejus
1978 2895 2238 2964 episcopi,
2292 2907 2348 2951 et

785 2985 911 3023 cum
933 2973 1032 3032 eis.
1076 2974 1119 3027 si
1155 2975 1228 3028 illi
1253 2978 1439 3040 velint,
1474 2982 1686 3034 finitimi
1711 3000 1927 3053 quoque.
1959 2987 2254 3042 electiones
2293 3000 2348 3044 et

787 3065 1250 3126 consecrationes,
1309 3085 1373 3122 ex
1421 3087 1521 3125 usu
1575 3077 1796 3141 publico
1851 3091 2131 3145 peragant.
2185 3079 2346 3135 Juxta

2445 607 2737 673 ταγενεστέ
2751 625 2848 675 ρας
2882 607 3028 670 τινὸς
3060 609 3091 677 ἢ
3119 610 3342 679 κτιστῆς
3374 611 3403 680 ἧ
3434 613 3775 681 ἐτεροουσίου
3803 615 4022 684 φύσεως

2446 700 2818 767 ἐπαγομένης.
2877 700 2987 752 Καὶ
3028 700 3121 752 τὸν
3153 702 3250 771 τῆς
3303 703 3774 773 ἐνανθρωπήσεως
3824 707 3879 760 δέ
3922 709 4019 763 τοῦ

2446 789 2651 858 Κυρίου
2689 789 2849 857 λόγον
2898 789 3262 861 ἀδιάστροφον
3295 795 3568 862 σώζομεν,
3619 795 3742 849 οὔτε
3787 797 4016 869 ἄψυχον,

2444 878 2566 930 οὔτε
2594 878 2835 948 ἄνουν,,ῆ
2875 880 3040 948 ἀτελῆ
3073 881 3168 950 τὴν
3198 882 3299 948 τῆς
3334 883 3536 952 σαρκδς
3567 885 3882 953 οἰκονομίαν
3912 906 4018 940 πα-

2447 957 2800 1037 ραδεχόμενοι
2828 986 2842 999 ο
2884 971 3003 1022 ὅλον
3033 971 3086 1024 δέ
3142 972 3341 1035 είδότες
3377 975 3585 1027 τέλειον
3625 977 3723 1044 μὲν
3750 977 3856 1044 πρὸ
3887 979 4017 1031 αἰώ-

2446 1079 2551 1114 νων
2598 1061 2728 1116 ὄντα
2791 1063 2925 1115 Θεὸν
2980 1065 3189 1132 Λόγον,
3240 1067 3449 1119 τέλειον
3493 1068 3547 1120 δέ
3594 1069 3883 1140 ἄνθρωπον
3931 1072 4019 1124 ἐπ’

2445 1152 2673 1219 ἐσχάτου
2706 1151 2814 1206 τῶν
2850 1155 3075 1224 ἡμερῶν
3133 1157 3221 1208 διὰ
3274 1158 3375 1226 τὴν
3425 1159 3706 1228 ἡμετέραν
3740 1162 4019 1230 σωτηρίαν

2444 1246 2759 1310 γενόμενον.
2801 1245 2879 1296 Τὰ
2915 1245 3014 1314 μὲν
3068 1243 3159 1299 οὖν
3191 1249 3333 1301 κατὰ
3391 1250 3490 1318 τὴν
3532 1250 3718 1303 πίστιν
3758 1253 3859 1307 τὴν
3890 1253 4020 1321 παρ’

2444 1335 2604 1405 ἡμῶν
2630 1336 3018 1397 ἀνυποστόλως
3056 1341 3493 1408 κηρυττομένην,
3526 1343 3600 1404 ὡς
3637 1345 3696 1394 ἐν
3741 1346 4022 1416 κεφαλαίῳ

2445 1425 2700 1478 τοιαῦτα’
2743 1428 2873 1496 περὶ
2924 1421 3000 1481 ὧν
3047 1429 3139 1481 καί
3183 1430 3275 1482 ‘3‘-
3311 1432 3494 1485 πλεῖον
3547 1433 4020 1506 ψυχαγωξηθῆναι

2443 1516 2758 1584 δυνήσεσθε,
2791 1518 2868 1584 τῷ
2895 1536 2953 1571 τε
2983 1521 3041 1572 ἐν
3085 1520 3389 1592 Ἀντιοχείᾳ
3417 1525 3569 1593 τόμῳ
3599 1534 3748 1594 παρὰ.
3775 1528 3875 1593 τῆς
3907 1531 4020 1581 ἐκεῖ

2445 1609 2801 1676 συνελθούσης
2836 1612 3052 1681 συνόδου
3084 1618 3438 1684 γεγενημένῳ
3469 1620 3912 1683 καταξιώσαντες
3937 1624 4007 1672 ἐν.

2447 1701 2645 1768 τυχεῖν,
2685 1700 2778 1752 καὶ
2802 1701 2878 1770 τῷ
2908 1705 3140 1768 πέρυσιν
3166 1707 3223 1755 ἐν
3256 1707 3832 1763 Κωνσταντινουπὸλει
3867 1715 4020 1781 παρὰ

2447 1792 2542 1859 τῆς
2572 1793 2955 1862 οίκουμενικῆς
2988 1797 3263 1851 ἐκτεθέντι
3298 1800 3522 1853 συνόδου
3549 1817 3559 1828 ·
3604 1805 3660 1853 ἐν
3692 1798 3775 1865 οἷς
3817 1805 4022 1857 πλατύ-

2449 1901 2602 1952 τερον
2630 1885 2728 1955 τὴν
2773 1887 2957 1939 πίστιν
3013 1888 3472 1959 ὡμολογήσαμεν,
3509 1896 3602 1947 καὶ
3649 1896 3756 1948 τῶν
3791 1896 4018 1965 ἔναγχος

2450 1979 2948 2046 καινοτομηθεισῶν
3003 1982 3268 2050 αἱρέσεων
3321 1986 3768 2056 ἀναθεματισμὸν
3817 1988 4020 2057 ἔγγρα-

2449 2086 2546 2135 φον
2573 2073 2971 2140 πεποιήκαμεν.
3005 2075 3135 2143 Περὶ
3158 2075 3212 2127 δὲ
3239 2075 3346 2127 τῶν
3375 2079 3696 2148 οἰκονομιῶν
3725 2080 3829 2131 τῶν
3866 2083 4009 2134 κατᾶ

2454 2161 2612 2227 μέρος
2649 2163 2704 2213 ἐν
2730 2165 2847 2224 ταῖς
2898 2164 3216 2232 ἐκκλησίαις
3250 2167 3500 2231 παλαιὸς,
3545 2171 3618 2231 ὡς
3649 2173 3784 2234 ἴστε,
3813 2171 4018 2239 θεσμδς

2448 2254 2781 2322 κεκράτηκε,
2807 2256 2902 2306 καὶ
2932 2255 3041 2306 τῶν
3064 2258 3117 2307 ἐν
3142 2258 3349 2330 Νικαία
3377 2261 3549 2327 ἁγίων
3582 2263 3839 2330 Πατέρων
3860 2265 3984 2331 ὅρος
4002 2281 4015 2295 °

2449 2342 2568 2394 καθ’
2594 2344 2832 2414 ἐκάστην
2863 2347 3130 2416 ἐπαρχίαν
3163 2350 3286 2411 τοὺς
3314 2351 3411 2419 τῆς
3439 2353 3709 2422 ἐπαρχίας
3737 2356 3830 2406 καὶ
3857 2355 4020 2424 εἴπερ

2449 2435 2645 2486 ἐκείνοι
2681 2435 2982 2503 βούλοιντο,
3017 2440 3113 2491 σὺν
3142 2440 3322 2503 αὐτοῖς
3357 2443 3483 2502 τοὺς
3529 2445 3762 2512 ὁμόρους
3789 2446 3924 2515 πρὸς
3956 2447 4020 2497 τὸ

2451 2526 2730 2596 συμφέρον
2753 2529 3024 2581 ποιεῖσθαι
3046 2531 3140 2593 τὰς
3167 2534 3502 2602 χειροτονίας
3525 2549 3536 2562 ·
3575 2531 3654 2596 οἷς
3682 2537 4017 2602 ἀκολούθως,

2447 2613 2545 2674 τάς
2575 2630 2630 2665 τε
2684 2612 2875 2675 λοιπὰς
2911 2617 3205 2686 ἐκκλησίας
3260 2621 3391 2689 παρ’
3425 2623 3559 2691 ἡμῖν
3605 2626 4018 2694 οἰκονομεῖσθαι

2449 2703 2745 2769 γινώσκετε
2769 2724 2780 2735 ·
2813 2709 2906 2759 παὶ
2954 2709 3062 2760 τῶν
3091 2711 3512 2782 ἐπισημοτάτων
3542 2717 3850 2786 ἐκκλησιῶν
3884 2720 4021 2772 ἀνα-

2448 2796 2716 2865 δεδεῖχθαι
2741 2800 2864 2861 τοὺς
2893 2800 3090 2870 ίερεῖς·
3139 2801 3264 2854 ὅθεν
3301 2805 3399 2872 τῆς
3442 2806 3541 2874 μὲν
3582 2809 3639 2859 ἐν
3672 2809 4022 2864 Κωνσταντις

2449 2890 3047 2956 νουπόλεινεοπαγοῦς,
3097 2894 3170 2957 ὠς
3215 2895 3282 2948 ἂν
3328 2898 3471 2950 εἴποι
3528 2916 3631 2962 τις,
3690 2901 4016 2971 ἐκκλησίας,

2449 2982 2514 3047 ἢν
2554 2979 2744 3050 ῶσπερ
2772 2983 2835 3033 ἐκ
2890 2984 3156 3052 στόματος
3212 2985 3423 3051 λέοντος
3451 2990 3552 3059 τῆς
3583 2991 3690 3044 τῶν
3720 2994 4021 3062 αἱρετικῶν

2451 3070 2802 3140 βλασφημίας
2832 3075 3091 3142 ὑπόγυιον
3125 3076 3518 3149 ἐξηρπάσαμεν
3559 3083 3644 3135 διὰ
3669 3083 3776 3135 τῶν
3806 3087 4024 3154 οἰκτιρ-

785 3153 1051 3224 ejusmodi
1084 3161 1557 3229 constitutionem,
1591 3182 1715 3219 eum
1751 3168 1883 3220 alias
1928 3173 2067 3238 apul
2123 3188 2220 3241 nos
2265 3189 2354 3226 ec-
2381 3179 2422 3237 C
2459 3182 2474 3231 ι

2331 3201 2354 3212 -
2381 3179 2422 3237 c
2459 3163 2576 3231 μῶν
2607 3163 2698 3215 τοῦ
2729 3165 2887 3228 Θεοῦ,
2924 3167 3016 3219 τὸν
3052 3168 3477 3237 αίδεσιμώτατον
3531 3176 3626 3227 καὶ
3666 3175 4020 3242 θεοφιλέσταο

788 3245 981 3299 clesias
1015 3249 1259 3303 ordinari
1299 3263 1462 3321 atque
1509 3257 1927 3321 administrari,
1969 3272 2082 3313 tuin
2119 3264 2172 3315 in
2203 3265 2348 3319 cele-

790 3336 1043 3393 berrimis
1099 3342 1409 3413 quibusque
1479 3349 1749 3404 antistites
1806 3355 2150 3409 renuntiatus
2203 3373 2344 3422 esse,

788 3430 1003 3484 scitote.
1038 3433 1273 3489 Proinde
1316 3437 1366 3490 in
1400 3454 1589 3494 recens
1640 3443 1886 3510 fundata,
1935 3455 1993 3500 ut
2037 3449 2107 3501 ita
2153 3450 2350 3518 aliquis

789 3519 957 3581 dicat,
998 3521 1605 3596 Constantinoiiolitana
1661 3534 1926 3596 ecclesia,
1969 3554 2129 3605 quam
2179 3556 2351 3609 nuper

791 3619 1047 3680 tanquam
1086 3631 1150 3669 ex
1183 3633 1276 3673 ore
1298 3620 1493 3683 leonis,
1527 3624 1605 3678 sic
1641 3641 1704 3678 ex
1731 3626 2066 3696 blasphemia
2097 3642 2151 3684 et
2180 3633 2351 3687 male-

791 3703 1024 3761 dicentia
1055 3708 1435 3766 haareticorum
1471 3715 1775 3783 eripuimus
1802 3760 1814 3782 ,
1848 3733 1946 3788 per
1973 3722 2352 3776 miserationes

791 3796 908 3858 Dei,
950 3797 1005 3851 in
1061 3801 1351 3856 universali
1411 3808 1638 3876 synodo,
1689 3813 1968 3865 communi
2029 3823 2082 3865 et
2133 3817 2350 3883 publico

791 3906 1062 3946 consensu
1116 3895 1168 3948 in
1224 3897 1394 3962 ipsius
1451 3900 1542 3953 Dei
1593 3905 1953 3960 amantissimi
2006 3907 2352 3975 imperatoris

793 3984 1084 4041 Theodosii
1116 4003 1432 4059 conspectu,
1466 3994 1613 4048 clero
1643 3999 1787 4050 omni
1820 4010 1872 4051 et
1906 4000 2125 4053 civitate
2157 4013 2352 4055 cuncta

791 4081 1142 4150 sullragante,
1173 4089 1688 4143 reverendissimmn
1715 4100 1770 4145 et
1804 4093 1893 4146 Dei
1916 4094 2351 4148 amantissimum

792 4173 1102 4228 Nectarium
1162 4178 1478 4247 episcopum
1542 4180 1792 4250 legimus.
1858 4183 1915 4236 lu
1977 4185 2350 4238 vetustissima

793 4279 942 4328 vero,
1003 4268 1340 4337 proindeque
1405 4272 1701 4338 apostolica
1749 4274 1982 4327 ecclesia
2051 4275 2354 4328 Antiochia:

792 4356 930 4423 apud
965 4355 1150 4426 Syros,
1185 4360 1239 4412 in
1271 4375 1375 4427 qua
1404 4361 1576 4429 prima
1611 4368 1982 4417 venerandum
2015 4365 2351 4418 Christiano-

792 4463 914 4500 rum
939 4463 1134 4502 nomen
1166 4452 1393 4517 exstitit,
1425 4453 1786 4521 provinciales
1819 4465 1872 4509 et
1901 4455 2194 4510 Orientalis
2220 4457 2354 4510 dia)-

2449 3272 2540 3305 τον
2567 3256 2871 3325 Νεκτάριον
2899 3260 3195 3312 ἐπίσκοπον
3229 3266 3761 3333 κεχειροτονήκαμεν
3785 3269 3874 3318 ἐπὶ
3915 3269 4019 3333 τῆς

2451 3345 2833 3412 οἱκουμενικῆς
2896 3349 3114 3400 συνόδου
3173 3351 3313 3417 μετὰ
3367 3352 3556 3422 κοινῆς
3612 3358 3866 3423 ὁμονοίας
3918 3359 4017 3409 ὑπ’

2450 3435 2604 3502 ὂψεσι
2637 3439 2730 3489 καὶ
2783 3439 2876 3490 τοῦ
2916 3438 3333 3508 Θεοφιλεστάτου
3392 3445 3659 3511 βασιλέως
3706 3447 4020 3511 Θεοδοσίου,

2453 3529 2653 3590 παντός
2684 3545 2740 3580 τε
2791 3530 2883 3581 τοῦ
2929 3531 3132 3602 κλήρου
3170 3535 3262 3585 καὶ
3313 3537 3490 3606 πάσης
3539 3538 4022 3610 ἐπιψηφιζομένης

2451 3621 2548 3688 τῆς
2575 3620 2800 3682 πόλεως.
2849 3623 2961 3690 Τῆς
2993 3623 3047 3674 ὂέ
3086 3626 3466 3696 πρεσῦυτάτης
3501 3631 3596 3680 καὶ
3654 3629 3828 3692 οὕτως
3876 3634 4022 3685 ἀπο-

2455 3711 2708 3780 στολικῆς
2747 3713 3072 3781 Ἐκκλησίας
3103 3717 3202 3785 τῆς
3232 3719 3289 3768 ἐν
3329 3719 3631 3788 Ἀντιοχείᾳ
3659 3722 3755 3789 τῆς
3792 3724 4019 3792 Συρίας,

2453 3807 2511 3856 ἐν
2614 3807 2804 3877 πρώτῃ
2831 3809 2889 3860 τδ
2909 3810 3088 3876 τίμιον
3120 3809 3228 3861 τῶν
3258 3812 3605 3882 Χριστιανῶν
3642 3817 4024 3886 ἐχρημάτισεν

2453 3896 2644 3964 ὄνομα.
2676 3899 2768 3949 τὸν
2792 3900 3220 3969 αἱδεσιμώτατον
3241 3905 3334 3955 καὶ
3362 3904 3775 3974 θεοφιλέστατον
3799 3909 3997 3960 ἐπίσκο
4014 3939 4026 3948 -

2455 4007 2554 4042 πον
2583 3991 2882 4045 Φλαὸιανδν
2909 3994 3039 4046 οἵτε
3067 3995 3167 4062 τῆς
3215 3998 3485 4067 ἐπαρχίας
3515 4000 3611 4050 καὶ
3638 4001 3735 4069 τῆς
3772 4004 4026 4054 ἀνατολι-

2455 4083 2555 4150 κῆς
2603 4083 2924 4152 διοικήσεως
2974 4089 3370 4157 συνδραμόντες
3403 4092 3704 4154 κανονικῶς
3751 4095 4025 4162 ἐχειροτό-

2454 4193 2644 4244 νησαν,
2673 4178 2852 4246 πάσης
2885 4178 3180 4248 συμψήφου
3214 4180 3310 4248 τῆς
3352 4181 3695 4249 Ἐκκλησίας,
3720 4184 3908 4254 ὥσπερ
3931 4186 4025 4238 διὰ

2459 4269 2587 4334 μιᾶς
2613 4272 2817 4338 φωνῆς,
2846 4269 2935 4322 τὸν
2963 4270 3127 4340 ἄνδρα
3158 4273 3469 4342 τιμησάσης
3494 4287 3506 4300 ”
3541 4275 3720 4345 ἥνπερ
3757 4275 4025 4342 ἔνθεσμον

2456 4364 2793 4433 χειροτονίαν
2824 4365 3061 4430 ἐδέξατο,
3095 4367 3190 4419 καὶ
3219 4367 3278 4420 τὸ
3306 4370 3407 4437 τῆς
3433 4369 3648 4421 συνόδου
3683 4388 3788 4422 κοι·.
3801 4370 3881 4422 όν.
3905 4372 4038 4439 Τῆς,

2455 4455 2510 4506 δέ
2546 4472 2608 4522 γε
2643 4457 2847 4524 μητρὸς
2877 4458 3102 4509 ἁπασῶν
3132 4459 3240 4509 τῶν
3274 4458 3579 4529 ἐκκλησιῶν
3623 4460 3722 4528 τῆς
3755 4463 3810 4513 ἐν
3848 4463 4023 4530 Ἰερο-

791 4540 934 4594 cesis
964 4541 1206 4610 epise0pi
1231 4554 1500 4598 conventu
1533 4555 1676 4611 acto,
1720 4550 1986 4602 canonice
2024 4558 2078 4602 et
2107 4549 2349 4618 legitime
2382 4559 2426 4613 ι)
2459 4562 2480 4594 σ

2333 4566 2349 4605 3
2382 4559 2426 4613 ι)
2459 4544 2707 4613 σολύμοις
2737 4547 2830 4599 τὸν
2868 4547 3292 4616 αίδεσιμώτατον
3325 4551 3422 4602 καὶ
3460 4550 3874 4619 θεοφιλέστατον
3903 4553 4022 4604 Κύ-

792 4631 1306 4686 revereudissimum
1336 4642 1390 4687 et
1432 4634 1529 4689 Dei
1563 4639 1996 4692 amantissimum
2034 4640 2347 4693 Flavianum

792 4725 1092 4778 antistitem
1127 4736 1408 4791 crearunt,
1444 4729 1672 4782 ecclesia
1725 4740 1832 4783 tota
1870 4733 2270 4790 consentiente.
2297 4741 2352 4784 et

791 4817 947 4886 quasi
995 4832 1126 4871 voce
1175 4834 1276 4871 una
1319 4819 1492 4872 virum
1545 4838 1669 4875 cum
1728 4824 2138 4877 eohonestante.
2190 4824 2352 4895 254

791 4909 960 4971 Quam
999 4911 1462 4962 consecrationem
1497 4921 1556 4964 ut
1579 4913 1907 4966 ordinariam
1943 4923 1996 4969 et
2030 4915 2350 4983 legitimam,

792 4996 982 5062 synodi
1024 5000 1184 5050 etiam
1216 5003 1580 5056 communitas
1612 5006 2008 5072 comprobavit.
2048 5008 2104 5058 ln
2131 5022 2191 5058 ea
2225 5022 2352 5060 vero

795 5089 1030 5144 ecclesia
1055 5129 1068 5153 .
1119 5105 1237 5159 qum
1273 5094 1502 5147 aliarum
1546 5098 1790 5149 omnium
1836 5107 2008 5151 mater
2030 5109 2135 5163 est,
2164 5099 2355 5153 Hiero-

795 5181 1040 5251 solymis.
1113 5187 1628 5241 rererendissimum
1681 5199 1736 5242 et
1785 5189 1878 5242 Dei
1915 5190 2351 5244 amantissimum

793 5271 1052 5341 Cyrillum
1086 5277 1402 5346 episcopum
1431 5294 1550 5332 esse
1585 5280 1810 5343 scimus,
1845 5281 1947 5335 rite
1969 5281 2289 5350 jamdudum
2325 5299 2352 5335 υ

796 5366 1220 5434 provincialibus
1240 5370 1510 5438 episcopis
1547 5371 1915 5441 electum,qui
1953 5388 2082 5426 sane
2122 5374 2355 5426 diversis

797 5455 852 5510 in
883 5457 1017 5511 locis
1034 5458 1328 5526 plurimum
1348 5462 1612 5516 adversus
1628 5463 1857 5517 Arianos
1887 5463 2206 5519 decertavit.
2228 5466 2356 5531 Qua:

796 5563 919 5603 cum
957 5551 1193 5621 legitime
1215 5563 1270 5607 et
1292 5556 1553 5609 canonice
1579 5557 1722 5624 apud
1767 5571 1866 5615 nos
1896 5567 2015 5611 acta
2048 5558 2354 5622 obtineant,

801 5650 858 5692 ut
890 5642 943 5694 in
970 5642 1052 5695 eis
1098 5643 1271 5711 pietas
1298 5645 1463 5698 etiam
1498 5655 1675 5698 vestra
1722 5647 1841 5699 laeta
1873 5657 1925 5699 et
1959 5647 2354 5717 gratulabunda

800 5736 1132 5801 arquiescat,
1186 5735 1486 5798 hortamur,
1526 5740 1791 5805 spirituali
1839 5741 2046 5794 scilicet
2090 5741 2357 5795 charitatc

801 5823 1190 5888 intercedente,
1233 5836 1286 5879 ct
1317 5827 1521 5880 homini
1557 5828 1748 5881 timore
1797 5829 2033 5884 favorem
2073 5829 2355 5884 hominum

2456 4632 2633 4702 ριλλον
2673 4634 2970 4688 ἐπίσκοπον
3017 4632 3157 4689 εἶναι
3214 4639 3580 4710 γνωρίζομεν,
3623 4641 3926 4704 κανονικῶς
3960 4658 4022 4693 τε

2453 4727 2605 4794 παρὰ
2638 4726 2744 4777 τῶν
2778 4729 2874 4795 τῆς
2903 4729 3169 4798 ἐπαρχίας
3208 4732 3653 4802 χειροτονηθέντα
3705 4733 3894 4796 πάλαι,
3927 4736 4022 4786 καὶ

2454 4816 2684 4868 πλεῖστα
2730 4818 2868 4885 πρὸς
2905 4821 3026 4882 τοὺς
3070 4821 3382 4890 ⁹Αρειανοῑδς
3412 4823 3469 4875 ἐν
3510 4824 3796 4894 διαφόροις
3827 4826 4022 4889 τόποις

2453 4908 2760 4980 ἀθλήσαντα
2786 4927 2798 4940 ·
2830 4907 2910 4975 οἷς
2958 4914 3031 4975 ὠς
3085 4915 3358 4984 ἐνθέσμως
3403 4920 3494 4968 καὶ
3527 4918 3826 4980 κανονικῶς
3884 4919 4020 4989 παρ’

2455 5004 2584 5070 ἡμῖν
2633 5008 3022 5072 κεκρατηκόσι,
3085 5008 3180 5059 καὶ
3231 5009 3328 5076 τὴν
3377 5009 3650 5078 ὑμετέραν
3696 5010 4022 5079 συγχαίρειν

2456 5095 2882 5162 παρακαλοῦμεν
2935 5097 3246 5161 εὐλάϐειαν,
3280 5099 3379 5165 τῆς
3435 5102 3812 5170 πνευματικῆς
3865 5121 4022 5172 μεσι-

2453 5187 2717 5258 τευούσης
2747 5189 2987 5258 ἀγάπης,
3018 5189 3113 5242 καὶ
3153 5189 3248 5243 τοῦ
3301 5192 3579 5260 Κυριακοῦ
3625 5193 3792 5259 φόϐου
3837 5197 4026 5247 πᾶσαν

2460 5277 2556 5344 μὲν
2593 5279 3046 5341 καταστέλλοντος
3100 5280 3453 5353 ἀνθρωπίνην
3478 5286 3881 5354 προσπάθειαν,
3923 5288 4026 5356 τὴν

2455 5369 2509 5418 δὲ
2545 5369 2651 5437 τῶν
2675 5370 2983 5440 ἐκκλησιῶν
3027 5373 3320 5444 οἰκοδομὴν
3353 5378 3759 5446 προτιμοτέραν
3809 5380 4029 5432 ποιοῦν-

2457 5461 2655 5530 τοςτῆς
2687 5463 2821 5534 πρὸς
2837 5467 2929 5518 τον
2962 5466 3080 5518 καθ’
3102 5466 3196 5519 ἐνα
3225 5469 3514 5538 συνηθείας
3549 5471 3580 5538 ἧ
3609 5472 4028 5541 χάριτος.οὓτω

2457 5555 2567 5622 γὰρ
2602 5554 2695 5606 τοῦ
2729 5572 2787 5607 τε
2820 5557 2918 5625 τῆς
2948 5558 3184 5620 πίστεως
3214 5561 3670 5628 συμφωνηθέντος
3701 5563 3890 5630 λόγου,
3932 5568 4031 5617 καὶ

2458 5646 2555 5712 τῆς
2609 5647 2999 5717 Χριστιανικῆς
3047 5650 3388 5722 κυρωθείσης
3443 5654 3501 5704 ἐν
3560 5656 3692 5722 ἡμῖν
3764 5657 4028 5724 ἀγάπης,

2463 5739 2782 5808 παυσόμεθα
2810 5741 3059 5807 λέγοντες
3088 5742 3146 5794 τὸ
3173 5744 3320 5814 παρὰ
3349 5745 3459 5796 τῶν
3487 5747 3802 5799 ἀποστόλων
3829 5764 3962 5800 κατε
3981 5767 4030 5810 ς-

2461 5831 2735 5900 νωσμένον
2752 5847 2764 5864 ·
2785 5833 2930 5911 Ἐγὼ
2946 5833 3059 5900 μέν
3085 5836 3196 5904 είμι
3221 5837 3485 5902 Παύλου,
3513 5838 3624 5906 ἐγὼ
3647 5838 3710 5891 δὲ
3733 5837 4032 5903 Ἀπολλὼ,
