4278 6438
262 416 367 479 797
1186 424 1781 486 ECELESIAS’I‘ICE
1819 424 2206 485 HISTORIA!
2242 423 2381 483 LIB.
2418 423 2555 485 ΧΗ.
3395 420 3502 489 7%

260 531 373 601 ἐγὼ
407 531 477 585 δὲ
507 531 704 601 Κηφᾶ.
738 533 944 597 Πάντες
990 535 1045 589 δὲ
1082 536 1321 606 Χριστοῦ
1357 537 1639 604 φανέντες,
1682 536 1739 598 ὃς
1780 536 1835 587 ἐν
1864 540 1949 601 At

1813 540 2160 601 vAomnem
2217 543 2273 589 et
2326 531 2632 589 allectionis
2687 533 2739 587 in
2801 533 3041 602 aliquem
3093 530 3502 586 inclinationem

262 623 394 689 ἡμῖν
445 622 506 675 οὐ
548 625 910 693 μεμέρισται,
943 626 1078 678 Θεοῦ
1136 628 1519 692 καταξιοῦντος
1576 627 1832 695 ἄσχιστον
1935 642 1951 681 ‹

1815 645 1832 677 ν
1935 627 2315 690 contrahente,
2350 626 2816 695 ecclesiarumque
2841 624 3504 679 adiﬁcationemetcom-

259 715 318 764 τὸ
350 714 509 781 σῶμα
532 718 629 783 τῆς
669 717 999 786 Ἐκκλησίας
1038 722 1371 789 τηρήσομεν,
1402 721 1495 772 καὶ
1525 718 1603 788 τῷ
1628 718 1831 787 βήματι

256 804 354 875 τοῦ
421 806 628 873 Κυρίου
690 807 828 873 μετά
880 809 1191 878 παρρησίας
1267 808 1749 881 παραστησόμεθα.
1808 826 1825 859 ι

259 895 450 948 Ταῦτα
502 897 644 951 κατά
673 914 730 950 τε
767 901 866 968 τῆς
908 899 1122 966 Ἀρείου
1178 904 1270 954 καὶ
1305 902 1513 954 ’Δετίου
1554 902 1647 954 καὶ
1669 900 1832 953 Εὐνο-

259 985 388 1051 μίου
427 988 651 1054 μανίας,
700 989 794 1041 καὶ
844 990 1030 1059 μέντοι
1078 994 1171 1045 καὶ
1208 991 1347 1046 κατά
1396 993 1689 1045 Σαϐελλίου
1736 992 1830 1045 καὶ

253 1078 554 1144 Φωτεινοῦ,
585 1081 910 1149 Μαρκέλλου
942 1100 1001 1136 τε
1036 1085 1128 1137 καὶ
1171 1086 1387 1137 Παύλου
1437 1085 1533 1137 τοῦ
1582 1086 1831 1153 Σαμοσα-

252 1168 421 1234 τέως,
449 1171 542 1223 καὶ
578 1173 915 1227 Μακεδονίου
939 1177 1309 1245 γεγράφασιν.
1352 1176 1625 1237 Ὡσαύτως
1651 1175 1705 1229 δὲ
1734 1174 1829 1227 καὶ

253 1264 360 1330 τὴν
421 1264 833 1337 Ἀπολλιναρίου
883 1270 1236 1335 καινοτομίαν
1282 1269 1574 1339 προφανῶς
1619 1269 1831 1337 ἀπεκή-

259 1351 454 1418 ρυξαν,
482 1355 812 1424 είρηκότες·
852 1376 870 1407 ε
907 1359 1013 1410 Καὶ
1060 1359 1153 1410 τὸν
1203 1359 1301 1429 τῆς
1357 1359 1830 1428 ὲνανθρωπήσεως

255 1443 315 1495 δὲ
349 1443 444 1497 τοῦ
498 1446 705 1515 Κυρίου
761 1448 920 1515 λόγον
965 1449 1329 1520 ἁδιάστροφον
1381 1451 1649 1518 σώζομεν,
1707 1448 1830 1501 οὗτε

255 1534 489 1606 ἄψυχον,
513 1536 635 1591 οὔτε
678 1539 841 1593 ἄνουν
868 1540 901 1609 ἦ
931 1540 1096 1612 ἀτελῆ
1121 1542 1219 1613 τὴν
1262 1544 1361 1611 τῆς
1392 1542 1594 1612 σαρκὸς
1624 1542 1832 1594 οίκονο-

259 1628 392 1695 μίαν
423 1629 883 1700 παραδεχόμενοι.

1936 717 2157 771 modum
2216 718 2597 773 consuetudini
2642 726 2697 771 et
2739 717 2923 785 gratia:
2970 716 3204 785 alicujus
3238 714 3505 784 singulari

1935 808 2279 878 przelerente.
2313 808 2403 865 Sic
2435 824 2671 878 namque
2705 807 2831 861 fidei
2878 808 3045 862 verbo
3079 808 3145 861 ad
3175 821 3508 862 consensum

1932 911 1986 954 et
2017 901 2368 957 concordiam
2396 903 2638 967 redacto,
2665 909 2721 956 et
2749 900 3058 955 Christiana
3087 900 3353 954 charitate
3375 912 3509 953 eon-

1934 992 2171 1055 lirmnta,
2200 992 2332 1047 illud
2363 1008 2649 1061 usurpare,
2683 992 2829 1062 quod
2854 994 2923 1046 ab
2948 991 3213 1061 apostotis
3243 1000 3328 1045 est
3357 990 3510 1043 dam-

1933 1093 2123 1137 natum
2153 1125 2166 1148 ,
2220 1084 2581 1138 desinemus:
2627 1083 2741 1153 Ego
2784 1084 2991 1151 quidem
3035 1099 3153 1135 sum
3197 1081 3371 1144 Pauli,
3414 1097 3507 1152 ego

1933 1184 2109 1230 autem
2158 1176 2369 1245 Apollo,
2400 1192 2491 1246 ego
2526 1190 2645 1230 vero
2691 1175 2940 1245 Ceplne‘.
2995 1175 3101 1230 Sed
3145 1190 3268 1228 cum
3318 1188 3508 1229 omnes

1935 1283 2039 1323 nos
2080 1268 2285 1321 Christi
2335 1283 2455 1322 esse
2485 1270 2816 1331 constiterit,
2873 1269 2963 1338 qni
2997 1270 3051 1323 in
3089 1267 3249 1322 nobis
3302 1266 3509 1320 divisus

1934 1376 2044 1414 non
2073 1369 2178 1423 est,
2203 1361 2315 1413 Deo
2358 1360 2498 1415 bene
2523 1360 2771 1430 juvante,
2820 1360 3089 1429 integrum
3123 1369 3285 1427 atque
3313 1357 3511 1413 indivi-

1936 1468 2057 1507 sum
2081 1450 2340 1507 Ecclesia:
2363 1467 2565 1522 corpus
2593 1451 3065 1510 conservabimus,
3089 1459 3146 1503 et
3166 1449 3232 1504 ad
3268 1447 3508 1503 tribunal

1936 1544 2151 1599 Domini
2188 1560 2312 1598 cum
2346 1544 2542 1598 ﬁducia
2563 1553 2617 1598 et
2639 1543 2893 1598 libertate
2919 1543 3307 1597 consistemus.
3340 1560 3358 1592 ι
3383 1539 3511 1595 Haec

1938 1637 2015 1691 illi
2043 1647 2233 1691 contra
2274 1636 2465 1691 Arium
2497 1644 2552 1691 et
2598 1635 2814 1690 Aetium
2854 1644 2909 1689 et
2940 1635 3289 1700 Eunomium,
3346 1643 3509 1703 atque

255 1719 525 1773 adversus
582 1721 787 1776 rabiem
845 1735 901 1779 et
959 1724 1223 1779 insaniam
1280 1723 1526 1788 Sabellii,
1578 1723 1821 1790 Photini,
1862 1725 2125 1790 Marcelli,
2160 1727 2315 1781 Pauli
2386 1726 2753 1790 Samosateni,
2788 1736 2846 1780 et
2880 1726 3203 1790 Macedonii,
3272 1726 3509 1795 scripse-

254 1820 411 1865 runt.
462 1814 637 1879 Atque
692 1816 880 1871 itidem
914 1818 1247 1887 Apollinaris
1289 1832 1507 1887 quoque
1538 1833 1626 1871 res
1660 1817 2146 1888 novas'propalam
2214 1820 2637 1882 damnaverunt,
2663 1820 2935 1874 dicentes:
2997 1816 3509 1873 «Inhumanationis

252 1917 480 1972 quoque
510 1904 728 1960 Domini
778 1908 1043 1963 rationem
1094 1911 1321 1965 minime
1392 1926 1701 1980 perversam
1766 1910 2090 1978 retinemus,
2142 1927 2319 1982 neque
2385 1914 2472 1968 vel
2511 1913 2691 1967 anima
2735 1913 2821 1967 vel
2889 1920 3068 1968 mente
3103 1919 3375 1967 carentem
3417 1903 3510 1963 συί

254 1996 634 2067 imperfectam
667 2002 849 2056 carnis
891 2002 1351 2072 diapensationem
1392 2004 1697 2059 credentes.
1735 2022 1755 2055 ι

848 2138 1097 2193 ΚΕΦΑΛ.
1144 2137 1240 2194 IZ'.

308 2248 650 2322 Συνοδικόν
677 2250 961 2317 Δαμάσου
991 2253 1333 2308 ἐπισκόπου
1375 2253 1610 2322 Ῥώμης
1642 2253 1791 2306 κατὰ

448 2320 905 2387 Ἀεολλιναριόυ
942 2323 1041 2375 καί
1082 2322 1359 2392 Τιμοθέου
1407 2320 1653 2393 γραφέν.

328 2431 443 2483 Καὶ
467 2433 724 2500 Δάμασος
754 2434 812 2485 δὲ
836 2436 863 2487 6
886 2436 1136 2505 πανεύφη
1148 2454 1245 2504 μος
1272 2437 1474 2507 ταύτην
1500 2438 1687 2507 μαθὼν
1708 2440 1839 2491 άνα-

254 2525 488 2592 φυεῖσαν
519 2524 615 2595 τὴν
643 2526 877 2593 αἵρεσιν,
914 2528 1015 2580 οὐκ
1044 2528 1457 2598 Ἀπολλινάριον
1491 2529 1671 2597 μόνον,
1705 2530 1839 2583 ἁλλά

254 2617 353 2668 καὶ
374 2615 642 2686 Τιμόθεον
670 2617 763 2670 τὸν
787 2618 998 2671 ἐκείνου
1030 2636 1090 2687 γε
1130 2621 1390 2689 φοιτητὴν
1424 2619 1667 2673 καθελὼν
1701 2622 1840 2673 ἀπε-

257 2707 493 2777 κήρυξε.
527 2708 638 2759 Καὶ
667 2708 828 2761 τοῦτο
851 2712 962 2772 τοῖς
996 2710 1279 2779 τὴνἚῴαν
1312 2710 1581 2764 ίούνουσιν
1611 2714 1839 2766 ἐπισκό-

252 2817 383 2862 ποις
430 2801 519 2852 διά
550 2802 895 2870 γραμμάτων
935 2802 1269 2872 δεδήλωκεν·
1316 2803 1460 2873 άπερ
1500 2805 1729 2858 ἐνθεῖναι
1769 2808 1833 2875 τῇ

254 2895 553 2960 συγγραφῇ
580 2892 842 2961 νενόμικα
872 2893 1401 2963 χρήσιμον.”Εχουσι
1428 2896 1482 2948 δὲ
1513 2895 1606 2948 ἐπὶ
1644 2897 1838 2962 λέξεως

507 2981 665 3036 «Ὅτι
688 2986 753 3052 τῇ
786 2966 1112 3053 ἀποστολικῇ
1146 2985 1383 3057 καθέδρᾳ
1420 2986 1521 3056 τὴν
1552 2987 1837 3056 ὀφειλομέ-

250 3095 356 3147 νην
388 3077 521 3129 αίδῶ
543 3078 574 3146 ἡ
596 3076 786 3145 ἀγάπη
812 3077 968 3144 ὑμῶν
986 3078 1272 3146 ἀπονέμει,
1301 3078 1496 3147 ἑαυτῆς
1518 3080 1577 3131 τὸ
1591 3079 1839 3134 πλεῖστον

252 3169 593 3239 παρέχεσθε,
628 3170 732 3223 υἱοὶ
758 3170 1102 3238 τιμιώτατοι,
1134 3171 1227 3221 καὶ
1244 3170 1309 3223 τὰ
1336 3172 1573 3239 μάλιστα
1603 3175 1667 3242 τῇ
1706 3173 1839 3241 ἀγία

248 2983 314 3036 οὖ
325 3001 425 3046 τως
454 2998 469 3013 ⁶

251 3261 572 3331 Ἐκκλησία,
602 3262 661 3312 ὲν
754 3264 780 3314 6
803 3262 955 3329 ἅγιος
981 3261 1303 3324 ’Δπόστολος
1324 3264 1707 3331 καθεζόμενα,
1733 3266 1841 3318 ὲδί-

250 3353 383 3416 δαξε
438 3353 555 3413 πῶς
599 3355 869 3422 προσήκει⁹
914 3355 1060 3423 ἡμᾶς
1096 3354 1223 3417 τοὺς
1256 3358 1449 3419 οίακας
1500 3356 1702 3409 ίθύνειν
1744 3354 1836 3418 οὓς

251 3445 849 3513 ἀνεδεξάμεθα.”ομως
881 3445 1256 3515 ὁμολογοῦμεν
1286 3448 1517 3511 ἑαυτοὺς
1548 3448 1834 3510 ἐλάττονας
1860 3484 1906 3548 C

250 3534 401 3589 εἶναι
438 3536 537 3605 τῆς
568 3536 755 3605 τιμῆς.
802 3536 963 3589 ’Λλλά
985 3537 1070 3589 διὰ
1098 3536 1255 3591 τοῦτο
1279 3540 1375 3608 οἴῳ
1398 3540 1461 3609 δή
1496 3557 1624 3593 ποτε
1647 3540 1834 3609 τρόπῳ

253 3628 658 3697 σπουδάζομεν,
689 3630 870 3691 είπως
892 3629 1250 3700 δυνηθείημεν
1275 3632 1410 3701 πρὸς
1432 3633 1528 3701 τὴν
1553 3632 1712 3697 δόξαν
1740 3633 1837 3701 τῆς

255 3722 663 3791 μακαριότητος
685 3722 852 3790 αὐτῆς
876 3723 1296 3792 παραγενέσθαι.
1328 3723 1630 3777 Γινώσκετε
1658 3726 1835 3777 τοίνυν

250 3816 336 3867 ὅτι
369 3814 465 3865 τὸν
518 3811 687 3865 πάλαι
736 3812 1004 3881 Τιμόθεον
1033 3814 1124 3866 τὸν
1164 3814 1412 3883 βέϐηλον,
1446 3815 1535 3867 τὸν
1588 3816 1836 3884 μαθητὴν

249 3909 348 3961 τοῦ
402 3906 813 3977 Ἀπολλιναρίου
861 3909 956 3960 τοῦ
986 3908 1265 3977 αίρετικοῦ
1298 3913 1435 3979 μετὰ
1472 3909 1565 3961 τοῦ
1607 3908 1837 3970 ἀσεϐοῦς

252 3998 427 4053 αὑτοῦ
460 3998 728 4066 δόγματος
766 3999 1095 4068 καθείλομεν
1116 4014 1133 4029 ⁸
1174 4000 1269 4053 καὶ
1302 4000 1550 4069 οὐδαμῶς
1585 4002 1836 4053 πιστεύο-

260 4107 366 4158 μεν
397 4089 565 4143 αὐτοῦ
596 4093 663 4143 τὰ
691 4090 920 4159 λείψανα
948 4091 1092 4161 λόγῳ
1124 4092 1232 4144 τινὶ
1260 4091 1355 4144 τοῦ
1385 4090 1571 4144 λοιποῦ
1604 4092 1833 4161 ἰσχύειν,

256 4182 321 4234 ΕΞ
345 4180 392 4233 δ’
425 4180 505 4233 ἔτι
533 4181 740 4243 ἐκεῖνος
770 4184 799 4234 6
834 4181 955 4249 δφις
981 4182 1010 4236 6
1038 4183 1262 4246 παλαιὲς
1295 4184 1443 4248 ἅπαξ
1472 4186 1565 4237 καὶ
1587 4184 1838 4255 δεύτερον

250 4270 620 4340 καταδηχθεὶς
644 4271 778 4338 πρὸς
812 4271 949 4325 ίδίαν
982 4274 1254 4342 τιμωρίαν
1280 4274 1473 4344 ἀναζῇ,
1504 4275 1655 4337 ὅστις
1681 4275 1837 4339 ἐκτὸς

246 4362 352 4423 τῆς
395 4358 721 4427 Ἐκκλησίας
752 4360 1009 4428 ὑπάρχει,
1039 4360 1097 4424 δς
1130 4361 1335 4431 σφῆλαι
1366 4365 1475 4424 τοῖς
1498 4360 1696 4416 ἑαυτοῦ
1736 4364 1837 4416 θα-

248 4450 584 4519 νατηφόροις
624 4450 939 4519 φαρμάκοις
979 4451 1131 4514 τινάς
1172 4451 1434 4514 ἀπίστους
1470 4452 1837 4522 διαπειράζων

246 4542 309 4593 οὺ
342 4540 600 4604 παύεται,
649 4539 857 4610 ταύτην
891 4541 1081 4611 ὥσπερ
1113 4540 1317 4612 φθοράν
1365 4560 1484 4596 τινα
1528 4545 1833 4599 ἑκκλίνατε.

251 4634 447 4701 Ὅμως
472 4632 633 4700 ὑμεῖς
682 4633 1027 4703 μεμνημένοι
1054 4636 1153 4704 τῆς
1194 4635 1560 4704 ἀποστολικῆς
1601 4636 1835 4701 πίστεως

2504 2138 2729 2197 CAPUT
2778 2140 2941 2195 XVII.

1940 2254 2221 2325 Synodalis
2245 2254 2464 2323 epistola
2504 2254 2724 2325 Damasi
2766 2255 2990 2321 episcopi
3027 2251 3292 2317 Romani,
3324 2260 3507 2307 contra

2221 2325 2583 2395 Apollinarem
2616 2334 2663 2376 et
2687 2323 3007 2377 Timotheum
3039 2324 3257 2393 scripta.

2010 2438 2115 2493 Sed
2147 2438 2293 2493 enim
2330 2436 2616 2502 Damasus,
2664 2435 2748 2489 vir
2776 2435 3195 2502 celeberrimus,
3228 2435 3320 2490 ubi
3360 2436 3503 2489 hanc

1939 2545 2155 2599 quoque
2188 2530 2436 2584 haresim
2461 2538 2705 2581 exortam
2734 2543 2855 2582 esse
2895 2529 3168 2599 cognovit,
3206 2543 3312 2582 non
3344 2528 3510 2597 Apol-

1939 2622 2171 2675 linarem
2227 2620 2412 2682 modo,
2437 2620 2530 2673 sed
2564 2630 2618 2673 et
2648 2620 2997 2674 Timotheum
3031 2629 3356 2674 sectatorem
3389 2619 3507 2688 ejus

1939 2720 2352 2766 exauctoratum
2372 2712 2537 2765 semel
2554 2722 2717 2780 atque
2745 2712 2942 2763 iterum
2965 2710 3307 2780 proscripsit.
3330 2708 3508 2777 Atqno

1943 2804 1993 2857 id
2020 2804 2292 2873 episcopis
2315 2803 2687 2857 Orientalibus
2703 2819 2799 2873 per
2827 2803 3112 2871 epistolam
3145 2801 3503 2873 signiﬁcavit:

1940 2912 2101 2965 quam
2140 2906 2198 2949 ut
2231 2898 2473 2951 historiae
2508 2897 2880 2953 adnectercm.
2913 2910 2977 2948 ex
3014 2910 3111 2949 usu
3141 2909 3261 2948 esse
3295 2892 3506 2963 putavi.

1941 2987 2015 3040 Ea
2051 2987 2118 3040 de
2141 2988 2308 3040 verbo
2342 2987 2407 3039 ad
2436 2987 2659 3040 verbum
2692 2987 2769 3041 sic
2802 2986 2963 3039 habet
2992 3002 3005 3037 :
3053 3003 3070 3034 ι
3091 2984 3246 3052 Quod
3282 2994 3502 3054 aposto-

1940 3079 2060 3132 licae
2113 3077 2231 3132 sedi
2273 3076 2431 3147 255
2465 3078 2700 3132 charitas
2756 3090 2935 3132 vestra
2992 3077 3228 3132 debitam
3285 3076 3506 3132 exhibet

1940 3168 2366 3231 observantiam,
2402 3168 2557 3222 vobis
2602 3169 2733 3237 ipsis
2788 3170 3108 3238 plurimum,
3164 3176 3219 3223 et
3274 3170 3506 3222 maxime

1940 3262 2201 3317 Ecclesiae
2248 3269 2449 3314 sancta:
2478 3276 2543 3315 eo
2582 3263 2793 3314 honore
2824 3261 3085 3324 tribuitis,
3122 3261 3215 3314 lilii
3245 3275 3505 3315 reveren-

1940 3353 2179 3416 dissimi,
2207 3354 2259 3405 in
2277 3368 2382 3421 qua
2412 3353 2703 3407 considens
2731 3361 2953 3406 sanctus
2976 3353 3268 3421 Apostolus
3292 3352 3502 3416 docuit,

1940 3441 2215 3510 quomodo
2244 3456 2343 3496 nos
2376 3456 2497 3509 quae
2532 3442 2876 3508 suscepimus
2906 3441 3273 3510 gubernacula
3311 3456 3501 3510 regere

1940 3531 2251 3585 conveniat.
2288 3535 2362 3584 Ae
2388 3546 2488 3584 nos
2519 3532 2743 3600 quidem
2782 3532 2989 3601 judicio
3030 3542 3236 3597 nostro,
3296 3532 3505 3585 honore

1942 3620 2404 3679 tantoinleriores
2438 3635 2629 3675 sumus
2662 3638 2675 3673 :
2708 3637 2897 3674 verum
2934 3631 3110 3675 tamen
3133 3637 3195 3675 ea
3228 3621 3294 3675 de
3318 3608 3501 3686 causa,

1938 3728 2270 3784 quocunque
2306 3729 2596 3783 possumus
2630 3713 2814 3777 modo,
2836 3728 3055 3783 operam
3085 3713 3298 3776 damus,
3338 3714 3381 3767 si
3401 3714 3502 3767 ali-

1938 3824 2045 3877 qua
2077 3823 2144 3861 ex
2178 3818 2330 3877 parte
2360 3807 2425 3861 ad
2454 3806 2681 3875 gloriam
2707 3806 3067 3859 beatitudinis
3101 3807 3217 3876 ejus
3240 3805 3503 3859 accedere

1940 3901 2236 3970 possimus.
2290 3898 2499 3952 Scitote
2554 3899 2742 3967 igitur,
2810 3897 3162 3952 Timotheum
3209 3898 3317 3968 jam
3371 3899 3503 3951 olim

1941 3994 2222 4063 impurum
2260 4007 2324 4045 ac
2355 3990 2642 4059 profanum
2669 3990 3000 4059 Apollinaris
3053 3990 3297 4045 haretici
3334 3990 3497 4043 disci.

1940 4086 2151 4154 pulum,
2193 4097 2299 4136 una
2331 4096 2456 4134 cum
2487 4080 2654 4148 impio
2682 4079 2800 4145 ejus
2849 4078 3121 4146 dogmate,
3146 4093 3174 4130 a
3203 4076 3358 4129 nobis
3409 4091 3503 4128 ex-

1938 4181 2308 4236 auctoratum,
2342 4172 2771 4238 damnatumque
2811 4183 2951 4222 esse.
2984 4169 3051 4222 Et
3084 4167 3501 4235 haudquaquam

1939 4264 2240 4326 credimus,
2281 4260 2543 4329 reliquias
2577 4260 2695 4329 ejus
2725 4259 2936 4311 ratione
2954 4257 3132 4325 aliqua
3163 4258 3217 4310 in
3253 4257 3497 4309 futurum

1941 4355 2110 4409 robur
2145 4362 2492 4423 accepturas.
2520 4350 2614 4404 Sin
2650 4364 2783 4404 vero
2807 4365 3031 4418 serpens
3071 4350 3158 4402 ille
3218 4350 3497 4417 antiquus,

1938 4446 2031 4516 qui
2052 4454 2202 4499 extra
2222 4442 2522 4498 Ecclesiam
2553 4450 2657 4506 est,
2688 4441 2855 4495 semel
2886 4450 3049 4505 atque
3084 4442 3278 4494 iterum
3312 4441 3497 4493 morsu

1938 4543 2188 4599 enectus,
2222 4534 2287 4586 ad
2324 4549 2478 4586 suam
2514 4532 2688 4601 ipsius
2721 4547 2933 4601 pmnam
2996 4532 3301 4596 reviviscat,
3335 4542 3389 4585 et
3441 4542 3500 4584 ut

1938 4626 2222 4679 mortifero
2246 4638 2457 4677 veneno
2482 4637 2581 4676 suo
2600 4622 2847 4677 inﬁdeles
2877 4622 3141 4691 quosdam
3162 4621 3496 4691 pessumdet,

243 4728 478 4793 ταύτης,
515 4723 751 4794 μάλιστα
777 4726 898 4794 ἥτις
932 4728 990 4779 ἐν
1021 4726 1224 4797 Νικαίᾳ
1255 4728 1404 4799 παρά
1445 4727 1553 4783 τῶν
1579 4729 1835 4798 Πατέρων

1807 4745 1835 4781 ν
1942 4722 2151 4769 tentare
2173 4726 2283 4765 non
2311 4712 2547 4775 desinat,
2574 4725 2700 4764 eum
2733 4713 2958 4779 perinde
2984 4722 3147 4781 atque
3176 4721 3496 4781 przesentem

243 4816 541 4886 ἐγγράφως
583 4814 823 4885 ἐξετέθη,
853 4814 1057 4885 βεόαίῳ
1081 4816 1274 4888 βαθμῷ
1294 4819 1527 4890 ίσχυρῶς
1556 4822 1619 4889 τῇ
1653 4821 1831 4872 πίστει
1866 4812 1908 4867 D

1807 4837 1831 4872 ,ι
1866 4812 1908 4867 D
1940 4817 2145 4877 pestem
2195 4803 2489 4858 deelinate.
2542 4803 2610 4857 Et
2660 4804 2821 4856 simul
2877 4804 3139 4857 memoria
3197 4802 3496 4856 retinentes

243 4906 643 4975 ἀμετακίνητοι
687 4905 997 4983 διαμείνατε
1022 4922 1036 4937 '
1072 4911 1165 4961 καὶ
1204 4907 1278 4979 μὴ
1320 4908 1705 4978 ματαιολογίας
1737 4912 1832 4962 καὶ

1810 4912 1832 4962 ι
1936 4898 2095 4951 Iidem
2152 4894 2542 4962 Apostulieam,
2571 4909 2800 4963 eamque
2831 4895 2883 4947 in
2917 4895 3105 4963 primis
3156 4910 3277 4963 qua:
3307 4896 3495 4949 Nicaea:

244 4999 631 5068 ἡφανισμένας
654 4997 911 5067 ζητήσεις
936 4998 1239 5067 μετάτοῦτο
1261 5000 1589 5069 ὑπομείνητε
1614 5000 1830 5055 ἀκούειν

242 5091 372 5152 τοὺς
407 5089 705 5160 κληρικοτας
729 5090 757 5160 ἢ
788 5090 913 5153 τοὺς
941 5091 1161 5153 λαῖκοὺς
1204 5092 1523 5160 ὑμῶν.¹ἰιδη
1551 5093 1657 5162 γάρ
1684 5092 1828 5159 ἀπαξ

240 5184 418 5236 τύπον
446 5182 749 5251 ἐδώκαμεν,
786 5183 873 5236 τνα
904 5185 931 5236 ὁ
965 5182 1251 5252 γινώσκων
1276 5182 1468 5237 ἑαυτὸν
1501 5186 1827 5253 Χριστιανὸν

242 5278 424 5328 έκεῖνο
450 5274 709 5343 φυλάττοι
732 5275 868 5346 ὅπερ
890 5276 1043 5344 παρά
1066 5274 1172 5327 τῶν
1194 5277 1507 5329 ἀποστόλων
1528 5276 1823 5346 παρεδόθη,

239 5367 499 5433 λέγοντος
546 5364 640 5417 τοῦ
689 5366 845 5433 ἁγίου
881 5367 1111 5424 Παύλου.
1147 5368 1219 5421 ΕΖ
1252 5385 1339 5433 τις
1384 5368 1536 5437 ὑμᾶς
1580 5371 1823 5436 εὐαγγε-

236 5455 462 5515 ,ὶῖζεται
494 5457 628 5523 παρ’
656 5454 688 5508 ὃ
712 5457 1095 5525 παρελάϐετε,
1123 5458 1389 5526 ἀνάθεμα
1412 5460 1586 5513 ἔστω.
1628 5460 1686 5513 Ὀ
1716 5460 1823 5530 γὰρ

236 5546 481 5610 Χῖιττδς
512 5548 541 5599 6
571 5546 698 5608 Υἱὸς
738 5548 832 5600 τοῦ
869 5548 1003 5601 Θεοῦ
1038 5552 1065 5602 6
1120 5549 1322 5617 Κύριος
1356 5549 1525 5620 ἡμῶν,
1560 5550 1635 5621 τῷ
1680 5552 1823 5618 γένει

232 5640 349 5691 τῶν
410 5637 716 5707 ἀνθρώπων
746 5639 835 5692 Ct'z
886 5639 979 5721 σιρῦ
1034 5640 1164 5693 ίξίου
1201 5642 1402 5706 πάθους
1442 5643 1823 5711 πληρεστάτην

234 5730 495 5785 ἀπέδωκε
520 5731 619 5800 τὴν
652 5732 948 5802 σωτηρίαν,
986 5734 1069 5788 ἵνα
1094 5734 1213 5787 ὅλον
1240 5735 1331 5788 τὸν
1364 5735 1668 5806 ἄνθρωπον,
1703 5737 1823 5797 ταῖς

318 5855 331 5885 ¹
380 5848 556 5906 ιευτ.
588 5864 625 5914 ι,
673 5847 753 5902 12.

1934 5006 1963 5045 a
1996 4989 2250 5044 Patribus
2290 4988 2341 5041 in
2372 4987 2635 5055 scriptum
2669 4995 2754 5041 est
2805 4989 2997 5050 relata,
3061 4990 3113 5039 in
3171 4988 3276 5041 lide
3324 4990 3494 5056 gradu

1936 5087 2091 5138 lirmo
2149 5082 2459 5136 immobiles
2547 5080 2765 5133 lortiter
2858 5088 3022 5148 atque
3075 5091 3496 5148 perseveranter

1936 5176 2239 5232 consistite.
2272 5174 2340 5228 Et
2397 5172 2622 5241 posthac
2656 5170 2887 5225 clericos
2915 5179 3008 5223 aut
3054 5170 3222 5226 laicos
3264 5187 3493 5236 vestros,

1932 5283 2102 5323 vanas
2157 5266 2603 5334 disceptationes,
2674 5273 2732 5317 et
2784 5264 3075 5335 abrogatas
3135 5268 3492 5333 quaestiones,

1929 5359 2119 5413 audire
2177 5372 2282 5409 non
2341 5354 2612 5425 patimini.
2670 5352 2788 5407 Jam
2821 5356 2967 5408 enim
3014 5356 3181 5409 semel
3215 5366 3399 5424 typum
3438 5366 3494 5411 et

1931 5458 2159 5511 formam
2185 5454 2585 5523 proposuimus,
2607 5452 2990 5521 utqnicunque
3035 5467 3092 5506 se
3122 5451 3493 5509 Christianum

1929 5565 2054 5604 esse
2084 5545 2352 5617 agnoscit,
2387 5544 2518 5596 illud
2581 5558 2761 5597 servet
2796 5545 2942 5613 quod
2999 5544 3068 5599 ab
3117 5545 3380 5615 apostolis
3408 5555 3493 5600 est

1932 5642 2188 5695 traditum
2216 5658 2230 5695 :
2262 5647 2450 5693 sancto
2480 5635 2649 5691 Paulo
2687 5638 2947 5691 vidrlicet
2981 5638 3234 5693 dicente:
3283 5640 3345 5693 Si
3372 5641 3490 5707 quis

1931 5734 2067 5787 vobis
2107 5730 2539 5802 evangelizaverit
2622 5739 2814 5797 prwter
2870 5730 2925 5783 id
2974 5732 3109 5800 quod
3174 5731 3485 5801 accepistis,
