4278 6438
751 428 860 491 799

1975 407 2390 475 NICEPHORI
2423 400 2765 464 CALLISTI

3897 385 4002 454 800

755 541 1038 595 anathema
1070 537 1162 591 sit.
1206 534 1490 605 Siquidem
1515 529 1770 588 Christus
1789 527 1963 583 Filius
1989 525 2104 589 Dei,
2134 520 2317 577 Domi-
2348 526 2393 582 Α
2423 514 2444 567 ὁ

2310 550 2317 559 -
2348 526 2393 582 Α
2423 513 2721 580 ἁμαρτίαις
2752 508 3092 580 ἐνεχόμενον,
3119 507 3298 576 πάσης
3338 502 3610 575 ἁμαρτίας
3636 499 3999 570 ἐλευθερώσῃ.

755 645 859 685 nus
882 637 1090 694 noster,
1115 626 1402 682 hominum
1429 623 1615 696 generi
1641 637 1741 693 per
1790 618 2103 689 passionem
2161 625 2316 668 suam

754 724 1128 795 plenissimam
1153 721 1386 776 contulit
1409 719 1664 779 salutem,
1697 725 1759 768 ut
1788 712 2066 768 hominem
2099 707 2320 760 univer-

759 833 881 872 sum
923 816 1164 886 peccatis
1192 812 1486 867 obnoxium
1518 825 1548 865 a
1575 815 1804 878 peccato
1852 802 2003 859 omni
2032 801 2319 856 liberaret.

758 910 916 963 llunc
958 911 1000 964 si
1029 907 1164 977 quis
1188 907 1304 962 sive
1337 905 1389 958 in
1424 901 1786 962 humanitate,
1821 912 1917 952 seu
1944 896 1999 949 in
2031 889 2322 945 divinitate

757 1003 1027 1056 defectum
1061 999 1297 1067 aliquem
1327 995 1585 1050 habuisse
1614 994 1779 1053 dicat,
1813 985 2073 1044 diabolici
2127 985 2172 1037 is
2207 981 2320 1050 spi-

758 1098 898 1149 ritus
923 1087 1138 1164 plenus,
1170 1093 1434 1162 gehennze
1457 1105 1514 1143 se
1543 1089 1712 1142 lilium
1732 1098 1854 1140 esse
1892 1077 2155 1136 ostendit.
2182 1072 2322 1140 Quid

760 1186 927 1254 igitur
965 1185 1148 1238 denuo
1181 1199 1210 1236 a
1236 1198 1321 1236 me
1357 1178 1633 1234 Timethei
1685 1171 2199 1232 condemnationem
2231 1180 2326 1235 pe-

761 1278 913 1340 titis,
942 1278 1035 1346 qui
1071 1287 1125 1330 et
1153 1277 1242 1330 hic
1277 1274 1591 1342 apostolica:
1625 1269 1772 1325 sedis
1798 1265 2025 1338 judicio,
2061 1266 2328 1331 praesente

759 1366 924 1420 etiam
959 1364 1338 1419 Alexandrinae
1370 1362 1520 1417 urbis
1551 1360 1814 1430 episcopo
1846 1355 2006 1409 Petro
2036 1351 2329 1404 damnatus

761 1464 864 1517 est,
891 1469 998 1508 una
1029 1469 1151 1508 cum
1191 1453 1452 1522 magistro
1496 1464 1596 1504 suo
1627 1444 1964 1516 Apollinari?
1999 1441 2098 1506 Qui
2160 1440 2326 1493 etiam

765 1547 819 1599 in
849 1546 1044 1616 judicii
1073 1545 1162 1600 die
1218 1545 1435 1599 debitas
1463 1557 1652 1610 poenas
1687 1552 1740 1595 et
1789 1537 2066 1592 cruciatus
2095 1530 2332 1587 sustine-

763 1640 865 1693 bit.
926 1641 1021 1693 Sin
1080 1638 1318 1693 leviores
1347 1635 1617 1706 quosdam
1648 1631 1920 1693 homines,
1970 1628 2063 1682 ille
2100 1621 2329 1694 perinde

765 1741 930 1799 atque
949 1746 1100 1800 spem
1125 1731 1365 1799 aliquam
1392 1729 1622 1791 habens,
1648 1722 2005 1794 persuasione
2027 1733 2124 1772 sua
2151 1716 2329 1782 ducit,

766 1825 1088 1893 quicunque
1143 1837 1329 1877 veram
1367 1822 1422 1875 in
1470 1819 1751 1874 Christum
1793 1828 1944 1884 spem
1987 1808 2332 1881 professione

2419 604 2644 670 Τοῦτον,
2673 604 2725 656 εί
2759 619 2843 664 τις
2873 603 2991 672 ἦτοι
3019 596 3484 673 ἀνθρωπότητοςῆ
3513 595 3762 662 θεότητος
3782 593 4002 644 ἐλαττον

2421 697 2716 768 ἐσχηκέναι
2735 696 2900 759 εἴποι,
2926 694 3231 764 πνεύματος
3264 689 3516 744 διαϐόλου
3545 683 4000 753 πεπληρωμένος,

2420 792 2517 857 τῆς
2552 789 2773 858 γεέννης
2792 787 2904 839 υἱὸν
2930 787 3124 840 ἐαυτὸν
3151 783 3516 838 ἀποδείκνυσι.
3538 779 3603 830 Τί
3630 778 3810 830 τοίνυν
3839 777 4005 829 πάλιν

2425 881 2554 952 παρ’
2593 879 2725 951 ἐμοῦ
2760 880 2969 949 ζητεῖτε
3006 880 3104 948 τὴν
3144 876 3463 944 καθαίρεσιν
3494 871 3787 940 Τιμοθέου,
3821 868 3877 931 δς
3909 867 4006 920 καὶ

2423 973 2659 1028 ἐνταῦθα
2694 972 2871 1042 κρίσει
2901 973 2999 1041 τῆς
3025 969 3392 1036 ἀποστολικῆς
3417 963 3708 1032 καθέδρας,
3738 960 4006 1029 παρόντος

2426 1067 2522 1120 καὶ
2553 1066 2761 1134 Πέτρου
2790 1063 2882 1116 τοῦ
2915 1061 3214 1114 ἐπισκόπου
3238 1054 3746 1126 τῆςἈλεξανόρέων
3772 1051 4004 1113 πόλεως,

2425 1157 2705 1228 καθῃρέθη
2748 1156 2863 1225 ἃμα
2895 1155 2973 1224 τῷ
3013 1154 3317 1221 διδασκάλῳ
3351 1147 3515 1204 αὑτοῦ
3568 1144 4003 1212 Ἀπολξλῑναρέῳς

2433 1258 2528 1318 ’ος
2561 1254 2654 1307 καὶ
2684 1254 2742 1304 ἐν
2773 1251 2959 1322 ἡμέρᾳ
2986 1251 3082 1319 τῆς
3125 1249 3359 1318 κρίσεως
3399 1246 3494 1307 τὰς
3524 1241 3880 1310 ὀφειλομένας
3923 1254 4008 1288 τι-

2433 1346 2644 1417 μωρίας
2674 1347 2766 1398 καὶ
2800 1343 3065 1414 βασάνους
3098 1340 3377 1408 ὑπομενεῖ.
3417 1338 3477 1390 Et
3518 1336 3574 1388 δέ
3604 1351 3757 1395 τινας
3808 1346 4012 1397 κουφο-

2428 1439 2622 1508 τέρους
2668 1438 2844 1490 πείθει
2878 1439 3086 1499 ἐκεῖνος
3128 1434 3205 1496 ὥς
3238 1450 3359 1486 τινα
3405 1429 3594 1483 ἐλπίδα
3646 1427 3808 1494 έχων,
3862 1423 4013 1483 ὅστις

2427 1533 2526 1599 τὴν
2559 1530 2731 1601 άληθῆ
2763 1529 2955 1582 ἐλπίδα
2980 1528 3076 1598 τὴν
3108 1527 3190 1589 είς
3221 1523 3455 1595 Χριστὸν
3484 1522 3549 1590 τῇ
3583 1515 3847 1586 ὁμολογίᾳ
3881 1527 4016 1578 μετ-

2430 1623 2614 1686 έὸαλε,
2643 1623 2779 1690 μετὰ
2806 1622 2998 1674 τούτου
3028 1618 3230 1688 ὁμοίως
3256 1615 3564 1675 ἀπολεῖται,
3591 1610 3667 1679 τῷ
3702 1607 3888 1658 κανόνι
3913 1601 4016 1670 τῆς

2443 1714 2772 1784 Ἐκκλησίας
2825 1711 3241 1771 άντιπαλαίσας.
3292 1707 3351 1758 '0
3386 1705 3517 1764 Θεὸς
3554 1703 3696 1771 ὑμᾶς
3743 1693 4018 1765 ὑγιαῖνον·

2435 1826 2532 1871 τας
2563 1809 2935 1876 διαφυλάττοι,
2977 1807 3081 1860 uici.
3107 1802 3455 1872 τιμιώτατοι.
3502 1815 3519 1848 ι

767 1891 1102 1985 Apollinaris
1146 1916 1399 1978 mutavit,
1431 1914 1594 1984 256
1626 1911 1819 1967 itidem
1877 1919 1939 1963 ut
2010 1907 2103 1962 ille
2142 1905 2366 1971 peribit,
2406 1903 2664 1960 Ecclesia:
2692 1904 2889 1960 canoni
2915 1904 3216 1959 reluctans.
3264 1901 3410 1954 Deus
3432 1908 3531 1948 vos
3593 1891 3688 1946 lilii
3757 1897 4020 1942 reveren-

764 2012 1000 2075 dissimi,
1022 2019 1303 2065 conservet
1337 2007 1658 2062 incolumes.
1675 2021 1694 2054 ι

1327 2114 1555 2171 CAPUT
1613 2112 1801 2169 XVIII.

766 2211 922 2268 Aliud
943 2210 1196 2281 synodalia
1210 2209 1443 2278 ejusdem
1463 2207 1708 2281 edictum.
1725 2212 1906 2257 contra
1925 2203 2099 2255 varias
2117 2201 2335 2253 hereses

1386 2279 1749 2346 compositum.

837 2396 1131 2451 Enimvero
1157 2392 1406 2461 quaedam
1427 2392 1590 2445 etiam
1615 2390 1741 2449 alia.
1768 2388 1860 2456 qui
1886 2387 1939 2440 in
1974 2399 2169 2453 magna
2200 2379 2337 2435 urbe

778 2489 951 2544 Roma
998 2484 1308 2556 congregati
1366 2493 1541 2546 erant,
1595 2482 1857 2536 adversus
1897 2478 2075 2533 varias
2103 2476 2308 2529 h:erese

769 2579 1061 2648 scripsere.
1113 2577 1187 2630 Ea
1222 2575 1533 2630 necessario
1588 2575 1739 2642 Operi
1792 2583 1983 2626 nostro
2037 2565 2328 2622 inferenda

770 2685 891 2726 esse
922 2668 1073 2722 duxi.
1128 2667 1194 2722 Et
1243 2668 1478 2737 primum
1517 2664 1845 2720 universalis
1884 2661 2006 2716 ﬁdei
2047 2658 2339 2730 professio-

770 2777 896 2815 nem
965 2761 1240 2814 Damasus
1291 2772 1427 2829 papa
1478 2757 1543 2810 ad
1599 2756 1885 2808 Paulinum
1919 2755 1972 2806 in
2022 2750 2338 2806 Macedonia

771 2855 1112 2922 epis00pum,
1132 2851 1225 2920 qui
1250 2854 1414 2906 etiam
1430 2849 1831 2904 Thessalonicae
1854 2848 2051 2908 fuerat,
2072 2845 2221 2898 misit
2237 2845 2334 2912 (l).

772 2948 950 3015 Atque
997 2947 1139 2998 inter
1172 2943 1274 2998 alia
1339 2943 1428 2997 ille
1485 2942 1599 2995 haec
1629 2954 1848 3010 quoque
1904 2944 2335 2990 commemorat:

781 3033 1263 3104 «Quandoquidem
1293 3042 1413 3106 post
1433 3032 1724 3087 concilium
1746 3031 2194 3085 Nicaenumerror
2233 3029 2337 3082 iste

774 3127 1019 3191 emersit,
1080 3136 1138 3179 ut
1167 3117 1388 3195 quidam
1447 3124 1664 3190 impuro
1730 3137 1828 3175 ore
1875 3122 2063 3175 dicere
2117 3120 2336 3185 audeat,

778 3217 1042 3288 Spiritum
1088 3227 1336 3271 sanctum
1368 3231 1466 3280 per
1513 3214 1709 3268 Filium
1781 3227 1933 3266 esse:
1989 3213 2338 3266 anathemate

777 3325 871 3362 eos
897 3309 1143 3370 ferimus,
1175 3307 1268 3376 qui
1306 3321 1410 3360 non
1438 3320 1563 3359 eum
1590 3305 1844 3358 libertate
1875 3304 2048 3366 omni,
2082 3319 2188 3356 una
2209 3317 2334 3355 cum

779 3402 938 3455 Patre
981 3413 1035 3453 et
1067 3399 1204 3452 Filio
1246 3399 1406 3452 unius
1437 3404 1492 3450 et
1531 3394 1776 3463 ejusdem
1804 3395 2125 3448 substantia:
2154 3403 2210 3447 et
2240 3407 2336 3460 po-

2373 2105 2421 2165 B

3027 2100 3274 2155 ΚΕΦΑΛ.
3332 2097 3432 2151 1Β’.

2447 2195 2689 2261 Ἕτερον
2718 2192 3050 2248 συνοδικόν
3092 2191 3197 2243 τοῦ
3227 2189 3436 2261 αὐτοῦ,
3468 2183 3832 2255 σχεδιασθέν
3871 2182 4024 2238 κατὰ

2900 2262 3202 2329 διαφόρων
3253 2260 3560 2325 αιρέσεων.

2517 2379 2627 2430 Καὶ
2655 2377 2787 2429 ἄλλα
2820 2377 2876 2429 δέ
2910 2394 3030 2429 τινα
3081 2373 3562 2443 συναθροισθέντες
3601 2372 3658 2423 ἐν
3707 2371 3769 2438 τῇ
3808 2366 4025 2437 μεγάλῃ

2455 2470 2641 2542 Ῥώμῃ
2695 2472 3006 2539 γεγράφασι
3056 2486 3196 2522 κατα
3239 2467 3512 2536 διαφόρων
3544 2465 3831 2532 αἱρέσεων,
3881 2461 4028 2528 άπερ

2444 2564 2739 2631 ἀναγκαῖον
2768 2563 2954 2632 ᾠήθην
2990 2563 3218 2614 ἐντεῖναι
3246 2562 3311 2628 τῇ
3347 2559 3634 2626 συγγραφῇ
3653 2573 3664 2586 ·
3683 2554 3775 2606 καὶ
3807 2552 4027 2622 πρῶτον

2444 2655 2544 2721 τὴν
2570 2654 2858 2723 ὁμολογίαν
2888 2655 2987 2722 τῆς
3014 2652 3312 2720 καθολικῆς
3346 2652 3602 2712 πίστεως,
3635 2648 3700 2717 ἢν
3733 2649 3760 2699 ό
3793 2652 4028 2705 πάππας

2445 2743 2695 2813 Δάμασος
2736 2745 2870 2814 πρὶς
2899 2742 2989 2795 τὸν
3039 2742 3339 2794 ἐπίσκοπον
3384 2740 3648 2791 Παυλῖνον
3683 2739 3738 2789 ἐν
3781 2733 4030 2787 Μακεδο’

2446 2836 2534 2907 νίᾳ
2581 2836 2919 2900 ἀπέστειλεν,
2951 2835 3008 2896 ὃς
3037 2835 3096 2886 ἐν
3146 2831 3519 2898 Θεσσαλονίκῃ
3552 2829 3802 2896 ἐγένετο·
3846 2829 3906 2877 ἐν
3945 2819 4030 2886 οἷς

2445 2933 2536 2981 καὶ
2564 2929 2685 2982 τάδε
2726 2928 3137 2995 διαγορεύουσιν
3163 2943 3177 2956 ο
3213 2943 3231 2976 t
3268 2923 3491 2993 Ἐπειδὴ
3526 2921 3662 2990 μετὰ
3698 2921 3794 2988 τὴν
3827 2921 3884 2971 ὲν
3918 2917 4028 2969 Νι-

2447 3020 2576 3088 καία
2608 3017 2824 3070 σύνοδον
2852 3016 2988 3086 αὕτη
3022 3017 3054 3085 ἡ
3089 3017 3264 3085 πλάνη
3305 3013 3573 3081 ἀνέκυψεν
3601 3054 3615 3078 ,
3653 3011 3793 3064 ὥστε
3824 3010 4034 3077 τολμᾷν

2445 3127 2568 3163 τινα
2600 3110 2810 3179 βεϐήλῳ
2846 3113 3071 3178 στόματι
3100 3110 3273 3160 εἰπεῖν
3306 3108 3364 3158 τὸ
3397 3107 3619 3174 Πνεῦμα
3663 3103 3722 3154 τὸ
3754 3103 3910 3167 ἆγιον
3941 3117 4037 3165 γε·

2447 3203 2706 3272 γενῆσθαι
2736 3203 2821 3255 δια
2848 3203 2937 3254 τοῦ
2961 3201 3112 3264 Υίοῦ,
3146 3197 3620 3268 άναθεματίζομεν
3638 3197 3762 3257 τοὺς
3789 3195 3864 3262 μὴ
3893 3192 4037 3272 μετά

2449 3298 2628 3363 πάσης
2683 3294 2992 3363 ἐλευθερίας
3037 3292 3407 3362 κηρύττοντας
3461 3290 3557 3341 σὺν
3597 3287 3673 3357 τῷ
3723 3288 3897 3354 Πατρὶ
3941 3265 4038 3336 καὶ

2449 3388 2563 3457 Υίῷ
2598 3387 2695 3456 τῆς
2729 3387 2857 3456 μιᾶς
2887 3387 2979 3438 καὶ
3008 3387 3106 3452 τῆς
3135 3385 3300 3450 αὐτῆς
3335 3384 3520 3444 οὐσίας
3570 3398 3627 3433 τε
3659 3381 3755 3430 καὶ
3787 3377 4042 3442 ἐξουσίας

783 3491 995 3545 testatis
1017 3491 1278 3545 exsistere
1305 3488 1569 3558 Spiritum
1588 3496 1837 3541 sanctum
1861 3485 2177 3554 praedicant.
2204 3485 2348 3537 Ana-
2372 3451 2414 3512 C
2452 3483 2472 3533 ί

2372 3451 2414 3512 C
2452 3451 2807 3549 ὑπάρχειν-τὸ
2837 3480 2988 3546 ἆγιον
3019 3451 3515 3544 Πνεῦμαίομοίως
3541 3473 3596 3525 δὲ
3629 3468 4040 3539 ἁναθεματίζοο

783 3586 1010 3640 themati
1047 3585 1233 3638 itidem
1267 3583 1590 3652 subjicimus
1618 3580 1841 3634 Sabellii
1869 3579 2078 3633 erroris
2115 3587 2347 3633 sectato-

784 3693 894 3741 res,
915 3677 1007 3746 qui
1037 3676 1255 3730 Patrem
1281 3683 1334 3727 et
1357 3673 1553 3726 Filium
1581 3670 1836 3724 eumdem
1869 3685 1988 3724 esse
2019 3669 2171 3723 dicit.
2205 3670 2347 3723 Ana-

786 3777 1023 3825 themate
1081 3767 1393 3839 jugulainus
1459 3764 1648 3818 Arium
1727 3773 1782 3817 et
1842 3763 2195 3826 Eunomium,
2259 3761 2348 3830 qui

787 3864 1001 3918 tametsi
1054 3862 1290 3915 diversis
1357 3859 1560 3924 verbis,
1619 3859 1736 3926 pari
1811 3865 1988 3910 tamen
2055 3855 2351 3922 impietate,

787 3956 983 4010 Filium
1001 3965 1056 4010 et
1084 3955 1342 4024 Spiritum
1363 3960 1610 4006 sanctum
1629 3963 1796 4002 unum
1821 3961 1943 4001 esse
1978 3945 2350 4000 confirmavit.

789 4049 923 4102 Item
955 4046 1392 4109 Macedonianos,
1420 4041 1512 4111 qui
1549 4057 1613 4096 ea
1636 4041 1746 4093 Arii
1784 4039 1969 4092 radice
2003 4051 2356 4092 succrescen-

792 4150 893 4202 tcs,
926 4152 1034 4190 non
1077 4137 1439 4205 impietatem,
1477 4132 1570 4187 sed
1613 4145 1919 4200 cognomen
1965 4137 2176 4197 tantum
2237 4143 2356 4181 mu-

793 4240 996 4284 tarunt.
1084 4228 1216 4281 ltem
1280 4225 1595 4285 Photinum,
1660 4222 1753 4291 qui
1809 4221 2031 4276 Ebiouis
2112 4221 2358 4275 haeresim

794 4335 1081 4381 renovans,
1112 4319 1399 4371 Dominum
1457 4327 1701 4369 nostrum
1730 4314 1914 4369 Jesum
1960 4312 2238 4367 Christum
2295 4328 2361 4367 ex

793 4413 959 4466 Maria
1002 4421 1208 4465 tantum
1239 4408 1542 4477 proﬁtetur.
1585 4407 1718 4461 Item
1780 4420 1875 4461 eos
1907 4406 1997 4474 qui
2051 4405 2191 4458 duos
2243 4420 2362 4459 esse

795 4504 967 4557 Filios
998 4501 1291 4563 allirmant,
1323 4500 1548 4552 alterum
1579 4508 1704 4550 ante
1735 4497 1953 4560 sarcula,
1986 4498 2214 4550 alterum
2244 4505 2366 4565 post

794 4607 1015 4645 carnem
1065 4606 1130 4644 ex
1198 4600 1459 4658 perpetua
1533 4589 1743 4656 virgine
1791 4587 1958 4640 Maria
2007 4597 2362 4655 assumptant.

794 4683 1157 4737 Anathemate
1244 4690 1504 4749 praeterea
1558 4689 1857 4731 maetamus
1915 4678 2059 4742 illos,
2116 4681 2208 4746 qui
2270 4677 2364 4730 Dei

2453 3589 2553 3641 μεν
2598 3571 2690 3624 καὶ
2746 3572 2870 3630 τοὺς
2920 3571 2984 3638 τῇ
3026 3567 3315 3621 Σαϐελλίου
3349 3563 3778 3625 ἀκολουθοῦντας
3815 3561 3995 3628 πλάνῃ
4027 3578 4041 3600 ο

2450 3664 2542 3717 τὸν
2574 3664 2736 3716 αὑτὸν
2762 3663 3018 3729 λέγοντας
3049 3663 3142 3714 καὶ
3177 3660 3396 3726 Πατέρα
3429 3661 3522 3709 καὶ
3557 3653 4044 3718 Υίόν.Ἀναθεμα⁹

2452 3755 2676 3823 τίζομεν
2725 3757 2944 3824 Ἀρειον
2968 3751 3062 3806 καὶ
3091 3753 3374 3820 Εὐνόμιον,
3395 3748 3444 3800 οἳ
3479 3749 3544 3817 τῇ
3599 3747 3692 3816 ίσῃ
3722 3743 4042 3810 δυσσεϐεία,

2455 3850 2503 3900 εξ
2535 3850 2626 3900 καὶ
2675 3849 2789 3908 τοῖς
2840 3847 3046 3915 ῥήμασι
3096 3843 3465 3910 διαφέρονται,
3521 3838 3614 3892 τὸν
3660 3836 3788 3890 Υίὺν
3837 3839 3931 3887 καὶ
3981 3833 4043 3885 τὸ

2458 3942 2613 4004 Ξτγιον
2664 3938 2888 4006 Πνεῦμα
2917 3937 2974 3990 ἐν
3007 3932 3144 3989 εἶναι
3188 3934 3638 4004 διισχυρίζονται.
3682 3926 4044 3996 Ἀναθεματί-

2461 4033 2624 4101 ζομεν
2668 4032 2795 4094 τοὺς
2840 4028 3300 4092 Μακεδονιανους,
3341 4027 3537 4088 οἵτινες
3578 4025 3641 4076 ἐκ
3677 4022 3776 4090 τῆς
3828 4021 4044 4088 Ἀρείου

2465 4125 2621 4195 ῥίζης
2670 4124 3063 4192 καταγόμενοι,
3116 4121 3239 4189 οὐχὶ
3283 4119 3381 4187 τὴν
3436 4116 3711 4178 ἀσέϐειαν,
3765 4113 3900 4165 ἀλλὰ
3944 4113 4048 4178 τὴν

2464 4217 2836 4287 προσηγορίαν
2866 4214 3185 4285 ἐνήλλαξαν.
3232 4207 3730 4278 Ἀναθεματίζομεν
3756 4203 4050 4268 Φωτεινὸν,

2463 4309 2518 4370 ὃς
2547 4311 2646 4378 τὴν
2670 4309 2764 4360 τοῦ
2806 4308 3056 4368 Ἐϐίωνος
3086 4305 3299 4375 αἵρεσιν
3324 4301 3707 4363 ἀνακαινίζων,
3729 4296 3820 4349 τὸν
3843 4298 4052 4364 Κύριον

2464 4402 2622 4471 ἡμῶν
2671 4401 2876 4469 Ἰησοῦν
2911 4398 3142 4469 Χριστὸν
3175 4398 3334 4467 μόνον
3375 4397 3438 4448 ἐκ
3469 4393 3565 4460 τῆς
3601 4391 3820 4459 Μαρίας
3859 4388 4054 4456 ὁμολοὶ

2469 4498 2574 4563 γεῖ.
2622 4495 3121 4563 ’Ᾱναθεματίζομεν
3162 4491 3254 4542 καὶ
3291 4490 3414 4548 τοὺς
3454 4487 3548 4539 δύο
3584 4486 3745 4546 Υίοὺς
3779 4481 3918 4536 εἶναι
3949 4484 4053 4535 διι-

2470 4587 2890 4656 σχυριζομένους
2913 4601 2925 4614 ο
2950 4586 3044 4637 ἕνα
3077 4582 3184 4650 πρὸ
3214 4581 3320 4633 τῶν
3337 4579 3575 4656 ,αίώνων,
3611 4579 3703 4630 καὶ
3735 4577 3894 4630 ἄλλον
3915 4576 4054 4644 μετὰ

2469 4682 2566 4749 τὴν
2601 4681 2699 4748 τῆς
2729 4678 2928 4747 σαρκὸς
2967 4678 3027 4728 ἐκ
3058 4680 3152 4743 τῆς
3185 4661 3546 4743 άειπαρθὲνου
3596 4670 3818 4738 Μαρίας
3851 4670 4057 4737 ἀνάλη-

794 4773 1036 4828 Vcrbum
1071 4787 1167 4840 pro
1192 4769 1441 4823 rationali
1483 4769 1660 4822 anima
1693 4769 1744 4820 in
1774 4783 1940 4821 carne
1967 4771 2204 4820 humana
2233 4783 2360 4820 ver-
2397 4782 2436 4836 ι)
2469 4791 2483 4824 ι

2397 4782 2436 4836 D
2469 4773 2581 4841 ψιν.
2629 4769 3127 4838 ’Δναθεματίζομεν
3161 4767 3469 4829 κάκείνους,
3499 4766 3697 4826 οἵτινες
3732 4765 3854 4816 ἀντὶ
3905 4764 4055 4831 λογι-

795 4873 971 4918 satum
1012 4878 1131 4917 esse
1179 4862 1538 4915 contendunt.
1607 4861 1719 4914 Hoc
1752 4861 1930 4928 ipsum
1974 4874 2213 4928 namque
2263 4859 2359 4913 Dei

802 4958 1065 5020 Verbum,
1098 4971 1206 5008 non
1247 4970 1346 5021 pro
1383 4953 1633 5006 rationali
1663 4962 1718 5005 et
1775 4952 2130 5006 intellectuali
2181 4952 2363 5006 anima

797 5054 852 5102 in
883 5065 980 5103 suo
1013 5049 1184 5118 ipsius
1228 5062 1457 5115 corpore
1496 5045 1627 5098 fuit:
1666 5044 1760 5098 sed
1824 5053 2088 5107 nostram,
2137 5043 2240 5097 hoc
2286 5053 2368 5097 est

801 5143 1122 5197 rationalem
1150 5153 1204 5196 et
1229 5139 1656 5194 intellectualem
1695 5139 1812 5192 sine
1868 5149 2092 5206 peccato
2126 5137 2364 5191 animam

802 5235 1041 5302 suscepit
1064 5243 1117 5286 et
1153 5233 1411 5286 servavit.
1445 5231 1563 5284 Non
1584 5230 1765 5284 minus
1795 5230 2146 5283 anathemate
2178 5245 2366 5298 perse-

803 5328 1024 5397 quimur
1053 5341 1145 5378 eos
1174 5323 1266 5393 qui
1296 5324 1505 5385 dicunt,
1530 5322 1768 5376 Verbum
1801 5323 1896 5375 Dei
1930 5338 1958 5374 a
1985 5323 2142 5375 Patre
2179 5332 2370 5375 exten-

805 5421 961 5472 sione
986 5430 1039 5471 et
1061 5416 1438 5472 contractione
1457 5427 1801 5484 segregatum
1836 5430 1977 5477 esse,
1998 5428 2051 5469 ct
2068 5417 2371 5471 subsistere

807 5511 864 5566 id
897 5527 1000 5564 non
1028 5525 1188 5580 posse
1218 5527 1231 5574 ;
1266 5517 1360 5561 aut
1390 5507 1481 5576 qui
1521 5505 1680 5561 linem
1745 5507 1798 5561 id
1852 5523 2009 5561 suum
2055 5507 2372 5560 habiturum

809 5621 928 5659 esse
959 5603 1366 5672 blasphemaut.
1429 5600 1535 5653 Eos
1584 5614 1748 5667 porro
1790 5600 1883 5668 qui
1917 5616 1979 5652 ex
2037 5599 2285 5654 ccclesiis
2317 5599 2375 5652 in

812 5699 946 5754 alias
979 5704 1264 5751 transeunt
1291 5693 1592 5748 eet-.lesias:
1657 5691 1815 5762 257
1848 5693 2108 5763 tantisper
2165 5693 2376 5746 alienos

2468 4864 2571 4930 κῆς
2618 4861 2794 4931 ψυχῆς
2852 4858 3296 4929 διισχυρίζονται,
3349 4858 3428 4909 ὅτι
3478 4858 3505 4908 ό
3556 4855 3646 4907 τοῦ
3687 4853 3822 4906 Θεοῦ
3885 4856 4058 4922 Λόγος

2470 4954 2714 5023 ἐστράφη
2744 4955 2800 5004 ἐν
2842 4955 2906 5021 τῇ
2941 4951 3259 5020 ἀνθρωπίνη
3300 4948 3483 5019 σαρκί.
3513 4947 3684 5009 Αὐτὸς
3707 4947 3814 5016 γάρ
3843 4942 4002 5006 οἶτος
4031 4948 4058 4997 ὁ

2469 5046 2563 5100 τοῦ
2589 5047 2722 5098 Θεοῦ
2751 5046 2920 5113 Λόγος
2949 5045 3069 5112 οὐχὶ
3098 5044 3217 5096 ἀντὶ
3245 5042 3340 5111 τῆς
3365 5041 3592 5109 λογικῆς
3625 5041 3715 5095 καὶ
3747 5040 4058 5109 νοερὶςψν·

2471 5144 2571 5212 χῆς
2605 5144 2659 5193 ἐν
2689 5140 2765 5209 τῷ
2796 5137 2987 5191 ἑαυτοῦ
3022 5136 3231 5205 σώματι
3258 5137 3481 5204 γέγονεν
3504 5151 3516 5164 ’
3551 5134 3688 5186 ἀλλὰ
3726 5133 3824 5200 τὴν
3853 5131 4058 5200 ἡμετέο

2477 5251 2594 5303 ραν,
2632 5234 2880 5284 τουτέστι
2901 5230 3122 5296 λογικὴν
3147 5230 3239 5280 καὶ
3274 5227 3484 5297 γοερὰν,
3505 5227 3633 5278 ἄνευ
3657 5225 3751 5293 τῆς
3783 5225 4060 5293 ἁμαρτίας

2476 5325 2651 5395 ψυχὴν
2704 5323 2932 5376 ἀνέλαϐε
2982 5323 3074 5374 καὶ
3117 5321 3344 5375 ἔσωσεν.
3402 5317 3909 5386 Ἀναθεματίζομεν
3969 5319 4063 5368 καὶ

2478 5419 2602 5478 τοὺς
2639 5417 2896 5480 λέγοντας
2921 5415 3012 5466 τὸν
3044 5415 3213 5481 Λόγον
3240 5411 3332 5464 τοῦ
3359 5410 3494 5462 Θεοῦ
3525 5412 3588 5478 τῇ
3615 5409 3837 5461 ἐκτάσει
3872 5409 3968 5460 καὶ
3999 5409 4064 5477 τῇ

2481 5509 2712 5579 συστολῇ
2766 5508 2872 5560 ἀπὸ
2900 5505 2992 5559 τοῦ
3011 5507 3221 5576 Πατρὸς
3244 5502 3603 5573 κεχωρίσθαι,
3637 5501 3729 5552 καὶ
3757 5500 4067 5552 ἀνυπόστα-

2479 5615 2570 5650 τον
2595 5599 2754 5649 αὑτὸν
2782 5592 2945 5661 εἶναι,
2976 5595 3006 5665 ἢ
3040 5595 3254 5664 μέλλειν
3279 5594 3538 5662 τελευτᾷν
3576 5589 4064 5662 βλασφημοῦντας.

2480 5691 2617 5753 Τοὺς
2669 5688 2724 5740 δὲ
2756 5688 2860 5740 ἀπὸ
2891 5687 3196 5756 ἐκκλησιῶν
3229 5687 3308 5750 είς
3355 5686 3547 5753 ἐτέρας
3598 5682 3908 5754 ἐκκλησίας
3942 5699 4068 5752 μετ-

887 5884 959 5951 (ι)
991 5884 1044 5938 lu
1087 5898 1149 5939 eo
1182 5881 1321 5938 forte
1355 5889 1646 5946 conventu,
1691 5881 1752 5935 de
1799 5894 1907 5947 quo
1933 5891 2095 5945 Supra
2132 5891 2250 5945 Cap.
2292 5875 2371 5930 lO.
2416 5875 2519 5931 Sed
2551 5875 2594 5929 is
2652 5882 2955 5929 conventus
2981 5865 3451 5935 Constantinopoli
3480 5873 3656 5919 artus.
