4278 6438
211 400 316 464 801

1143 391 1747 454 ΕΕΕΕΕΞΙΑΞΤΙΩᾸΒ
1794 388 2186 450 HISTORLE
2225 388 2375 447 LIB.
2419 384 2557 445 XII.

3380 375 3490 449 802

211 512 470 570 ελθόντας
496 509 626 579 ἄχρι
651 505 911 560 τοσούτου
943 505 1052 559 ἀπὸ
1090 506 1189 574 τῆς
1211 507 1488 575 ἡμετέρας
1517 505 1804 567 κοινωνίας
1836 509 1877 563 Α

1799 521 1804 560 π
1836 509 1877 563 Α
1906 518 1935 556 a
1953 501 2344 557 communione
2370 507 2556 553 nostra
2579 511 2696 552 esse
2710 495 2986 557 ducimus,
3012 493 3142 549 dum
3161 493 3226 549 ad
3246 495 3488 551 easdem.

211 605 532 675 ἀλλοτρίους
574 603 791 671 ἔχομεν,
819 600 980 670 ἄχρις
1001 592 1062 650 οῦ
1091 600 1224 668 πρὸς
1254 599 1424 660 αὒτάς
1455 596 1794 651 ὲπανὲλθωσι

209 701 312 761 τάς
361 698 569 759 πόλεις,
620 697 678 748 ὲν
714 690 802 758 αἷς
852 693 1069 764 πρῶτον
1115 692 1619 762 ἐχειροτονήθησαν.
1672 690 1796 742 Ἐὰν

210 791 265 844 δέ
309 807 421 854 τις,
455 790 618 842 ἄλλου
649 789 759 842 ἀπὸ
803 788 970 840 τόπου
998 789 1080 848 είς
1122 787 1289 838 τόπον
1336 784 1704 853 μετελθόντος,
1740 785 1797 835 ὲν

210 885 364 952 τόπῳ
393 885 487 936 τοῦ
519 884 719 947 ζῶντος
763 880 1168 951 ἐχειροτονήθη,
1207 879 1336 948 ἄχρι
1378 877 1635 930 τοσούτου
1675 894 1798 946 σχο-

209 978 368 1029 λάσει
417 977 524 1029 ἀπὸ
553 974 648 1027 τοῦ
682 971 1074 1044 ἀρχιερατικοῦ
1106 970 1416 1039 ἀξιώματος
1467 972 1495 1022 ό
1530 969 1625 1040 τὴν
1664 969 1799 1023 ίδίαν

209 1072 369 1122 πόλιν
409 1068 771 1135 καταλείψας,
824 1067 982 1134 ἄχρις
1028 1059 1090 1119 οὗ
1127 1067 1155 1118 ὁ
1196 1063 1581 1131 διαδεξάμενος
1640 1063 1801 1114 αὑτὸν

209 1161 605 1229 ἁναπαὺσηται
639 1162 696 1212 ὲν
729 1159 938 1227 Κυρίῳ.
979 1157 1042 1209 Εἴ
1071 1174 1153 1219 τις
1196 1157 1269 1224 μὴ
1306 1155 1434 1224 sint,
1466 1154 1556 1208 ἀεὶ
1584 1157 1672 1206 τὸν
1695 1155 1802 1205 Πα-

207 1249 346 1316 τέρα
390 1249 483 1300 καὶ
512 1247 601 1299 ἀεὶ
648 1246 737 1297 τὸν
776 1245 899 1296 Υίὸν
935 1246 1028 1298 καὶ
1059 1244 1149 1296 ἀεὶ
1189 1243 1248 1295 τὸ
1288 1241 1513 1312 Πνεῦμα
1557 1241 1616 1294 τὸ
1646 1241 1802 1309 ἅγιον

208 1331 380 1400 εἶναι,
414 1335 665 1403 ἀνάθεμα
715 1334 876 1388 ἔστω.
911 1335 974 1386 Εἴ
1005 1352 1088 1395 τις
1127 1331 1201 1402 μὴ
1227 1334 1353 1405 εἴπῃ
1377 1331 1631 1401 ἀληθινὸν
1671 1331 1803 1384 Θεὸν

208 1426 305 1476 τὸν
347 1424 472 1475 Υίὸν
508 1422 603 1474 τοῦ
635 1423 796 1484 Θεοῦ,
830 1423 906 1483 ὼς
946 1421 1201 1491 ἀληθινὸν
1233 1422 1326 1474 τὸν
1361 1421 1580 1489 Πατέρα
1610 1419 1802 1483 αὑτοῦ,

207 1520 305 1570 καὶ
339 1519 518 1570 πάντα
549 1514 835 1575 δύνασθαι,
869 1515 960 1566 καὶ
995 1513 1174 1566 πάντα
1207 1513 1428 1577 ειδέναι,
1454 1514 1548 1566 καὶ
1579 1511 1658 1581 τῷ
1694 1513 1806 1566 Πα-

204 1611 302 1677 τρὶ
340 1610 475 1674 ἴσον,
531 1609 780 1675 ἀνάθεμα
815 1606 978 1660 ἔστω.
1015 1603 1081 1660 Εἴ
1111 1623 1200 1668 τις
1243 1607 1370 1675 εἴπῃ
1426 1606 1506 1658 ὅτι
1537 1606 1596 1657 ιν
1642 1608 1808 1675 σαρκὶ

206 1701 419 1766 διάγων
449 1703 476 1752 ὁ
501 1699 626 1760 Υίὸς
654 1698 748 1750 τοῦ
777 1698 909 1750 Θεοῦ
942 1699 1030 1750 ὅτε
1061 1693 1130 1766 ἦν
1169 1700 1226 1748 ἐν
1257 1701 1320 1767 τῇ
1358 1701 1450 1764 γῇ,
1485 1699 1542 1749 ἐν
1572 1699 1684 1760 τοῖς
1712 1699 1806 1750 οὺ-

209 1793 402 1859 ρανοῖς
448 1789 543 1842 καὶ
575 1790 673 1842 σὺν
700 1788 776 1857 τῷ
806 1790 981 1858 Πατρὶ
1011 1790 1110 1841 οὐκ
1147 1784 1231 1860 ἦν,
1271 1789 1519 1857 ἀνάθεμα
1554 1789 1712 1844 ἔστω.
1745 1791 1810 1852 Et

1903 596 1958 648 in
1986 593 2190 662 quibus
2220 591 2456 662 primum
2479 588 2716 644 ordinati
2740 597 2889 651 sunt,
2920 587 3087 641 urbes
3113 595 3489 642 revertantur.

1903 686 1958 739 Si
1978 687 2100 754 quis
2117 700 2268 749 vero,
2287 685 2415 749 alio,
2435 698 2501 736 ex
2521 697 2632 736 uno
2657 680 2778 735 loco
2802 677 3048 744 injalium
3071 687 3418 742 transeunte,
3439 680 3492 733 in

1921 780 2068 834 illius
2086 778 2265 832 adhuc
2288 775 2519 831 viventis
2546 773 2721 827 locum
2741 773 2812 826 sit
2839 788 2930 840 per
2951 771 3352 825 ordinationem
3370 786 3496 826 sui--

1907 883 2150 940 rogatus,
2169 869 2374 923 tamdiu
2399 867 2485 921 ille
2510 867 2604 935 qui
2628 865 2818 918 urbem
2839 878 2992 916 suam
3015 863 3258 931 reliquit,
3275 864 3494 930 episco-

1905 963 2010 1032 pali
2030 963 2290 1030 dignitate
2309 961 2536 1023 carebit,
2551 958 2725 1011 donec
2744 970 3029 1010 successor
3055 955 3172 1024 ejus
3188 955 3239 1006 in
3262 954 3493 1008 Domino

1918 1055 2295 1110 obdormierit.
2318 1053 2373 1106 Si
2393 1052 2514 1120 quis
2535 1066 2640 1104 non
2661 1061 2925 1118 perpetuo
2958 1047 3176 1101 Patrem
3210 1053 3264 1100 et
3293 1062 3491 1116 perpe-

1909 1161 2003 1205 tuo
2057 1149 2279 1214 Filium,
2339 1155 2395 1202 et
2459 1155 2723 1217 perpetuo
2786 1144 3051 1214 Spiritum
3084 1150 3335 1198 sanctum
3369 1157 3490 1196 esse

1907 1247 2074 1307 dicat,
2131 1244 2418 1298 anathema
2458 1242 2552 1293 sit.
2584 1239 2642 1292 Si
2669 1236 2793 1307 quis
2835 1251 2942 1289 non
2979 1235 3147 1299 dicat,
3169 1233 3364 1288 Filium
3396 1248 3490 1303 ge-

1911 1339 2168 1393 nitumex
2207 1336 2386 1398 Patre,
2414 1333 2519 1386 hoc
2553 1339 2653 1391 est,
2679 1345 2745 1384 ex
2780 1328 3091 1382 substantia
3117 1327 3238 1395 ejus
3281 1325 3489 1385 divina.

1912 1430 2202 1483 anathema
2232 1428 2323 1481 sit.
2351 1425 2408 1480 Si
2447 1424 2573 1492 quis
2598 1437 2709 1475 non
2747 1420 2917 1483 dicat,
2960 1433 3148 1473 verum
3168 1419 3338 1472 Deum
3373 1432 3493 1472 esse

1909 1519 2254 1591 lDeiFilium,
2306 1516 2385 1570 sic
2416 1515 2494 1569 uti
2530 1526 2722 1567 verum
2772 1511 2944 1564 Deum
2991 1509 3207 1562 Patrem
3239 1508 3383 1575 ejus,
3436 1515 3493 1559 et

1914 1610 2068 1664 illum
2097 1609 2277 1662 omnia
2315 1623 2492 1677 posse,
2529 1613 2584 1660 et
2613 1603 2798 1658 omnia
2831 1617 3014 1666 nosse,
3053 1601 3313 1670 Patrique
3341 1599 3492 1653 simi-

1915 1701 2020 1754 lem
2051 1714 2192 1762 esse,
2218 1702 2562 1752 anathemata
2621 1698 2712 1748 sit.
2755 1694 2810 1748 Si
2869 1693 2995 1761 quis
3039 1691 3207 1756 dicat,
3266 1703 3390 1745 cum
3438 1689 3491 1741 in

1918 1808 2084 1846 carne
2119 1793 2322 1861 degens
2350 1790 2522 1844 Filius
2575 1786 2668 1840 Dei
2705 1786 2758 1839 in
2797 1786 2957 1841 terris
3001 1784 3124 1848 fuit,
3156 1783 3411 1838 eumdem
3439 1783 3490 1835 in

209 1900 300 1944 τις
349 1883 481 1952 εἴπῃ
503 1884 586 1934 ὅτι
633 1884 690 1932 ὲν
719 1881 798 1950 τῷ
833 1881 997 1933 πάθει
1027 1880 1123 1932 τοῦ
1175 1880 1414 1951 σταυροῦ
1469 1881 1566 1950 τὴν
1619 1881 1813 1951 ὀδύνην
1849 1871 1888 1924 Β

1800 1904 1813 1931 ν
1849 1871 1888 1924 Β
1919 1885 2073 1940 caelis
2095 1895 2149 1938 et
2188 1899 2310 1938 cum
2341 1882 2500 1938 Patre
2559 1897 2666 1934 non
2721 1879 2907 1943 fuisse,
2967 1878 3261 1932 anathema
3295 1876 3386 1931 sit.
3437 1875 3489 1930 Si

210 1977 512 2043 ὑπέμεινεν
545 1978 572 2028 ὁ
608 1975 737 2037 Υἱὸς
765 1973 859 2026 τοῦ
895 1973 1027 2025 Θεοῦ
1063 1975 1156 2026 καὶ
1189 1973 1320 2036 Θεὸς
1348 1974 1542 2040 Λόγος,
1571 1975 1668 2027 καὶ
1692 1975 1813 2043 οὐχὶ

210 2069 246 2136 ἡ
287 2067 424 2133 σάρξ
458 2066 556 2118 σὺν
591 2068 656 2134 τῇ
685 2065 829 2135 ψυχῇ
858 2067 1030 2135 ἥνπερ
1065 2066 1372 2127 ἐνεδύσατο,
1411 2066 1443 2134 ἢ
1474 2065 1656 2135 μορφὴ
1689 2066 1814 2118 δού-

207 2159 302 2210 λου
327 2159 507 2226 ἥνπερ
536 2157 716 2226 ἐαυτῷ
738 2154 1022 2220 ἀνέλαϐεν,
1052 2154 1126 2216 ὡς
1140 2157 1363 2224 εἴρηκεν
1390 2156 1420 2223 ἡ
1443 2156 1569 2218 ἁγία
1597 2157 1809 2226 Γραφὴ,

209 2252 469 2318 ἀνάθεμα
503 2249 668 2301 ἔστω.
705 2251 765 2300 Εἴ
794 2265 878 2310 τις
917 2247 989 2318 μὴ
1019 2249 1149 2318 εἴπῃ
1178 2249 1271 2299 τὸν
1299 2246 1433 2299 Θεοῦ
1467 2249 1639 2312 Λόγον
1707 2266 1813 2299 πα-

209 2338 384 2392 θόντα
419 2339 584 2408 σαρκὶ
628 2337 724 2389 καὶ
764 2336 1184 2406 ἐσταυρωμένον
1235 2340 1420 2407 σαρκὶ,
1462 2337 1811 2390 καὶθανάτου

207 2433 562 2501 γευσάμενον
597 2432 783 2499 σαρκί,
819 2431 1083 2498 γεγονότα
1117 2448 1175 2483 τε
1212 2433 1559 2501 πρωτότοκον
1607 2433 1669 2483 ἐκ
1702 2432 1810 2483 τῶν

209 2525 429 2593 νεκρῶν
466 2522 602 2575 καθὸ
628 2523 742 2592 ζωή
783 2524 899 2574 ἐστι
929 2526 1022 2574 καὶ
1050 2524 1340 2587 ζωοποιὸς,
1383 2524 1456 2586 ὼς
1489 2525 1642 2587 Θεὸς,
1684 2525 1811 2576 ἀνά-

211 2614 364 2682 θεμα
399 2612 564 2665 ἔστω.
604 2611 669 2664 Εἴ
695 2629 779 2673 τις
817 2612 890 2679 μὴ
936 2613 1064 2680 εἴπῃ
1093 2613 1174 2663 ὅτι
1210 2613 1267 2664 ὲν
1294 2615 1356 2682 τῇ
1391 2615 1556 2682 σαρκὶ
1589 2614 1653 2681 ἣν
1683 2615 1808 2667 ἀνέ-

209 2707 374 2771 λαϐε,
405 2705 696 2769 καθέζεται
727 2701 786 2757 έν
813 2705 963 2770 δεξιᾷ
987 2705 1082 2756 τοῦ
1112 2705 1343 2774 Πατρὸς,
1378 2707 1435 2757 ὲν
1532 2709 1633 2760 ’καὶ
1662 2706 1812 2759 ἐλεύ-

211 2821 375 2856 σεται
411 2804 594 2868 κρίναι
631 2799 840 2862 ζῶντας
871 2801 964 2852 καὶ
990 2799 1239 2866 νεκροὺς,
1279 2798 1530 2866 ἀνάθεμα
1556 2799 1717 2852 ἔστω.
1748 2801 1814 2854 Εἴ

209 2914 301 2958 τις
336 2895 412 2966 μὴ
448 2893 578 2964 εἴπῃ
619 2893 680 2945 τὸ
745 2889 974 2960 Πνεῦμα
1003 2893 1057 2943 τὸ
1085 2889 1242 2957 ἅγιον
1265 2892 1326 2941 ἐκ
1354 2889 1446 2942 τοῦ
1481 2892 1694 2961 Πατρὸς
1725 2887 1808 2944 εἵ-

210 3006 304 3040 ναι
332 2986 550 3054 ἀληθῶς
580 2985 678 3036 καὶ
698 2983 926 3049 κυρίως,
958 2993 1032 3043 ως
1061 2981 1157 3034 καὶ
1188 2981 1277 3032 τὸν
1302 2981 1429 3033 Υίὸν
1452 2985 1514 3034 ἐκ
1539 2986 1634 3051 τῆς
1658 2982 1810 3045 θείας

208 3077 407 3139 οὐσίας
438 3078 534 3129 καὶ
565 3075 700 3128 Θεὸν
749 3073 885 3125 Θεοῦ
926 3073 1120 3138 Λόγον,
1157 3071 1407 3140 ἀνάθεμα
1435 3073 1594 3125 ἕστω.
1622 3073 1692 3126 Εἴ
1725 3091 1808 3135 τις

212 3172 293 3241 μὴ
335 3169 469 3238 εἴπῃ
513 3169 693 3220 πάντα
734 3167 994 3219 δύνασθαι
1020 3165 1079 3216 τὸ
1115 3163 1338 3232 Πνεῦμα
1390 3164 1449 3216 τὸ
1498 3166 1672 3233 ἆγιον,
1719 3169 1811 3218 καὶ
1840 3203 1882 3258 c

209 3266 401 3317 πάντα
447 3261 666 3324 ειδέναι,
698 3260 796 3311 καὶ
825 3257 1104 3326 πανταχοῦ
1145 3260 1426 3325 παρεῖναι,
1469 3257 1546 3320 ὡς
1589 3261 1681 3310 καὶ
1720 3260 1810 3310 τὸν

207 3358 348 3411 Υίὸν
377 3356 474 3408 καὶ
504 3357 597 3407 τὸν
631 3353 874 3423 Πατέρα,
908 3351 1165 3420 ἀνάθεμα
1191 3353 1352 3406 ἔστω.
1376 3352 1439 3404 Εἴ
1463 3368 1546 3416 τις
1579 3355 1720 3406 εἴποι
1750 3354 1811 3406 τὸ

211 3452 450 3519 Πνεῦμα
473 3451 532 3503 τὸ
561 3450 718 3518 ἇγιον
737 3449 973 3517 ποίημα,
1005 3447 1037 3517 ἢ
1064 3447 1152 3498 διὰ
1174 3446 1267 3500 τοῦ
1295 3446 1424 3500 Υίοῦ
1457 3447 1806 3516 γεγενῆσθαι,

209 3547 472 3613 ἀνάθεμα
502 3545 662 3598 ἔστω.
699 3543 763 3595 Εί
796 3558 890 3603 τις
942 3541 1017 3610 μὴ
1051 3540 1182 3610 εἴπῃ
1219 3540 1394 3593 πάντα
1422 3541 1511 3594 διὰ
1543 3539 1636 3593 τοῦ
1671 3541 1808 3593 Υἱοῦ

210 3639 314 3692 καὶ
345 3637 444 3690 τοῦ
477 3637 634 3704 ἁγίου
678 3634 1000 3703 Πνεῦματος
1030 3633 1121 3686 τὸν
1167 3634 1388 3703 Πατέρα
1425 3634 1806 3700 πεποιηκέναι,

207 3731 474 3784 τουτέστι
505 3730 574 3780 τά
607 3729 780 3796 ὁρατά
815 3727 909 3779 καὶ
934 3728 1000 3780 τά
1022 3726 1253 3794 ἀόρατα,
1285 3725 1532 3795 ἀνάθεμα
1558 3726 1717 3780 ἔστω.
1750 3727 1816 3778 Ei

208 3843 302 3887 τις
330 3823 408 3893 μὴ
439 3823 573 3892 εἴπῃ
603 3819 698 3876 τοῦ
738 3819 948 3888 Πατρὸς
981 3817 1074 3870 καὶ
1110 3815 1205 3869 τοῦ
1249 3817 1379 3870 Υίοῦ
1408 3819 1502 3870 καί⁵
1523 3818 1612 3871 τοῦ
1651 3819 1809 3886 ἁγίου

209 3916 536 3984 Πνεύμντος
573 3915 705 3982 μίαν
739 3911 970 3980 θεότητα
997 3949 1013 3974 ,
1043 3909 1312 3975 ἔξουσίαν,
1343 3910 1619 3981 θειότητα,
1652 3911 1811 3965 δυνα-

209 4011 426 4073 στείαν,
460 4007 592 4076 μίαν
622 4007 805 4069 δόξαν,
834 4007 1154 4075 κυριότητα,
1181 4006 1311 4072 μίαν
1348 4004 1647 4072 βασιλείαν,
1680 4006 1808 4073 μίαν

207 4103 461 4171 θέλησιν,
499 4100 594 4153 καὶ
645 4097 930 4168 ἀλήθειαν,
981 4095 1234 4163 ἀνάθεμα
1269 4093 1426 4148 ἔστω.
1482 4094 1655 4157 Είτις
1682 4096 1810 4164 τρία

206 4193 492 4262 πρόσωπα
529 4190 603 4261 μὴ
635 4190 766 4261 εἴπῃ
801 4187 1032 4258 ἀληθινά
1059 4188 1152 4239 τοῦ
1185 4188 1397 4258 Πατρὸς
1428 4187 1522 4239 καὶ
1552 4186 1646 4239 τοῦ
1678 4187 1810 4240 Υίοῦ

206 4288 310 4340 καὶ
344 4284 442 4337 τοῦ
480 4282 645 4350 ἁγίου
681 4281 1022 4349 Πνεύματος,
1055 4280 1169 4343 ἴσα,
1201 4277 1288 4330 ἀεὶ
1322 4279 1520 4342 ζῶντα,
1544 4279 1610 4332 τὰ
1633 4280 1809 4334 πάντα

205 4379 520 4444 κατέχοντα
555 4374 621 4425 τὰ
655 4373 827 4442 ὁρατά
855 4371 1032 4424 καὶτὰ
1061 4371 1291 4438 ἀόρατα,
1321 4373 1496 4424 πάντα
1513 4372 1808 4441 δυνάμενα,

205 4469 399 4518 πάντα
425 4463 703 4533 κρίνοντα,
721 4463 898 4514 πάντα
929 4459 1324 4522 ζωοποιοῦντα,
1353 4462 1530 4513 πάντα
1550 4463 1811 4530 δημιουρ-

1918 1977 2042 2045 quis
2068 1976 2234 2041 dicat,
2263 1976 2315 2028 in
2340 1970 2592 2044 passione
2625 1972 2806 2026 crucis
2844 1971 3040 2027 Filium
3089 1971 3185 2025 Dei
3238 1979 3292 2024 et
3322 1969 3490 2023 Deum

1921 2068 2185 2132 Verbum,
2220 2067 2529 2130 divinitate,
2553 2077 2608 2118 et
2639 2080 2746 2118 non
2780 2079 2944 2118 carne
2977 2080 3080 2117 una
3121 2078 3244 2118 cum
3284 2062 3488 2124 anima,

1917 2177 2080 2230 quam
2108 2161 2161 2214 in
2195 2159 2336 2214 servi
2366 2159 2469 2212 sibi
2491 2167 2768 2226 assumpta
2808 2158 3005 2218 forma,
3043 2166 3099 2209 ut
3129 2165 3314 2208 sancta
3345 2153 3494 2208 Scri-

1919 2263 2078 2323 ptura
2115 2253 2273 2315 dixit,
2306 2251 2502 2312 induit,
2525 2249 2771 2304 dolorem
2835 2247 3145 2317 pertulisse,
3201 2245 3492 2298 anathema

1917 2346 2007 2398 sit.
2041 2343 2098 2397 Si
2133 2344 2258 2412 quis
2290 2358 2398 2394 non
2423 2341 2567 2393 dicat
2600 2340 2693 2392 Dei
2729 2339 2963 2392 Verbum
2988 2351 3150 2390 carne
3183 2344 3496 2404 passum,et

1916 2452 2084 2490 carne
2114 2434 2468 2496 cruciﬁxum,
2499 2445 2555 2488 et
2587 2449 2752 2486 carne
2788 2444 3020 2485 mortem
3069 2440 3334 2498 gustasse,
3379 2442 3494 2496 pri-

1917 2525 2254 2594 mogenitum
2292 2524 2491 2576 factum
2511 2538 2576 2576 ex
2617 2524 2873 2588 mortuis,
2906 2537 3005 2589 pro
3065 2535 3132 2573 eo
3171 2528 3335 2586 atque
3385 2519 3493 2572 vita

1915 2628 1997 2672 est
2031 2628 2084 2672 et
2131 2615 2434 2679 viviﬁcaris,
2492 2616 2695 2684 quippe
2728 2616 2894 2676 Deus,
2961 2617 3257 2668 anathema
3289 2615 3380 2666 sit.
3435 2614 3490 2665 Si

1914 2711 2038 2778 quis
2073 2724 2176 2762 non
2215 2709 2382 2770 dicat,
2421 2724 2545 2760 eum
2582 2709 2632 2760 in
2668 2722 2833 2761 carne
2863 2721 3027 2775 quam
3062 2705 3380 2772 assumpsit,
3423 2705 3492 2756 ad

1915 2802 2162 2855 dextram
2194 2802 2374 2854 Patris
2402 2801 2618 2865 sedere,
2654 2800 2707 2853 in
2739 2815 2845 2868 qua
2880 2801 3044 2853 etiam
3079 2798 3330 2853 adveniet
3359 2798 3499 2862 iudi-

1913 2904 2140 2948 caturus
2165 2892 2314 2944 vivos
2335 2901 2391 2945 et
2418 2901 2686 2955 mortuos,
2711 2891 2999 2945 anathema
3033 2891 3126 2944 sit.
3153 2891 3207 2945 Si
3235 2892 3360 2960 quis
3386 2906 3495 2944 non

1915 2988 2085 3051 dicat,
2135 2986 2396 3055 Spiritum
2428 2995 2674 3039 sanctum
2704 3001 2832 3039 vere
2862 2995 2917 3038 et
2952 2985 3174 3054 proprie
3236 3001 3300 3038 ex
3339 2985 3499 3040 Patre

1915 3093 2058 3141 esse,
2095 3077 2558 3147 quemadmodum
2590 3086 2644 3131 et
2673 3076 2895 3142 Filium,
2927 3077 3292 3145 eumdemque
3326 3077 3497 3131 Deum

1920 3171 2016 3224 Dei
2051 3171 2319 3234 Verbum,
2363 3188 2428 3225 ex
2472 3171 2657 3224 divina
2702 3171 3034 3236 substantia,
3066 3173 3357 3226 anathema
3403 3173 3498 3228 sit.

1922 3264 1979 3317 Si
2011 3264 2136 3332 quis
2164 3264 2335 3327 dicat,
2370 3263 2636 3334 Spiritum
2670 3274 2922 3319 sanctum
2956 3280 3067 3318 non
3099 3266 3330 3332 perinde
3381 3280 3502 3319 om-

1920 3354 2008 3407 nia
2043 3369 2229 3424 posse,
2261 3356 2446 3410 omnia
2477 3356 2642 3420 scire,
2677 3367 2733 3410 et
2765 3355 2968 3425 ubique
2993 3366 3262 3410 terrarum
3286 3358 3498 3421 adesse,

1922 3453 1983 3497 ut
2011 3445 2226 3500 Patrem
2261 3457 2317 3500 et
2346 3446 2566 3510 Filium,
2596 3447 2886 3501 anathema
2919 3448 3008 3502 sit.
3049 3447 3104 3501 Si
3173 3447 3298 3516 quis
3331 3448 3498 3512 dicat,

1922 3536 2184 3607 Spiritum
2204 3549 2451 3592 sanctum
2482 3549 2814 3605 creaturam,
2847 3548 3052 3608 autper
3075 3539 3269 3593 Filium
3299 3540 3502 3616 factum

1921 3644 2066 3694 esse,
2094 3631 2385 3685 anathema
2420 3632 2512 3685 sit.
2555 3631 2610 3685 Si
2641 3633 2766 3700 quis
2796 3646 2906 3686 non
2943 3631 3114 3697 dicat,
3153 3632 3366 3686 Patrem
3399 3648 3499 3702 per

1922 3722 2124 3776 Filium
2176 3734 2365 3792 postea
2413 3724 2757 3778 incarnatum
2815 3734 2872 3779 et
2928 3725 3193 3794 Spiritum
3247 3735 3499 3781 sanctum

1918 3829 2136 3870 creasse
2156 3817 2362 3879 omnia,
2387 3818 2624 3872 visibilia
2650 3817 2924 3884 videlicet,
2951 3829 3007 3873 et
3031 3819 3351 3879 invisibilia.
3374 3837 3505 3876 ana-

1922 3907 2101 3959 thema
2121 3906 2212 3960 sit.
2237 3906 2290 3961 Si
2307 3907 2432 3976 quis
2451 3924 2560 3962 non
2585 3908 2754 3974 dicat,
2777 3910 2955 3964 Patris
2970 3921 3022 3964 et
3046 3911 3162 3964 Filii
3183 3921 3238 3966 et
3263 3913 3502 3981 Spiritus

1918 3996 2092 4050 sancti
2131 4012 2294 4050 unam
2320 3999 2598 4059 deitatem.
2635 4009 2983 4068 potestatem,
3015 4003 3378 4069 divinitatem,
3403 4020 3501 4073 po-

1921 4088 2164 4156 tentiam,
2205 4105 2368 4143 unam
2399 4093 2653 4161 gloriam,
2686 4110 2849 4148 uuam
2883 4097 3293 4165 proprietatem,
3329 4113 3498 4151 unum

1920 4195 2172 4250 regnum,
2203 4199 2366 4237 unam
2408 4186 2745 4240 voluntatem
2771 4197 2825 4241 et
2867 4189 3177 4252 veritatem,
3208 4191 3502 4248 anathema

1919 4277 2010 4328 sit.
2033 4273 2087 4327 Si
2112 4275 2234 4344 quis
2254 4292 2360 4329 non
2386 4277 2553 4338 dicat,
2581 4288 2690 4332 tres
2713 4294 2836 4333 esse
2863 4296 3019 4334 veras
3043 4296 3304 4349 personas
3325 4281 3502 4339 Patris

1918 4365 2110 4419 etFilii
2143 4376 2198 4420 et
2221 4366 2459 4436 Spiritus
2486 4369 2683 4432 sancti,
2703 4371 2963 4438 aequales,
2983 4388 3200 4441 semper
3230 4375 3497 4444 viventes,

1918 4459 2099 4513 omnia
2131 4471 2186 4514 et
2212 4461 2452 4515 visibilia
2485 4473 2538 4516 et
2563 4463 2861 4516 invisibilia
2912 4467 3281 4528 continentes,
3315 4470 3498 4523 omnia

204 4558 444 4627 γοῦντα,
476 4557 655 4608 πάντα
706 4552 971 4616 σώζοντα,
1022 4552 1269 4619 ἀνάθεμα
1314 4551 1474 4604 ἔστω.
1513 4551 1581 4606 Εί
1613 4569 1694 4614 τις
1734 4554 1807 4623 μὴ
1847 4565 1886 4617 υ

1847 4565 1886 4617 υ
1918 4558 2195 4617 potentes,
2253 4553 2435 4605 omnia
2507 4553 2843 4622 judicantes,
2897 4558 3080 4611 omnia
3133 4560 3499 4627 viviﬁcantes,

205 4652 347 4718 εἴπῃ
389 4647 771 4716 προσκυνητδν
806 4645 866 4696 τδ
908 4643 1135 4712 Πνεῦμα
1167 4644 1226 4696 τδ
1259 4644 1417 4711 ἅγιον
1449 4645 1600 4714 παρὰ
1635 4646 1813 4712 πάσης

203 4744 315 4808 τῆς
346 4741 605 4801 κτίσεως,
635 4738 711 4800 ὡς
745 4737 839 4789 καὶ
870 4737 961 4789 τὸν
1001 4735 1119 4789 Υίὸν
1157 4735 1249 4788 καὶ
1277 4735 1369 4786 τὸν
1404 4738 1646 4805 Πατέρα,
1680 4739 1811 4790 ἀνά-

205 4838 358 4903 θεμα
390 4833 552 4885 ἔστω,
583 4830 650 4884 Εἴ
674 4848 758 4892 τις
788 4831 919 4898 περὶ.
950 4828 1043 4881 τοῦ
1065 4827 1280 4897 Πατρὸς
1303 4828 1401 4880 καὶ
1422 4828 1518 4881 τοῦ
1557 4829 1687 4880 Υίοῦ
1715 4846 1814 4882 κα-

203 4928 322 4986 λσῖις
351 4925 624 4993 φρονήσῃ,
669 4922 798 4990 περὶ
825 4922 881 4973 δὲ
912 4919 1006 4972 τοῦ
1038 4919 1196 4988 ἁγίου
1238 4919 1558 4988 Πνεῦματος
1594 4919 1693 4971 οὐκ
1724 4920 1814 4988 ὀρ-

204 5017 322 5079 θῶς
357 5016 473 5084 ἔχει
495 5053 510 5076 ,
549 5013 829 5083 αίρετικός
865 5015 981 5064 ἐστι
1005 5029 1019 5043 ⁸
1051 5012 1135 5063 ὅτι
1186 5012 1388 5074 πάντες
1439 5012 1489 5064 oi
1522 5012 1810 5081 αἱρετικοὶ,

205 5111 344 5178 περὶ
372 5108 468 5161 τοῦ
497 5107 631 5160 Υίοῦ
667 5106 762 5158 τοῦ
780 5104 915 5157 Θεοῦ
949 5104 1042 5156 καὶ
1071 5102 1204 5174 περὶ
1230 5101 1325 5156 τοῦ
1360 5104 1518 5170 ἁγίου
1557 5103 1814 5172 Πνεῦμα-

201 5219 299 5264 τος
332 5200 518 5262 κακῶς
556 5196 907 5268 φρονοῦντες,
940 5196 997 5247 ὲν
1031 5196 1096 5264 τῇ
1148 5193 1257 5246 τῶν
1297 5193 1562 5246 Ἰουδαίων
1612 5195 1704 5247 καὶ
1743 5198 1811 5265 τῇ

201 5297 319 5348 τῶν
355 5291 587 5345 ὲθνικῶν
645 5290 878 5359 ἀπιστίᾳ.
914 5288 1208 5356 τυγχάνειν
1247 5286 1605 5357 ἐλέγχονται..
1638 5287 1704 5340 Εἴ
1728 5305 1810 5350 τις

201 5388 262 5438 δὲ
298 5385 506 5455 μερίσῃ
549 5380 802 5448 θεότητα,
827 5380 963 5430 Θεὸν
995 5378 1086 5429 τὸν
1121 5377 1340 5446 Πατέρα
1370 5377 1545 5444 λέγων
1577 5379 1682 5431 ἀνά
1718 5381 1812 5448 μέ·

209 5495 329 5549 ρος,
376 5476 471 5528 καὶ
522 5472 658 5526 Θεὸν
713 5470 803 5523 τὸν
854 5469 1002 5528 Υἱὸν.
1059 5469 1156 5521 καὶ
1208 5468 1343 5520 Θεὸν
1370 5468 1428 5521 τὸ
1467 5467 1691 5538 Πνεῦμα
1752 5471 1813 5524 τὸ

204 5575 392 5639 ἅγιον,
446 5564 924 5635 διισχυριζόμενος
981 5564 1130 5631 τρεῖς
1188 5561 1356 5624 Θεοὺς
1404 5561 1685 5630 λέγεσθαι,
1717 5567 1812 5616 καὶ

201 5665 336 5734 οὐχὶ
385 5661 518 5732 μίαν
566 5657 799 5727 θεότητα
833 5658 1107 5725 ἐν,τρισὶν
1143 5656 1499 5720 ὑποστάσεσι,
1551 5657 1645 5709 καὶ
1681 5658 1811 5726 μίαν

278 5845 359 5915 (‘2)
397 5839 657 5908 Quaedam
690 5838 1025 5903 exemplaria
1063 5854 1170 5892 non
1204 5836 1431 5902 habent,
1464 5845 1589 5890 tres.

1919 4643 2104 4695 omnia
2148 4653 2423 4712 creantes,
2454 4648 2635 4699 omnia
2693 4657 2998 4713 servantes,
3057 4651 3346 4706 anathema
3404 4655 3494 4708 sit.

1917 4735 2082 4804 258
2112 4736 2167 4789 Si
2204 4740 2327 4806 quis
2377 4756 2484 4792 non
2513 4740 2659 4794 dicat
2687 4741 2950 4818 Spiritum
2986 4755 3236 4797 sanctum
3275 4747 3502 4813 perinde

1917 4838 2081 4896 atque
2109 4828 2305 4884 Filium
2331 4841 2385 4886 et
2433 4834 2651 4888 Patrem
2679 4836 2746 4890 ab
2778 4836 2928 4888 omni
2979 4847 3233 4891 creatura
3265 4838 3500 4893 adoran-

1917 4917 2045 4971 dum
2083 4934 2228 4982 esse,
2259 4924 2551 4978 anathema
2596 4928 2687 4981 sit.
2715 4929 2768 4980 Si
2809 4927 2934 4996 quis
2966 4928 3033 4981 de
3085 4929 3244 4982 Patre
3274 4939 3330 4984 et
3364 4931 3502 4984 Filio

1925 5019 2075 5064 recte
2110 5015 2335 5079 sentiat,
2363 5015 2430 5069 de
2461 5016 2667 5085 Spiritu
2696 5033 2825 5071 vero
2861 5029 3054 5073 sancto
3110 5021 3497 5088 hallucinetur,

1919 5104 2214 5158 haereticus
2248 5116 2351 5162 est.
2385 5108 2654 5174 Quoniam
2685 5125 2876 5165 omnes
2901 5113 3212 5176 haereticos,
3256 5112 3323 5166 de
3366 5114 3504 5169 Filio

1919 5193 2034 5258 Dei,
2072 5206 2128 5250 et
2165 5199 2229 5252 de
2257 5199 2466 5267 Spiritu
2505 5211 2698 5255 sancto
2723 5218 3009 5272 perperam
3062 5206 3390 5269 sentientes,
3447 5205 3503 5261 in

1914 5285 2227 5343 Judaeorum
2245 5291 2665 5348 etethnicorum
2690 5294 3012 5351 infidelitate
3040 5299 3245 5352 hilarere
3268 5308 3503 5353 constat.

1917 5376 1972 5432 Si
1997 5379 2484 5447 quisdivinitatem
2539 5386 2778 5452 dividat,
2835 5389 3117 5458 sigillatim
3183 5389 3357 5444 Deum
3407 5390 3507 5443 Pa-

1919 5481 2056 5526 trem
2098 5472 2311 5539 dicens.
2356 5487 2409 5533 et
2445 5480 2611 5535 Deum
2663 5482 2880 5547 Filium,
2913 5493 2970 5537 et
3001 5483 3169 5538 Deum
3236 5483 3504 5554 Spiritum

1915 5581 2184 5636 sanctum,
2215 5583 2270 5628 et
2297 5575 2591 5632 contendat
2621 5579 2823 5649 tres(l)
2855 5577 2985 5633 deos
3009 5578 3272 5635 dicendos
3290 5583 3508 5643 esse,et

1913 5678 2023 5718 non
2057 5681 2226 5720 unum
2252 5667 2421 5724 Deum
2451 5680 2676 5742 propter
2696 5687 2856 5726 unam
2876 5670 3220 5727 divinitatem
3249 5671 3300 5725 in
3329 5669 3510 5724 tribus
