4278 6438
215 472 318 532 S37

1144 457 1740 519 ECtlLESIASl'iC:lS
1774 455 2159 514 llISTURlAi
2201 455 2342 516 LIB.
2392 453 2521 512 XII.

3374 449 3476 513 833

212 590 327 640 τῶν
361 585 879 652 ἐξομολογουμένων
926 595 1023 644 τας
1052 579 1353 649 ἁμαρτίας,
1389 578 1483 630 καὶ
1516 575 1620 628 ὑπὸ
1647 577 1805 644 άκρι-
1835 582 1873 635 Α

1786 603 1805 614 -
1835 582 1873 635 Α
1910 581 1965 626 et
1997 573 2063 626 de
2097 571 2463 625 immaculatis
2503 563 2777 638 mysteriis
2813 564 3162 632 participare.
3209 561 3297 614 Sic
3329 563 3475 615 enim

216 680 372 738 δείας
395 676 504 728 τῶν
537 678 628 727 ἑ.πὶ
659 672 834 740 τούτῳ
859 671 1363 738 κατατεταγμένων
1402 667 1605 738 κριτῶν
1626 682 1640 696 ·
1695 665 1798 718 κᾶν

217 769 316 821 νῦν
365 769 440 830 ὡς
493 769 649 835 ἔτυχε
707 765 802 819 καὶ
856 765 992 817 ὅπου
1020 763 1221 834 δήποτε
1273 762 1503 821 ἕκαστος
1533 759 1796 829 βούλοιτο,

213 860 378 912 τοῦτο
416 861 682 928 πράττειν
716 857 1013 924 ἐπικρατῇ.
1039 854 1317 925 Πρόφασις
1349 853 1393 904 δ’
1413 849 1662 905 ἐντεῦθεν
1689 851 1802 917 ὲγὶ-

219 967 362 1009 νετο.
396 952 472 1016 μὴ
502 948 750 1015 ἐλέγχειν
789 944 1030 1014 ἀλλήλων
1054 943 1122 995 τὰ
1153 942 1555 1010 ἁμαρτήματα,
1585 938 1718 1008 μηδὲ
1743 939 1802 990 τὸ

219 1045 315 1094 τοῦ
345 1041 673 1093 Ἀποστόλου
705 1037 994 1106 φυλάττειν
1028 1034 1304 1104 αἱρεῖσθαι
1332 1034 1602 1099 λέγοντος.
1633 1029 1800 1098 Μηδὲ

215 1131 684 1199 συνκοινωνεῖτε
750 1128 876 1194 τοῖς
936 1128 1133 1196 ἔργοις
1193 1125 1316 1191 τοῖς
1365 1123 1661 1191 ἀκάρποις
1691 1122 1799 1176 τοῦ

217 1225 506 1286 σκότους,
550 1220 793 1289 μᾶλλον
816 1217 882 1269 δὲ
915 1219 1009 1269 καὶ
1038 1217 1338 1282 ἐλέγχετε.
1365 1213 1459 1266 Ἐκ
1496 1214 1561 1284 δὴ
1596 1212 1800 1277 ταύτης

220 1319 320 1383 τῆς
355 1316 536 1374 αἱτίας
579 1309 873 1379 συμϐάλλω
902 1312 992 1362 καὶ
1022 1307 1304 1360 Θεοδόσιον
1332 1308 1422 1358 τὸν
1453 1306 1667 1371 Μέγαν,
1697 1304 1798 1372 τῆς

217 1406 510 1473 ἀκηράτου
555 1401 713 1471 δόξης
757 1401 854 1454 καὶ
910 1401 1240 1467 σεμνότητος
1271 1399 1367 1466 τῆς
1409 1397 1637 1449 καθόλου
1671 1413 1802 1464 προ-

216 1495 514 1565 νοούμενον
551 1492 897 1564 Ἐκκλησέας,
925 1490 1225 1561 τηνικαῦτα
1257 1487 1472 1557 πρῶτον
1505 1487 1801 1555 νομοθετῆ-

216 1603 332 1645 σαι.
386 1585 653 1654 μηδαμῶς
688 1587 947 1652 γυναῖκα,
989 1583 1039 1635 εἱ
1105 1581 1179 1651 μὴ
1232 1580 1496 1649 ἑξήκοντα
1539 1578 1675 1630 ἑτῶν
1711 1577 1796 1647 εἴη

214 1678 312 1728 καὶ
346 1677 543 1738 παῖδας
580 1675 716 1745 ἔχοι,
771 1676 845 1745 μὴ
877 1674 952 1743 τῷ
983 1675 1083 1744 τῆς
1137 1671 1411 1733 διακονίας
1446 1671 1540 1722 καὶ
1574 1669 1652 1736 τῷ
1703 1669 1797 1721 τοῦ

216 1770 426 1839 κλήρου
459 1767 927 1835 έγκαταλέγεσῢαι
963 1768 1206 1834 τάγματι
1230 1779 1244 1793 °
1281 1764 1427 1817 καθὰ
1456 1764 1552 1814 καὶ
1587 1761 1798 1824 Παῦλος

217 1861 402 1931 ῥητῶς
438 1859 582 1914 οῦιω
622 1859 992 1930 προσέταξενο
1025 1858 1430 1912 ἀπελαύνεσθαι
1457 1857 1512 1908 δὲ
1546 1856 1640 1923 τῆς
1677 1854 1798 1906 Ἐκ·-

1909 665 2025 717 fore
2073 674 2127 717 ut
2165 663 2410 716 Ecclesia
2441 675 2469 713 a
2504 657 2856 712 contumeliis
2893 655 3064 708 libera
3097 664 3242 707 esset
3282 661 3334 704 et
3383 652 3482 703 im-

1903 757 2105 809 munis.
2151 754 2305 808 Etab
2334 767 2400 804 co
2462 759 2709 817 tempore
2769 747 3013 801 Ecclesia
3079 745 3131 797 in
3191 745 3282 796 tali
3336 753 3477 795 statu

1904 846 2225 915 permansit.
2255 842 2364 912 Ego
2395 858 2522 894 vero
2567 855 2628 892 ea
2671 854 2730 892 re
2761 838 3060 893 Ecclesiam
3090 837 3264 904 prisca
3302 836 3389 888 il|a
3427 844 3482 888 et

1905 939 2210 993 veneranda
2270 937 2533 1006 gravitate
2569 932 2859 995 excidisse,
2895 941 2949 984 et
3003 929 3067 983 ad
3123 930 3474 983 arbitrarium

1907 1031 2490 1097 iIICOIisitleratumque
2521 1036 2683 1094 atque
2709 1024 3075 1093 negligentem
3105 1037 3312 1074 morem
3348 1034 3474 1088 pro-

1901 1123 2113 1190 lapsam
2141 1137 2282 1186 esse,
2318 1135 2371 1174 ct
2401 1119 2662 1188 paulatim
2694 1117 2762 1170 ab
2817 1115 3156 1168 accuratiore
3186 1114 3476 1181 disciplina

1901 1218 2206 1272 desciscere
2233 1217 2464 1284 coepisse
2493 1224 2640 1283 puto.
2671 1211 2910 1280 Equum
2936 1219 3083 1264 certe
3112 1219 3272 1276 atque
3304 1208 3480 1261 credi-

1901 1309 2009 1364 bile
2041 1319 2147 1371 est,
2182 1308 2366 1361 minus
2397 1316 2554 1359 antea
2593 1315 2942 1380 peccatorum
2971 1301 3158 1365 fuisse,
3193 1315 3317 1354 cum
3355 1315 3478 1366 pro-

1901 1415 2024 1474 pter
2045 1418 2238 1456 eorum
2269 1400 2361 1469 qui
2390 1410 2607 1468 peccata
2639 1398 3034 1451 conﬁterentur
3061 1393 3473 1454 verecundiam,

1904 1505 2015 1549 tum
2091 1504 2322 1565 propter
2354 1492 2604 1562 judicum
2647 1491 2711 1542 ad
2748 1490 2851 1542 hoc
2889 1487 3314 1540 constitutorum
3352 1483 3403 1536 di
3435 1484 3479 1535 i-

1901 1597 2119 1656 gentem
2149 1583 2584 1652 inquisitionem.
2611 1579 2872 1646 Quamvis
2906 1593 3050 1632 nunc
3078 1592 3297 1645 quoque
3326 1576 3373 1626 id
3403 1575 3473 1627 ita

1903 1687 2103 1730 utsors
2141 1677 2349 1737 tulerit,
2384 1685 2438 1729 et
2491 1674 2928 1743 quandocunque
2987 1671 3186 1737 cuique
3255 1667 3472 1721 lihiium

1900 1769 2086 1830 fuerit,
2123 1769 2234 1820 tiat.
2263 1766 2415 1820 Unde
2443 1782 2600 1820 causa
2628 1766 2716 1819 illa
2751 1764 2978 1826 exstitit,
3001 1771 3060 1814 ut
3091 1762 3229 1814 alter
3254 1760 3477 1811 alterius

1900 1871 2120 1928 peccata
2151 1875 2258 1912 non
2308 1867 2538 1927 arguat;
2587 1872 2762 1926 neque
2796 1855 2929 1909 illud
2991 1852 3232 1921 Apostoli
3285 1867 3476 1904 serve-

215 1954 452 2021 κλησὶας
488 1952 583 2005 καὶ
612 1953 711 2013 τάς
741 1952 1066 2021 κιιρομένας
1095 1950 1190 2012 τάς
1235 1949 1510 2017 κεφαλάς·
1547 1950 1641 2000 καὶ
1675 1950 1792 1999 ὅσοι
1831 1932 1870 1985 Β
1903 1964 1904 1995 1

1788 1985 1792 1996 ι
1831 1932 1870 1985 Β
1903 1960 2009 2015 tur,
2042 1949 2310 2004 dicentis:
2362 1969 2379 2000 ι
2408 1949 2582 2003 Nolite
2643 1947 3045 2002 communicare
3103 1945 3168 1999 de
3217 1947 3477 2012 operibus

213 2046 270 2098 δὲ
301 2046 412 2097 τῶν
435 2045 752 2097 ἐπισκόπων
779 2045 875 2106 τὰς
899 2043 1154 2106 τοιαύτας
1183 2043 1521 2111 προσίενται,
1553 2041 1651 2101 τάς
1677 2041 1794 2091 ὲπι-

217 2137 432 2201 σκοπάς
464 2137 840 2208 ἀφαιρεῖσθαι.
872 2136 1034 2190 Ἀλλά
1066 2135 1196 2206 περὶ
1235 2135 1330 2205 μὲν
1357 2135 1564 2185 τούτων
1593 2131 1798 2199 αὐτάρ-

217 2245 332 2291 κως
359 2226 516 2299 οἶμαι
550 2231 882 2301 εἱρήκαμιν.

1905 2042 2243 2111 infrugiteris
2303 2043 2676 2107 tenebrarum,
2710 2043 2803 2094 sed
2866 2039 3048 2108 potius
3075 2053 3138 2091 ea
3186 2037 3414 2106 arguite.
3451 2053 3469 2085 ι

1901 2131 2017 2198 Qua
2050 2135 2216 2187 etiam
2239 2149 2304 2187 ex
2339 2149 2500 2187 causa
2533 2133 2906 2186 Theodosium
2934 2129 3208 2199 Magnum,
3245 2129 3473 2181 immor-

1907 2225 1998 2280 tali
2024 2234 2080 2277 et
2101 2225 2425 2279 venerandze
2455 2224 2734 2278 catholicae
2766 2222 3023 2276 Ecclesiae
3053 2221 3239 2291 gloriae
3265 2235 3466 2274 consu-

220 2335 593 2392 lentem,tum
655 2325 893 2395 primum
949 2323 1121 2391 legem
1168 2320 1360 2373 tulisse
1424 2317 1680 2388 conjiciu,
1733 2317 1818 2389 (1)
1861 2333 2202 2388 nequaquam
2267 2318 2575 2382 mulierem,
2647 2316 2749 2370 nisi
2801 2317 3080 2384 sexaginta
3112 2330 3288 2368 annos
3346 2325 3470 2366 nata

221 2421 320 2484 sit,
365 2427 423 2472 et
483 2416 694 2471 liberos
725 2415 946 2478 habeat,
995 2416 1048 2467 in
1090 2413 1337 2466 ordinem
1392 2410 1682 2464 ministerii
1743 2417 1795 2464 et
1833 2410 1966 2464 cieri
2020 2411 2416 2478 eooptandam:
2475 2407 2933 2480 quemadmodum
2968 2416 3024 2461 et
3049 2407 3249 2462 Paulus
3270 2408 3477 2462 diserte

219 2513 276 2565 id
323 2511 632 2571 constituit,
690 2525 756 2562 ex
802 2505 1054 2561 ecclesiis
1087 2520 1304 2574 quoque
1335 2502 1631 2568 exigendas
1679 2516 1800 2571 quae
1837 2517 2050 2556 comam
2121 2503 2533 2557 totondissent:
2590 2511 2645 2556 et
2713 2501 3029 2571 quicunque
3093 2501 3334 2570 episcopi
3385 2515 3479 2555 eas

219 2606 597 2665 admisissent,
626 2600 1060 2655 exauctorandos
1088 2613 1227 2653 esse.
1259 2597 1454 2651 Verum
1484 2595 1552 2651 de
1587 2595 1671 2650 his
1696 2595 1831 2649 satis
1871 2594 2128 2649 diximus.

820 2717 1066 2769 ΚΕΦΑΛ.
1112 2714 1240 2768 ΚΘ’.

229 2813 332 2877 Ὧς
363 2811 460 2866 καὶ
500 2811 568 2862 ἐν
613 2808 741 2872 ταῖς
793 2808 1059 2877 αἱρέσεσι
1101 2805 1322 2877 uallat
1381 2797 1554 2877 αὖθις
1597 2803 1803 2877 ἐλεγέ-

289 2873 474 2939 νοντο
502 2879 826 2944 διαιρέσεις
850 2873 863 2904 λ
897 2878 992 2927 καὶ
1020 2873 1665 2944 ὄτιῌΘεορόσιος-μόνυν
1689 2875 1802 2925 lii)-

289 2954 507 3021 νόμιον
534 2939 868 3021 ὑπερώρισε
893 2959 907 2973 ⁸
943 2939 1200 3021 καὶ-οἵοις
1246 2939 1412 3021 ἦιίτό
1443 2941 1585 3021 ἦθος
1618 2942 1801 3021 Εὑνῤ-

284 3011 422 3092 {nec
450 3036 464 3050 °
495 3020 591 3092 καὶ
622 3011 703 3092 ὡς
726 3017 794 3069 ἐν
817 3015 1211 3081 Καππαδοκίᾳ
1264 3011 1336 3081 τῇ
1371 3013 1610 3080 πατρίδι
1635 3017 1802 3082 78rd-

283 3088 474 3163 )tsroe
500 3088 807 3142 ἐτελεύτα.

2346 2702 2506 2778 282
2560 2707 2785 2765 CAPUT
2829 2708 3025 2764 XXlX.

1905 2798 1967 2854 Ut
1997 2802 2216 2853 ha'reses
2243 2812 2288 2853 et
2318 2811 2469 2853 secta:
2502 2802 2554 2852 in
2587 2803 2764 2853 varias
2800 2801 3036 2852 dissectte
3063 2808 3111 2852 et
3149 2800 3330 2854 divise
3368 2802 3475 2854 sinit

1967 2872 2236 2924 luere-ses:
2286 2885 2330 2922 ei
2384 2872 2520 2938 quod
2581 2871 2893 2924 Theodosius
2941 2869 3110 2922 solum
3154 2870 3471 2923 Eunominm

1969 2942 2330 3010 proscripserit
2355 2957 2372 2993 :
2399 2943 2582 3008 quibus
2633 2941 2860 2992 moribus
2901 2950 2948 2991 et
2980 2941 3239 2993 institutis
3289 2941 3474 2994 Enno-

1972 3012 2107 3063 mius
2138 3011 2318 3077 fuerit,
2360 3019 2482 3063 etut
2525 3011 2581 3064 in
2608 3010 2942 3079 Cappadocia
2974 3011 3154 3077 patria
3192 3027 3290 3065 sua
3331 3027 3472 3064 mor-

1978 3091 2099 3133 tuas
2125 3085 2211 3134 ait.

291 3206 579 3277 Προσῆκον
628 3200 685 3253 δὲ
737 3198 847 3268 ἄρα
880 3197 1016 3267 μηδὲ
1059 3197 1126 3249 τά
1157 3195 1290 3265 παρ’
1318 3194 1502 3259 ἄλλοις
1531 3197 1796 3263 γεγονότα
1824 3210 1866 3267 C
1971 3200 1980 3244 4

1785 3217 1796 3252 ι
1824 3210 1866 3267 c
1971 3193 2242 3250 Convenit
2285 3209 2469 3264 porro,
2505 3201 2565 3247 ut
2597 3208 2769 3262 neque
2800 3207 2862 3247 ea
2895 3208 3016 3264 quae
3048 3192 3170 3247 aliis
3199 3192 3474 3256 accidere,

215 3296 550 3352 καταλιπεῖν
577 3291 845 3361 ἀδιήγητα
866 3303 880 3318 '
909 3287 1210 3356 Ἀρειανοὶς
1234 3302 1397 3355 φημι,
1432 3288 1525 3338 καὶ
1547 3289 1657 3348 τοῖς
1687 3289 1792 3340 ἀπὸ

215 3387 554 3443 Μακεδονία)
587 3386 681 3435 καὶ
714 3379 981 3445 Εὑνομὶου
1016 3379 1109 3430 καὶ
1154 3377 1407 3429 Ναυάτου
1443 3378 1793 3445 παρωνύμως

214 3476 661 3547 ῶηιομασμένοις.
694 3469 882 3532 ’Δπαξ
930 3469 1107 3538 γάρὴ
1158 3466 1252 3520 τοῦ
1308 3466 1444 3519 Θεοῦ
1500 3467 1795 3537 Ἐκκλησία

215 3566 582 3637 διαιρεθεῖσα,
617 3565 718 3617 οὐκ
757 3561 844 3616 ἐπ’
862 3561 1078 3630 ἐκείνης
1118 3560 1250 3629 ἔστη
1291 3559 1388 3627 τῆς
1417 3559 1751 3622 διαστάσεως
1776 3577 1792 3591 ο

217 3661 337 3715 ἀλλ’
360 3657 500 3726 αῦτη
556 3656 721 3708 πάλιν
753 3653 875 3707 καθ’
909 3652 1108 3720 ἑαυτὴν
1153 3651 1409 3721 διηρεῖτο.
1447 3651 1552 3704 Καὶ
1576 3653 1626 3704 οἱ
1662 3669 1795 3719 προ-

219 3752 422 3804 στάται
446 3747 556 3799 τῶν
583 3744 848 3813 αἱρέσεων
882 3743 1121 3810 σμικρᾶς
1142 3756 1286 3801 τινος
1315 3739 1636 3809 εἰλημμένοι
1662 3759 1795 3811 προ-

218 3845 464 3912 φάσεως,
493 3836 618 3892 καθ’
645 3835 857 3889 ἑαυτῶν
882 3834 1140 3903 ἐχώρουν,
1167 3832 1261 3884 καὶ
1290 3833 1382 3884 ἀπ’
1410 3833 1657 3900 ἀλλήλων
1694 3833 1794 3885 διὶ-

218 3951 438 3988 σταντο.
497 3931 616 3992 Πῶς
666 3928 768 3997 μὲν
825 3922 917 3978 οὖν
948 3927 1043 3978 καὶ
1084 3925 1236 3989 πότε,
1272 3924 1363 3976 καὶ
1395 3922 1464 3977 δι’
1513 3923 1579 3986 ἃς
1612 3927 1791 3984 αἰτίας

214 4027 444 4079 ἕκαστοι
467 4023 561 4075 ἀπ’
595 4020 846 4085 ἀλλήλων
876 4019 1183 4084 διέστησαν,
1216 4015 1476 4084 προϊοῦσα
1501 4019 1534 4084 ἡ
1581 4016 1793 4086 ἱστορία

212 4116 470 4186 δηλώσει.
500 4111 709 4165 Εἱδέναι
746 4111 928 4177 μέντοι
969 4106 1165 4178 χρεὼν,
1199 4106 1273 4168 ὡς
1299 4106 1491 4160 οὐδένα
1531 4107 1736 4160 τούτων
1765 4109 1792 4159 δ

215 4209 474 4280 βασιλεὺς
505 4206 693 4258 ἐδίωκε
731 4203 1030 4266 Θεοδόσιος,
1063 4197 1181 4251 ἀλλ’
1223 4199 1343 4252 οὐδὲ
1374 4198 1653 4269 ἠνάγκαζε
1682 4217 1793 4252 χοι-

211 4303 440 4352 νωνείνο
493 4295 791 4364 συνεχώρει
821 4293 865 4344 δ’
905 4284 1187 4362 ὲκάστῳῇ
1231 4290 1474 4361 βούλοιτο
1519 4291 1659 4343 κατὰ
1703 4293 1794 4345 τὶν

212 4395 348 4447 ἴδιον
383 4387 712 4454 συνάγεσθαι
765 4385 959 4436 τόπονο
997 4385 1091 4436 καὶ
1142 4383 1387 4446 δοξάζειν
1429 4385 1559 4453 περὶ
1590 4385 1686 4452 τῆς
1715 4387 1794 4449 εἰς

212 4480 454 4548 Χριστὸν
489 4478 743 4538 πίστεως,
776 4475 850 4536 ὡς
882 4475 944 4525 ἂν
973 4474 1188 4541 ἑκάστῳ
1235 4475 1361 4542 περὶ
1389 4474 1595 4541 ταύτης
1623 4491 1793 4528 κατα-

1898 3287 2122 3342 silentio
2169 3296 2559 3356 prmtereamus
2593 3303 2605 3340 :
2643 3286 2861 3340 Arianis
2909 3283 3182 3344 videlicet.
3216 3295 3269 3338 et
3313 3286 3405 3354 qui
3444 3301 3473 3338 a

1898 3379 2221 3432 Macedonio
2257 3386 2313 3432 et
2354 3377 2627 3431 Eunomio
2665 3387 2720 3431 et
2759 3377 2968 3431 Novato
3009 3391 3309 3445 cognomen
3348 3385 3474 3430 sunt

1897 3472 2102 3538 adepti.
2147 3469 2440 3540 Postquam
2486 3485 2721 3539 namque
2769 3470 2938 3524 semel
2982 3468 3221 3523 Ecclesia
3260 3469 3352 3522 Dei
3387 3469 3475 3521 di-

1898 3565 2010 3619 visa
2055 3575 2162 3626 est,
2201 3579 2288 3618 res
2326 3565 2378 3616 in
2419 3578 2482 3616 ea
2530 3563 2870 3616 discessione
2915 3577 3024 3615 non
3072 3561 3340 3624 constitit,
3376 3559 3471 3612 scd

1899 3655 1987 3708 illa
2035 3671 2248 3708 rursum
2295 3656 2346 3710 in
2396 3670 2454 3709 se
2500 3655 2615 3724 ipsa
2663 3671 2761 3724 per
2813 3655 3188 3707 dissensiones
3237 3653 3471 3706 disseetzi

1895 3753 1996 3796 est.
2045 3741 2112 3795 Et
2158 3752 2432 3796 sectarum
2487 3753 2762 3803 auctores,
2814 3758 2980 3812 parva
3029 3744 3323 3796 occasione
3377 3758 3471 3795 ar-

1898 3844 2070 3902 repta.
2105 3842 2161 3886 et
2188 3835 2499 3887 secessione
2529 3835 2689 3899 facta,
2719 3835 2771 3887 in
2804 3834 3070 3887 factiones
3097 3834 3232 3886 alias
3261 3833 3465 3895 abiere.

1896 3924 2181 3990 Quomodo
2216 3937 2422 3989 autem,
2451 3936 2507 3981 et
2541 3927 2788 3997 quando,
2834 3935 2891 3980 et
2936 3914 3242 3995 quibus-ile
3287 3928 3472 3983 causis

1894 4027 2042 4069 secta
2088 4017 2348 4084 qua-libet
2377 4033 2405 4069 a
2439 4033 2495 4070 sc
2528 4020 2639 4086 ipsa
2675 4033 2771 4087 per
2801 4017 3199 4072 dissensionem
3232 4033 3473 4072 secesse-

1896 4108 1990 4173 rit,
2022 4124 2088 4162 ex
2118 4109 2200 4162 eis
2230 4125 2350 4177 quae
2390 4109 2669 4172 dicentur,
2705 4108 2958 4178 liquebit.
2995 4109 3128 4163 Illud
3161 4125 3292 4164 sane
3328 4112 3469 4165 scize

1895 4211 2174 4263 convenit,
2210 4201 2596 4270 imperatorem
2642 4201 3017 4255 Theodosium
3056 4203 3306 4256 hiare-sim
3345 4205 3468 4255 nul-

1895 4293 2001 4346 lam
2040 4301 2390 4361 persecutum
2437 4308 2584 4358 esse,
2624 4308 2799 4360 neque
2839 4293 3152 4361 quempiam
3202 4293 3267 4346 ad
3312 4309 3466 4346 com-

1897 4386 2211 4436 muuioncm
2271 4384 2550 4452 coegisse,
2607 4383 2702 4437 sed
2762 4386 2945 4452 potius
3004 4385 3352 4451 permisisse.
3411 4395 3469 4436 ut

1895 4473 2122 4527 haeresis
2163 4473 2424 4542 quaelibet
2463 4475 2584 4526 loco
2627 4487 2748 4536 suo,
2785 4488 2884 4540 pro
2915 4489 2981 4528 eo
3014 4488 3175 4543 atque
3204 4492 3252 4528 ei
3291 4483 3463 4529 visum

206 4575 402 4623 λαϐεῖν
425 4570 727 4634 ἐξεγένετο.
765 4567 875 4627 Τάς
909 4564 1008 4633 μὲν
1037 4561 1130 4618 οὖν
1153 4565 1345 4627 λοιπὰς
1373 4566 1480 4616 τῶν
1505 4567 1788 4635 αἱρέσεων,
1825 4579 1864 4633 ι)
1893 4597 1895 4606 ‹

1775 4609 1788 4632 ,
1825 4579 1864 4633 ι)
1893 4577 2075 4629 esset,
2119 4575 2424 4618 conventus
2469 4579 2665 4634 agere,
2716 4575 2881 4634 atque
2929 4566 3092 4619 etiam
3143 4567 3211 4620 de
3259 4569 3361 4621 lide
3412 4569 3462 4621 in

208 4665 359 4733 πλὴν
381 4657 762 4720 Ναυατιανῶν,
788 4656 892 4722 εξω
922 4655 1029 4707 τῶν
1047 4654 1254 4707 πόλεων
1281 4656 1534 4722 συνάγειν
1558 4655 1794 4722 ἐκέλευε,

206 4759 307 4812 καὶ
341 4755 636 4823 ἐκκλησίας
699 4751 972 4818 ἐγείρειν⁹
1008 4750 1134 4810 τοὺς
1183 4748 1240 4800 δὲ
1285 4748 1661 4810 Ναυατιανοὺς
1721 4750 1796 4812 ῶς

205 4846 663 4919 ὁμοφρονοῦντας
695 4842 847 4910 αὑτῴ
873 4841 1014 4894 κατὰ
1036 4842 1135 4908 τὴν
1157 4840 1252 4892 τοῦ
1280 4840 1568 4908 ὁμοουσὶου
1589 4843 1791 4905 πίστιν,

205 4944 364 4998 ἔνδον
387 4940 494 4992 τῶν
521 4939 728 4992 πόλεων
761 4936 900 5006 μετά
943 4935 1180 5006 Θάρῤους
1211 4935 1598 5005 ἐκκλησιάζειν
1624 4937 1793 5006 προύο

204 5034 470 5104 τρέπετο,
503 5027 647 5080 καθά
702 5045 789 5095 μοι
820 5028 913 5079 καὶ
951 5027 1210 5095 ἀνωτέρω
1242 5026 1554 5097 διείληπται
1580 5044 1594 5058 ⁸
1625 5029 1790 5094 μόνου

201 5126 252 5178 δ’
286 5120 556 5188 Εύνομὶου
581 5118 878 5189 ὑπερορίαν
897 5118 1072 5186 φυγὴν
1097 5119 1470 5181 κατεδίκαζεν.
1496 5115 1664 5180 Οὗτος
1681 5119 1789 5189 γὰρ

209 5213 359 5283 μετὰ
390 5211 450 5263 τὸ
473 5210 654 5263 λιπεῖν
688 5209 786 5276 τὴν
831 5207 1093 5272 Κύζικον,
1146 5210 1240 5262 καὶ
1267 5211 1358 5262 τοῦ
1391 5210 1646 5274 Εὑδοξὶου
1674 5211 1791 5264 δια-

201 5304 472 5373 ζυγῆναι,
515 5301 573 5365 ὃς
623 5299 811 5353 τ›ῦῖον
847 5301 1196 5370 ἐχειροτόνει,
1256 5304 1348 5354 ἐπὶ
1395 5304 1664 5373 προφάσει
1705 5303 1788 5356 ὅτι

199 5465 442 5524 steriuzu
501 5462 604 5517 hoc
633 5463 713 5516 vel
741 5471 978 5530 expetat,
1025 5462 1218 5530 vclﬁsc
1259 5462 1327 5512 ali
1373 5476 1440 5514 eo
1491 5461 1783 5524 abstinent,

193 5534 546 5594 cun~cieutia
591 5529 938 5600 Optimadux
983 5541 1086 5582 est.
1120 5529 1555 5583 Fundamentum
1602 5542 1782 5585 autem

197 5615 428 5660 tirmuut
466 5601 627 5670 hujus
658 5611 743 5654 est
779 5607 884 5654 vita
920 5611 1062 5654 recta
1089 5617 1212 5653 cum
1251 5601 1538 5668 disciplina
1575 5601 1781 5654 debita.

194 5680 280 5731 Te
306 5682 493 5726 autem
528 5673 773 5724 homines
807 5674 943 5724 alios
963 5681 1233 5738 spectatos
1251 5671 1358 5738 jam
1384 5681 1437 5723 et
1472 5671 1784 5738 exploratos

195 5743 456 5800 moribus
481 5742 782 5796 emendatis
825 5745 1026 5794 imitari
1077 5743 1516 5793 commodissmia
1567 5750 1668 5800 est.
1727 5754 1783 5794 et

191 5821 265 5871 ad
301 5811 552 5864 veritatis
600 5813 987 5878 cognitionem,
1017 5822 1068 5863 et
1113 5813 1173 5862 nil
1218 5822 1605 5875 prseceptorum
1638 5813 1776 5862 divi-

193 5897 407 5941 norum
454 5886 900 5946 exsecutionem,
971 5897 1075 5934 Via.
1152 5883 1418 5945 Quocirca
1462 5881 1775 5947 quicunque

1897 4658 2194 4720 Chrismm,
2239 4671 2334 4725 pro
2373 4657 2638 4725 cujusque
2681 4668 2867 4724 captu,
2899 4660 3106 4712 sentire
3142 4670 3304 4728 atque
3348 4663 3469 4730 opi-

1899 4754 2014 4803 nari
2075 4759 2281 4818 posset.
2340 4749 2602 4818 Reliquas
2655 4750 2879 4817 quidem
2939 4751 3216 4818 hzereses,
3271 4767 3467 4821 pra-ter

1895 4843 2262 4906 Novatianos,
2304 4852 2460 4895 extra
2511 4843 2676 4896 urbes
2724 4853 3028 4897 conventus
3069 4845 3370 4907 eclelirare,
3413 4859 3466 4907 et

1895 4935 2157 4989 ecclesias
2189 4943 2474 4988 exstruere
2503 4935 2686 5004 jussit.
2721 4935 3051 4991 Novatianos
3080 4950 3282 5005 autem,
3318 4943 3462 5007 quod

1893 5045 2077 5083 secum
2112 5029 2178 5084 de
2212 5029 2521 5094 όμοουσίου,
2557 5029 2660 5084 hoc
2690 5039 2772 5083 est
2808 5031 3314 5095 consubstantiatis,
3359 5035 3462 5086 tide

1893 5125 2290 5186 consentirent,
2335 5123 2478 5176 intra
2530 5125 2693 5176 urbes
2739 5123 2912 5177 libere
2956 5125 3221 5180 ecclesias
3257 5127 3461 5182 habere

1891 5225 1978 5268 est
2028 5229 2248 5282 passus,
2302 5214 2463 5268 sicuti
2511 5225 2669 5268 antea
2718 5231 2939 5284 quoque
2984 5217 3118 5270 dixi.
3166 5218 3234 5273 Et
3282 5223 3458 5272 solum

1891 5304 2010 5373 ipse
2046 5305 2377 5360 Eunomium
2417 5307 2613 5361 exsilio
2655 5308 2960 5362 mulctavit.
2997 5307 3093 5362 llic
3126 5309 3272 5362 enim
3313 5323 3463 5378 pust-

1890 5459 2301 5514 manducaverit
2355 5478 2548 5531 panem
2589 5473 2642 5516 et
2695 5464 2897 5518 biberit
2959 5467 3183 5520 calicem
3241 5468 3453 5521 homini

1893 5533 2132 5603 iuiiigue,
2196 5547 2320 5583 reus
2373 5537 2472 5586 erit
2525 5537 2769 5600 corporis
2809 5547 2862 5588 et
2906 5552 3181 5603 sanguinis
3220 5539 3428 5589 Domini

1888 5600 2145 5668 Exliluret
2174 5617 2304 5653 Vero
2333 5607 2572 5672 seipsum
2607 5608 2790 5668 homo,
2824 5618 2985 5673 atque
3010 5600 3101 5658 ἰι.ι
3127 5610 3343 5659 demum
3387 5611 3454 5661 de

1891 5687 2024 5744 pane
2056 5673 2202 5744 edat.
2237 5682 2290 5724 et
2333 5677 2396 5725 de
2429 5676 2597 5727 Colice
2641 5676 2812 5728 bibat.
2849 5679 3140 5744 (Clemens.
3185 5679 3451 5732 Alexaod.

1870 5741 1980 5792 -tib.
2017 5756 2050 5799 I,
2082 5741 2360 5806 Stromat.)

1959 5811 2380 5886 (_|)(lun_stitatio
2403 5811 2690 5868 Theodosii
2715 5815 2779 5869 de
2811 5817 3131 5872 tliat‘onissis
3176 5817 3236 5871 L.
3262 5817 3451 5886 Natta,

1884 5880 1944 5935 C.
1982 5881 2052 5933 De
2087 5883 2252 5947 episc.
2288 5897 2339 5937 et
2369 5886 2501 5937 clcr.
