4278 6438
785 389 887 456 8U

2008 395 2435 458 NICEPHORI
2477 394 2824 458 CALLISTI

3954 390 4052 462 SL3

783 520 972 579 patum
1028 507 1134 562 sibi
1186 507 1556 578 expetendum
1605 515 1893 566 statueret.
1937 512 2232 582 Postquam
2282 514 2447 578 illeA

2360 529 2372 569 ι
2400 522 2447 578 Α
2475 514 2727 586 διαιρεῖν,
2756 515 3003 585 ὁμονοεῖν
3027 514 3122 581 μὲν
3161 514 3408 576 ἃπαντας
3450 513 3543 566 καὶ
3574 511 3716 566 κατὰ
3741 512 3936 566 ταυτὸν
3959 517 4049 566 έκ-

777 599 1014 689 juravit,
1060 614 1118 654 se
1167 600 1549 670 episcopatum
1601 612 1988 673 suscepturum
2036 620 2144 658 non
2193 621 2314 662 esse
2354 647 2370 674 ,

789 706 897 745 non
931 691 1066 745 satis
1096 705 1274 745 causa:
1315 707 1435 746 esse
1466 701 1745 760 putantes,
1776 709 1876 748 cur
1900 697 2136 751 ecclesia
2177 712 2367 752 eorum

785 783 1125 838 factionibus
1156 782 1524 845 divideretur.
1555 786 1816 855 placitum
1846 788 1928 842 eis
1958 802 2063 852 ρει.
2092 800 2149 844 ιιι
2178 806 2369 858 omnes

785 881 1192 947 consentirent,
1230 891 1395 951 atque
1438 883 1633 936 eodem
1689 884 1741 938 in
1791 884 1913 938 loco
1956 886 2368 943 ecclesiasricos

783 982 1092 1028 conventus
1139 982 1398 1042 agerent;
1452 974 1653 1028 festum
1706 987 1886 1030 autem
1921 976 2142 1033 Pascha:
2183 980 2363 1045 diem,

783 1081 894 1135 quo
928 1067 1052 1134 quis
1084 1067 1249 1120 vellet
1283 1075 1528 1135 tempore
1558 1067 1883 1125 celebraret.
1921 1071 2086 1141 288
2113 1072 2175 1125 Et
2203 1088 2264 1126 ea
2297 1073 2365 1128 de

785 1173 845 1212 re
890 1173 1157 1212 canonem
1208 1160 1655 1229 promulgarunt,
1690 1177 1852 1230 quem
1903 1163 2218 1233 ἀδιάφορον,
2260 1165 2363 1220 hoc

781 1259 896 1314 est,
945 1249 1304 1305 arbitrarium
1349 1261 1405 1306 et
1452 1252 1860 1307 indifferentem
1909 1269 2196 1311 vocarunt.
2236 1257 2360 1312 Sta-

780 1353 1005 1396 tuerunt
1035 1360 1278 1414 quoque,
1309 1359 1377 1399 ne
1406 1346 1689 1400 decretum
1721 1363 1912 1402 eorum
1943 1352 2033 1418 qui
2072 1352 2193 1404 l’azi
2225 1367 2360 1405 con-

779 1446 1064 1502 venerant,
1099 1437 1396 1491 universali
1434 1438 1628 1494 canoni
1655 1442 2034 1512 przejudicaret
2079 1462 2090 1496 :
2126 1445 2271 1514 quod
2306 1458 2359 1500 et

777 1526 944 1596 prisci
994 1528 1072 1581 illi
1119 1528 1246 1592 viri,
1282 1536 1339 1583 et
1378 1530 1616 1586 maxime
1660 1534 1755 1601 qui
1807 1535 2073 1602 apostolis
2121 1539 2356 1605 proximi

775 1617 953 1683 fuere,
981 1618 1198 1672 etiamsi
1231 1618 1299 1673 de
1332 1619 1556 1676 Pascha;
1589 1621 1729 1677 festo
1753 1623 1840 1678 die
1880 1626 2175 1694 plurimum
2215 1629 2356 1683 inter

776 1723 838 1764 se
869 1708 1222 1773 dissidereut,
1265 1710 1496 1766 invicem
1544 1721 1728 1767 tamen
1783 1714 1927 1769 inter
1955 1731 2012 1770 se
2048 1723 2356 1773 communi-

778 1810 1018 1866 cassent,
1060 1811 1115 1857 et
1165 1803 1290 1857 aliis
1345 1804 1400 1857 in
1450 1805 1613 1859 rebus
1659 1807 1918 1861 omnibus
1967 1825 2193 1877 prorsus
2244 1826 2351 1864 non

776 1893 1195 1949 dissensissent.
1243 1896 1306 1949 Et
1343 1896 1490 1965 quod
1538 1906 1804 1966 praeterea
1847 1899 2229 1954 Novatiani'in
2263 1918 2354 1956 ve-

778 1997 894 2042 tere
945 1988 1119 2041 Roma
1170 1988 1600 2058 haudquaquam
1646 2007 1768 2044 cum
1812 1991 2051 2056 Jttdwis,
2083 1993 2176 2047 sed
2229 2005 2353 2061 post

774 2081 1168 2151 aequinoctium
1214 2096 1338 2135 cum
1392 2083 1619 2155 reliquis
1670 2082 1954 2147 Romanis,
1989 2086 2081 2153 qui
2117 2086 2263 2140 Petri
2295 2097 2352 2140 et

778 2176 931 2231 Pauli
983 2175 1365 2244 apostolorum
1422 2178 1720 2230 traditione
1779 2178 2096 2244 utebantur,
2144 2179 2351 2233 Pascha

774 2269 1162 2337 peregissent:
1201 2284 1301 2322 nec
1349 2268 1420 2322 ob
1474 2284 1592 2322 eam
1647 2285 1893 2333 causam,
1934 2270 2079 2338 quod
2128 2272 2353 2327 Pascha“.

773 2363 916 2416 festo
960 2362 1289 2416 celebrando
1344 2362 1488 2415 inter
1532 2379 1588 2415 se
1635 2363 2017 2426 dissentirent,
2061 2365 2354 2420 discessio-

775 2472 896 2509 nem
932 2456 1000 2510 ab
1035 2456 1119 2509 eis
1165 2457 1258 2524 qui
1307 2472 1658 2509 Communem
1694 2472 1818 2509 cum
1853 2457 1935 2511 eis
1967 2456 2234 2512 haberent
2268 2475 2355 2514 re-

772 2550 1069 2620 ligionem,
1122 2549 1398 2602 iecissent.
1443 2549 1684 2603 Proinde
1732 2565 1788 2603 re
1835 2549 1978 2603 bene
2025 2549 2349 2618 deliberata,

776 2644 1210 2701 indiiIerentem,
1243 2658 1405 2710 quem
1442 2643 1706 2708 diximus,
1743 2658 2012 2696 canonem
2048 2645 2349 2713 protulere,

775 2747 830 2790 ut
880 2737 1117 2805 quilibet
1165 2753 1261 2805 pro
1309 2752 1374 2788 eo
1425 2747 1592 2805 atque
1638 2737 1688 2791 ei
1747 2737 2012 2806 placitum
2056 2747 2235 2802 esset,
2286 2754 2353 2791 ex

772 2830 1171 2884 consuetudine
1233 2829 1456 2898 aliqua,
1507 2841 1599 2883 aut
1666 2840 2001 2900 praesumpta
2057 2818 2350 2901 Opinione,

773 2922 980 2977 Pascha
1021 2922 1313 2976 celebrans
1361 2923 1648 2990 perliceret
1694 2938 1706 2972 :
1756 2937 1865 2975 non
1917 2922 2139 2991 quidem
2184 2935 2242 2977 ut
2286 2939 2350 2978 ea

776 3033 864 3072 res
890 3017 1130 3084 aliquam
1161 3018 1215 3068 in
1244 3015 1634 3069 communione
1663 3015 2069 3070 dissensionem
2102 3015 2350 3083 afferret,

774 3125 963 3164 verum
1019 3106 1208 3177 utqui
1257 3107 1340 3161 sic
1384 3107 1702 3161 discrimine
1746 3108 1900 3162 nullo
1949 3107 2149 3163 festum
2202 3109 2348 3164 diem

2477 606 2798 678 κλησιάζειν
2829 608 3042 661 ἐδόκει·
3073 610 3170 676 τὴν
3199 607 3244 660 δ’
3283 609 3476 679 ἑορτὴν
3505 607 3683 660 τελεῖν
3711 606 3941 660 ἕκαστον
3965 607 4051 659 ὅτε

2471 699 2534 768 δή
2574 717 2702 752 ποτε
2741 700 3008 769 βούλοιτο,
3033 700 3319 769 ὲκ⁸;έμενοι
3353 701 3447 754 καὶ
3482 700 3611 770 περ)⁵
3640 699 3834 751 τούτου
3859 701 4056 752 κανόνι

2471 790 2529 844 ὃν
2564 792 2896 859 ἀδιάφορον
2954 791 3390 860 κατωνόμασαν·
3455 791 3592 861 μηδὲ
3621 789 3747 853 τοὺς
3781 791 3838 842 ὲν
3895 789 4055 854 Πάξῳ

2472 883 2840 952 συναχθέντας
2905 885 3190 954 πρόκριμα
3249 883 3326 950 τῷ
3378 883 3653 952 καθολικῷ
3710 882 3895 935 κανόνι
3962 898 4054 943 γε·

2468 978 2674 1031 νέσθαι.
2707 979 2816 1032 Καὶ
2845 978 2957 1048 γάρ
3004 978 3098 1031 καὶ
3128 980 3175 1030 oi
3209 980 3426 1049 ἀρχαῖοι
3474 979 3675 1029 ἐκεῖνοι
3707 976 3923 1045 ἄνδρες,
3956 979 4047 1028 καὶ

2471 1071 2670 1140 μᾶλλον
2692 1070 2805 1121 ὅσοι
2831 1070 3117 1140 ἐγγυτέρω
3142 1070 3252 1122 τῶν
3277 1072 3595 1122 ἀποστόλων
3613 1066 3774 1137 ἦσαν,
3793 1071 3922 1138 περὶ
3957 1071 4052 1137 τῆς

2463 1162 2559 1217 τοῦ
2596 1163 2786 1232 Πάσχα
2824 1163 3018 1232 ἑορτῆς
3053 1162 3460 1230 διαφωνοῦντες
3519 1163 3592 1221 ὡς
3627 1163 3884 1231 μάλιστα,
3920 1163 4053 1224 τέως

2463 1257 2718 1323 ἀλλήλοις
2777 1255 3161 1314 κοινωνοῦντες
3193 1257 3277 1321 ἐφ’
3311 1256 3485 1308 ἆπασι
3518 1256 3635 1317 τοῖς
3687 1254 3874 1316 ἆλῖοις
3901 1253 4053 1306 οὐδα-

2466 1348 2578 1417 μῶς
2599 1342 2910 1418 διεφέροντο
2934 1364 2948 1378 ο
2968 1348 3051 1400 ὅτι
3071 1364 3133 1414 γε
3155 1349 3248 1399 καὶ
3271 1350 3319 1398 oi
3340 1351 3397 1399 ἐν
3432 1350 3496 1418 τῇ
3537 1345 3889 1416 πρεσϐυτέρᾳ
3921 1345 4055 1398 Ῥώ-

2464 1456 2540 1510 μῃ
2572 1439 2904 1492 Ναυατιανοὶ
2941 1439 3154 1508 οὐδαμῆ
3188 1439 3405 1507 σύναμα
3451 1439 3730 1501 Ἰουδαίοις
3757 1438 3819 1490 τὺ
3861 1438 4050 1506 Πάσχα

2460 1532 2760 1584 ἐτέλεσαν·
2795 1531 2911 1585 ἀλλ’
2961 1533 3048 1584 ἀεὶ
3107 1533 3224 1600 μετ’
3279 1532 3574 1602 ἰσημερίαν
3627 1530 3786 1585 τοῦτο
3833 1531 4050 1583 ἐποίουν

2461 1626 2558 1678 σὺν
2591 1627 2706 1688 τοῖς
2764 1629 2969 1689 λοιποῖς
3016 1626 3352 1695 Ῥωμαίοις,
3423 1625 3633 1696 Πέτρου
3679 1625 3773 1678 καὶ
3835 1624 4046 1678 Παύλου

2457 1718 2563 1768 τῶν
2595 1717 2907 1770 ἀποστόλων
2950 1722 3015 1787 τῇ
3066 1718 3367 1787 παραδόσει
3405 1719 3732 1789 χρωμένοις.
3765 1719 3902 1770 Οὐδὲ
3935 1719 4044 1788 γὰρ

2459 1811 2596 1877 πρὸς
2653 1810 2780 1871 τοὺς
2838 1811 3075 1871 οἰκείους
3133 1810 3234 1879 τῆς
3285 1811 3522 1870 πίστεως
3556 1810 3911 1879 διεκρίνοντο,
3968 1811 4044 1880 μὴ

2457 1904 2650 1970 ἐπίσης
2676 1902 2856 1963 αὐτοῖς
2899 1902 3281 1965 ἐπιτελοῦντας
3309 1903 3370 1955 τὸ
3405 1903 3594 1971 Πάσχα
3617 1919 3632 1934 ο
3661 1903 3751 1955 διά
3784 1919 3867 1955 τοι
3887 1903 4046 1956 τοῦτο

2457 1991 2637 2053 καλῶς
2687 1992 2847 2057 δῆθεν
2880 1994 3257 2060 λογισάμενοι,
3310 1994 3405 2046 τὸν
3455 1995 3752 2064 ἀδιάφορον
3801 1995 4042 2065 προῆγον

2457 2084 2656 2136 κανόνα
2683 2101 2696 2113 ·
2744 2085 2817 2146 ὡς
2857 2084 2920 2137 ἂν
2955 2085 3171 2154 ἑκάστῳ
3196 2085 3446 2154 βούλησις
3477 2087 3539 2137 ἔκ
3573 2103 3720 2148 τινος
3753 2087 4044 2154 συνηθείας

2453 2192 2512 2225 τε
2547 2176 2636 2226 καὶ
2660 2175 2982 2244 προλήψεως
3008 2215 3022 2237 ,
3053 2177 3113 2228 τὺ
3149 2178 3340 2246 Πάσχα
3361 2178 3636 2247 ἑορτάζων
3663 2179 3932 2231 ὲπιτελοῖ’
3965 2182 4042 2248 μὴ

2458 2269 2643 2335 μέντοι
2679 2267 2836 2320 τοῦτο
2865 2269 2999 2335 πρὸς
3044 2271 3334 2321 κοινωνίαν
3383 2273 3644 2339 διάφορον
3693 2265 3870 2323 εἶναι’
3905 2271 4044 2323 ἀλλα

2457 2365 2581 2424 τοὺς
2631 2363 2936 2431 ἀδιαφόρως
2988 2364 3347 2431 ἑορτάζοντας
3406 2366 3724 2432 συμφώνους
3787 2361 3922 2417 εἶναι
3973 2368 4039 2432 τῇ

2455 2457 2711 2525 κοινωνίᾳ
2765 2457 2864 2523 τῆς
2909 2457 3261 2524 Ἐκκλησίας.
3303 2460 3412 2511 Καὶ
3442 2459 3623 2510 τοίνυν
3664 2458 3760 2510 τοῦ
3813 2459 4040 2520 κανόνος

2453 2547 2645 2600 τούτου
2703 2547 3116 2616 βεὸαιωθέντος,
3159 2552 3186 2603 ό
3218 2549 3542 2613 Σαϐϐάτιος,
3579 2551 3673 2603 at;
3706 2551 3771 2619 δὴ
3807 2553 3920 2612 τοῖς
3951 2552 4042 2617 ὅρ-

2454 2657 2570 2701 κοις
2603 2639 2797 2705 δεθεὶς,
2858 2643 3009 2709 ὅμως
3057 2645 3170 2704 τοῖς
3197 2643 3480 2705 Ἰουδαίοις
3547 2644 3841 2710 ἑπόμενος,
3879 2645 3928 2695 εἰ
3963 2646 4040 2713 μὴ

2455 2731 2593 2782 κατὰ
2623 2731 2822 2784 ταυτὸν
2854 2731 3085 2794 ἐκείνοις
3143 2732 3344 2801 συνέϐη
3377 2733 3634 2799 γενέσθαι
3685 2735 3784 2800 τὴν
3821 2734 4037 2801 ἑορτὴν,

2455 2823 2783 2891 προφθάνων
2810 2823 3126 2890 ἐνήστευεν,
3157 2822 3350 2894 ὥσπερ
3380 2820 3448 2895 ἦν
3473 2824 3594 2886 ἔθος
3615 2839 3630 2854 °
3684 2826 3778 2878 καὶ⁵
3816 2825 4039 2894 λεληθό-

2453 2931 2558 2975 τως
2580 2915 2648 2966 τὰ
2691 2915 3065 2984 νενομισμένα
3115 2916 3401 2986 πράττων,
3449 2917 3696 2970 ἐπετέλει
3727 2918 3787 2970 τὸ
3824 2919 4045 2987 Πάσχα,

2453 3006 2594 3059 κατὰ
2616 3007 2716 3074 τὴν
2745 3006 2835 3059 τοῦ
2870 3007 3155 3061 Σαϐϐάτω
3188 3009 3433 3078 ἑσπέραν
3459 3009 3641 3078 καιρῷ
3676 3012 4041 3081 προσήκοντι,

2452 3102 2518 3170 τῇ
2554 3116 2612 3152 τε
2638 3100 2916 3170 ἀγρυπνία
2941 3102 3034 3153 καὶ
3062 3103 3180 3165 ταῖς
3203 3102 3394 3166 ἄλλαις
3425 3103 3613 3172 εὐχαῖς
3645 3104 3860 3174 παρὼν,
3894 3108 3960 3174 τῇ
3990 3104 4040 3158 δ’

770 3211 1020 3272 agerent,
1063 3201 1116 3254 in
1167 3199 1426 3254 Ecclesiae
1478 3200 1869 3254 communione
1919 3199 2343 3258 concordarent.
2375 3196 2459 3257 Ci

2375 3203 2417 3257 α
2453 3192 2579 3260 ἑξῆς
2609 3191 2802 3253 κοινῶς
2821 3194 2918 3246 σὺν
2962 3194 3074 3255 τοῖς
3097 3193 3306 3256 λοιποῖς
3331 3197 3545 3264 μετεῖχε
3572 3196 3672 3264 τῆς
3695 3195 3912 3266 ἑορτῆς,
3933 3197 4041 3249 τῶν

772 3297 1056 3367 Ejusmodi
1098 3310 1311 3350 eanoue
1355 3295 1706 3359 confirmato,
1743 3293 2056 3356 Sabbatius,
2098 3296 2191 3363 qui
2243 3295 2349 3349 sei-

769 3389 902 3443 Iitet
932 3389 1301 3458 jurejurando
1334 3386 1637 3442 obstrictus
1675 3396 1839 3453 esset,
1872 3403 1997 3440 cum
2034 3386 2344 3440 Judzeornm

693 3465 695 3468 ’
769 3480 1215 3533 observationem
1272 3487 1623 3546 sequeretur,
1669 3487 2032 3547 prieterquam
2084 3477 2128 3530 si
2177 3479 2347 3531 festus

769 3575 887 3628 dies
930 3573 983 3626 iu
1031 3573 1176 3626 idem
1227 3588 1350 3626 cum
1398 3573 1507 3624 illis
1551 3582 1767 3640 tempus
1812 3571 2082 3625 incideret
2114 3571 2212 3640 (1),
2262 3585 2348 3624 re-

767 3665 948 3733 ceptis
978 3663 1250 3731 statisque
1281 3661 1507 3733 jejuniis
1535 3661 1674 3716 alios
1703 3662 2092 3731 praeveniebat,
2119 3671 2175 3715 et
2205 3660 2342 3714 clam

766 3758 1040 3810 Solvmues
1085 3757 1227 3808 ritus
1271 3754 1574 3824 pcrﬁeicns,
1615 3752 1816 3806 Pascha
1862 3752 2173 3822 peragebat,
2208 3752 2343 3819 legi.

769 3849 1011 3915 limoque
1043 3847 1119 3915 (Ξὶ)
1152 3856 1207 3899 et
1258 3847 1574 3913 vespertino
1607 3844 1829 3898 Sabbati
1876 3852 2120 3911 tempore
2146 3842 2346 3910 vigiliis

766 3949 824 3993 et
867 3938 1283 4006 precationibus
1331 3936 1451 3989 aliis
1507 3939 1780 3989 interesse
1826 3935 2042 3998 solitus,
2083 3933 2344 4001 postridie

769 4047 895 4084 cum
932 4030 1159 4098 reliquis
1183 4028 1550 4082 (tetttsuuniter
1577 4027 1642 4081 dc
1679 4027 1819 4080 testo
1855 4026 1943 4080 die
1969 4026 2342 4094 participavit,

767 4122 1064 4190 divinaque
1111 4120 1368 4191 mysteria
1418 4118 1684 4188 percepit.
1729 4115 1842 4172 lloc
1886 4119 1966 4171 sic
2008 4132 2131 4170 cum
2182 4116 2342 4170 annis

767 4216 978 4284 aliquot
1010 4214 1242 4267 latenter
1277 4212 1500 4272 faceret,
1535 4210 1741 4262 diutius
1774 4211 2018 4277 seipsum
2060 4210 2339 4264 occultare

767 4319 876 4358 non
911 4304 1108 4372 potuit.
1144 4301 1280 4355 Cum
1311 4302 1457 4354 enim
1489 4300 1638 4352 brevi
1672 4300 2047 4352 celebritatem
2081 4315 2144 4352 ex
2184 4314 2246 4352 ea
2285 4315 2340 4353 re

2451 3285 2611 3337 θείων
2677 3287 2996 3354 μυστηρίων
3042 3285 3372 3354 ἁπτόμενος.
3439 3288 3547 3340 Καὶ
3590 3287 3749 3339 τοῦτο
3806 3287 3898 3338 ἐπὶ
3941 3287 4040 3354 ἐτη

2451 3376 2623 3428 πολλὰ
2674 3375 2844 3428 ποιῶν
2891 3376 3270 3428 διελάνθανεν’
3305 3377 3420 3429 ἁλλ’
3451 3381 3551 3430 οὐκ
3606 3379 3845 3430 ἐπιπολὺ
3903 3380 4039 3448 κρὺο

2450 3483 2604 3518 πτειν
2633 3467 2825 3518 ἑαυτὸν
2852 3466 3083 3535 ἠδύνατο
3103 3481 3117 3494 ·
3153 3469 3424 3536 iniungo;
3455 3468 3564 3538 γάρ
3609 3468 3864 3522 ἐντεῦθεν
3889 3472 3948 3522 ὲν
3973 3471 4034 3521 οὗ

2449 3557 2630 3627 πολλῷ
2664 3557 2927 3624 γεγονὼς,
2986 3559 3216 3620 πολλοὺς
3247 3561 3354 3611 τῶν
3394 3561 3784 3631 ἁπλουστέρων
3813 3563 4039 3630 ἐφελκύ-

2452 3665 2610 3717 μενος
2663 3648 2912 3717 ζηλωτάς
2964 3649 3088 3719 ἔσχε
3113 3668 3125 3680 ·
3169 3653 3262 3703 καὶ
3296 3651 3535 3720 μάλιστα
3562 3655 3781 3722 Φρύγας
3811 3657 3908 3708 καὶ
3935 3656 4038 3710 Γα-

2452 3743 2641 3806 λάτας,
2677 3743 2727 3795 οἳ
2785 3746 3013 3814 πάτριον
3057 3747 3273 3815 ἔχοντες
3328 3747 3472 3801 οὕτω
3502 3750 3806 3818 νηστεύειν,
3867 3751 4038 3821 ᾧοντο

2445 3837 2806 3892 δικαιοῦσθαι.
2866 3838 3054 3909 Τούτῳ
3111 3842 3370 3907 ἑπόμενοι
3428 3843 3523 3894 καὶ
3577 3843 3752 3913 λάθρα
3809 3844 4031 3914 σύναμα

2465 3930 2741 3993 Ἰουδαίοις
2800 3931 2900 4001 τὴν
2945 3933 3040 3983 τοῦ
3098 3933 3290 4002 Πάσχα
3344 3936 3540 4004 ἑορτὴν
3587 3937 3826 3989 ἐποίουν.
3873 3939 4034 3992 Ἀλλά

2448 4023 2744 4086 Σαϐϐάτιος
2773 4027 2958 4095 ἡρέμα
2989 4043 3062 4078 πα
3076 4030 3419 4095 ρασυνάγων,
3448 4030 3672 4081 ἐκείνων
3699 4047 3756 4081 τε
3789 4032 4035 4100 ἀπέστη,

2449 4117 2541 4166 καὶ⁵
2572 4115 2698 4177 τοὺς
2727 4117 2924 4184 ὅρκους
2962 4117 3186 4184 θέμενος
3213 4119 3344 4186 παρ’
3369 4121 3547 4186 οὐδὲν,
3577 4122 3684 4172 τῶν
3711 4121 3865 4191 αὐτῷ
3905 4125 4038 4176 ἑπο-

2452 4209 2630 4277 μένων
2660 4209 2754 4279 τὴν
2805 4210 3115 4280 ἐπισκοπὴν
3162 4211 3452 4276 ἀνεδέξατο
3476 4254 3490 4276 ,
3525 4213 3601 4275 ὡς
3638 4214 3777 4282 μετά
3831 4218 4036 4284 μικρὸν

2448 4300 2806 4369 διαλήψομαι.

768 4407 1101 4452 consecutus
1151 4407 1316 4457 esset,
1356 4393 1653 4462 permultos
1701 4409 1768 4446 ex
1815 4392 2250 4461 simplicioribus
2293 4392 2358 4446 ad
2401 4409 2458 4448 se
2500 4405 2804 4463 pertractos
2844 4395 3196 4448 :etnulatores
3233 4395 3451 4457 habuit,
3486 4406 3539 4450 et
3582 4399 3822 4453 maxime
3858 4401 4040 4468 Phry-

769 4509 862 4561 ges
894 4499 948 4544 et
986 4489 1226 4543 Galatas.
1269 4489 1373 4554 Qui
1407 4488 1667 4556 quoniam
1707 4489 1883 4555 patrio
1919 4503 2069 4541 more
2112 4487 2189 4541 sic
2224 4487 2570 4557 jejunabaut,
2611 4503 2819 4542 morem
2885 4503 3012 4542 eum
3063 4500 3122 4542 ut
3175 4490 3465 4543 rectiorem
3513 4490 3831 4544 conﬁrmari
3873 4505 4041 4561 pitta-

770 4601 991 4646 verunt.
1027 4590 1215 4658 Itaque
1262 4591 1408 4640 hunc
1439 4586 1636 4648 secuti,
1673 4586 1812 4639 clam
1854 4586 2018 4638 etiam
2071 4601 2175 4638 una
2223 4602 2346 4639 cum
2384 4587 2590 4642 ludatis
2633 4586 2838 4640 Pascha
2900 4587 3275 4640 celebrarunt.
3309 4587 3374 4639 Et
3402 4587 3700 4642 Sabbatius
3764 4605 3898 4644 suos
3928 4594 4039 4645 sibi

770 4685 1029 4758 paulatim
1066 4693 1372 4738 conventus
1406 4696 1594 4748 agens,
1627 4697 1654 4732 a
1706 4679 1932 4747 reliquis
1962 4678 2281 4733 Novatianis
2320 4681 2550 4734 secessit
2594 4696 2605 4731 :
2644 4688 2700 4732 et
2734 4680 3093 4749 jurejurando
3149 4693 3246 4746 pro
3280 4680 3452 4732 nihilo
3491 4681 3700 4740 habito,
3744 4685 4040 4755 episcopa-

774 4796 888 4839 tum
920 4780 1065 4851 apud
1121 4786 1425 4832 sectatores
1475 4791 1604 4829 suos
1650 4774 1914 4844 suscepit,
1959 4775 2124 4828 sicuti
2160 4773 2321 4843 paulo
2368 4786 2490 4843 post
2530 4775 2730 4828 dicam.

1227 4892 1635 4963 239mm”
1678 4890 1893 4944 xxxu.
1973 4931 1980 4937 .
2375 4902 2416 4955 υ

771 4994 1040 5050 benteutia
1077 4998 1122 5042 et
1145 4990 1403 5056 judicium
1445 4987 1673 5056 auctoris
1722 4988 1785 5036 de
1826 4986 1958 5051 {esto
1982 4983 2238 5056 fasc/ur.
2276 4983 2350 5036 De

843 5053 1338 5129 Quartodecimanis
1393 5065 1440 5108 et
1485 5055 1834 5118 Montanistia,
1863 5066 1916 5107 ut
1970 5053 2173 5107 Pascha
2217 5056 2348 5105 rele-

842 5139 1012 5187 brent.

3032 4891 3278 4942 ΚΙΞΦΛΛ.
3318 4887 3440 4941 ΛΒ’.

2474 4986 2801 5049 Ἐπίκρισις
2858 4983 2953 5045 καὶ
3007 4985 3394 5047 ὃιαλομσμὸς
3462 4979 3574 5050 τοῦ
3637 4984 4041 5050 συγγραφέως

2527 5057 2658 5118 περὶ
2714 5053 2824 5118 τῆς
2884 5052 2984 5104 τοῦ
3039 5051 3251 5116 ΙΙάο-χα
3305 5049 3554 5115 ἑορτῆς·
3600 5051 3697 5101 καί
3751 5049 4045 5118 περῖτώγ

2533 5121 3292 5189 Τεσσαρεσκηιὸειιατιτῶν,
3327 5121 3420 5171 κα)
3443 5119 3558 5170 τῶν
3577 5122 4041 5185 Μοντιινιστώι·,

2527 5194 2684 5257 ὅπως
2726 5204 2786 5244 tu‘
2825 5192 3040 5259 Πάσχα
3079 5191 3385 5242 τελοῦσιν.

845 5313 950 5370 Sed
986 5312 1132 5368 enim
1180 5325 1280 5379 ego
1330 5321 1385 5363 et
1434 5308 1749 5362 Sabbatium
1796 5316 1850 5360 et
1889 5317 2189 5361 sectatores
2226 5314 2346 5378 cjns

2536 5307 2679 5372 Ἐγὼ
2711 5306 2768 5357 δὲ
2808 5302 3072 5373 θαυμάζω
3109 5302 3408 5356 Σαῦΰάτιον
3440 5305 3533 5355 καὶ
3569 5305 3683 5356 ὅσοι
3719 5306 3876 5375 αὐτῷ
3913 5311 4047 5375 ἠκο-

775 5408 1037 5471 dcmiror,
1067 5402 1199 5473 quid
1226 5402 1305 5455 eis
1335 5401 1386 5455 iu
1422 5412 1680 5461 mentem,
1712 5412 1768 5452 nt
1801 5400 1996 5453 festum
2021 5399 2166 5452 hunc
2199 5399 2343 5453 diem

776 5502 1130 5557 iunovarent,
1168 5497 1379 5546 venerit
1409 5510 1422 5546 :
1453 5507 1577 5546 cum
1612 5492 1678 5545 ab
1709 5491 1869 5544 initio
1902 5490 2073 5546 Judaai
2110 5502 2348 5555 veteres,

777 5591 941 5645 sicuti
985 5585 1256 5642 Eusebius
1281 5583 1545 5653 Pamphili
1586 5565 1863 5636 memoria:
1902 5581 2162 5650 prodidit,
2193 5581 2348 5635 lose-

779 5684 973 5752 phum,
1000 5680 1307 5742 Philonem,
1339 5675 1734 5740 Aristobulum,
1762 5681 1948 5727 etnon
1980 5687 2183 5742 paucos
2215 5673 2353 5726 alios

853 5793 930 5861 tl)
966 5793 1081 5847 Hoc
1113 5802 1231 5857 est,
1287 5794 1331 5845 si
1369 5805 1560 5845 omnes
1607 5788 1799 5861 eodem
1855 5798 2098 5861 tempore
2145 5787 2352 5842 Pascha

781 5859 1042 5936 peragere
1073 5865 1434 5936 cont-ingeret.
1469 5863 1591 5916 Soz.
1629 5860 1717 5914 Sic
1749 5860 1838 5914 ille
1870 5859 1953 5913 bis
1994 5861 2184 5914 eodem
2211 5875 2353 5914 anno

2453 5399 2739 5466 λούθησαν,
2785 5399 2901 5458 πῶς
2938 5400 3005 5449 τά
3049 5397 3271 5449 τοιαῦτα
3317 5398 3674 5466 ἐνεωτέρισαν
3701 5413 3716 5429 ⁸
3763 5401 3880 5452 τῶν
3925 5403 4050 5452 κατ’

2450 5494 2626 5559 ἀρχὰς
2661 5487 2964 5557 Ἐϐραίων,
3001 5489 3074 5550 ὡς
3107 5491 3134 5540 ὁ
3172 5488 3455 5556 Παμφῖλου
3498 5490 3760 5552 Εὐσέϐιος
3800 5492 4052 5562 ἱστορεῖ,

2457 5587 2709 5650 μάρτυρα
2751 5583 3016 5650 παράγων
3053 5583 3313 5650 Ἰώσηπόν
3350 5598 3406 5633 τε
3448 5584 3540 5634 καὶ
3579 5583 3828 5647 Φίλωνα,
3870 5588 3952 5638 ἔτι
3997 5589 4054 5638 δὲ

2467 5675 2874 5743 Ἀριστόϐουλον
2909 5675 3001 5728 καὶ
3034 5677 3132 5727 οὐκ
3168 5676 3381 5743 ὀλίγους
3418 5675 3612 5739 ἄλλους
3635 5717 3650 5742 ,
3687 5677 3810 5746 μετ’
3847 5681 4056 5750 ἰσημε-

2460 5790 2667 5846 Pascha
2701 5792 2982 5843 celebrare
3014 5792 3342 5859 quandoque
3377 5791 3571 5846 solitus
3601 5803 3710 5846 est.

2531 5862 2604 5930 (ξι)
2640 5861 3048 5916 Μοτε·.1ιιύειίιο
3081 5862 3311 5916 scilicet.
