4278 6438
221 438 330 498 853

1151 429 1754 493 ECCLESIASTICA‘J
1794 429 2186 490 HISTOBLE
2229 430 2376 489 LIB.
2413 429 2552 491 XII.

3373 430 3479 493 85$

218 547 442 600 videtur
465 586 480 609 ,
522 543 989 613 quemadmodum
1019 541 1122 596 alia
1157 542 1392 612 plurima
1433 538 1714 611 plerisque
1775 539 1832 594 in
1872 539 2010 594 Iocis
2042 553 2197 594 suam
2231 539 2524 608 obtinuere
2555 539 3037 604 consuetudinem,
3071 539 3145 594 ita
3175 541 3227 596 id
3258 557 3479 612 quoque

215 644 289 697 de
324 640 545 696 Pascha:
577 638 718 694 festo
754 638 1052 704 accidisse;
1083 637 1230 707 quod
1260 652 1326 692 ex
1363 652 1516 692 more
1557 637 1791 706 quodam
1830 636 1975 707 apud
2040 647 2251 706 gentes,
2314 653 2546 708 quaque
2582 653 2734 693 suam
2765 635 2963 692 habuit
2991 636 3434 694 observationem
3463 657 3476 691 :

216 744 278 789 nt
329 734 464 790 satis
519 734 868 789 manifestum
927 734 1030 798 sit,
1083 732 1356 787 neminem
1410 731 1787 801 apostolorum
1826 732 2126 802 quidquam
2181 731 2250 788 de
2339 731 2479 787 festo
2567 732 2671 786 hoc
2730 731 2820 788 die
2871 731 3005 802 legis
3051 731 3292 788 factione
3343 746 3471 787 con-

212 830 483 883 stituisse.

806 947 1054 1000 ΚΕΦᾹΛ.
1093 947 1215 1001 AI".

213 1038 346 1090 Ὀτι
381 1036 506 1100 τοῖς
550 1036 831 1102 παλαιοῖς
868 1038 988 1090 ἔθει
1024 1037 1249 1104 ἀρχαίῳ
1283 1033 1522 1103 μᾶλλον
1555 1035 1593 1100 ἢ
1635 1032 1796 1104 νόμῳ

284 1106 546 1160 ἐτελεῖτο
567 1107 636 1160 ἐκ
659 1107 1045 1174 παραδόσεως
1073 1107 1109 1173 ἠ
1128 1103 1246 1160 τοῦ
1280 1105 1492 1173 Πάσχα
1526 1103 1726 1172 ἑορτή.

285 1291 411 1366 ὐτι
447 1291 492 1342 δ’
519 1291 579 1355 ἐξ
619 1291 795 1361 ἀρχῆς
837 1291 950 1344 ἔθει
993 1291 1197 1360 μᾶλλον
1241 1292 1273 1362 ἢ
1315 1291 1464 1360 νόμῳ
1505 1291 1566 1341 τὸ
1607 1289 1798 1358 Πάσχα

210 1386 314 1454 την
347 1387 736 1455 παρατήρησιν
767 1385 925 1454 ἔσχεν
947 1428 960 1450 ,
995 1388 1056 1438 ἐκ
1092 1386 1200 1438 τῶν
1232 1387 1577 1453 πραγμάτων
1610 1381 1798 1447 σαφῶς

211 1478 668 1547 παραστήσομεν.
722 1477 831 1529 Καὶ
881 1477 992 1548 γὰρ
1039 1477 1180 1530 κατά
1229 1477 1329 1546 τὴν
1379 1479 1584 1547 μικράν
1613 1476 1798 1529 Ἀσίαν

212 1567 325 1618 ἀπὸ
367 1568 478 1618 τῶν
518 1567 840 1622 ἀποστόλων
880 1570 941 1621 τὸ
985 1568 1260 1620 Σάσὸατον
1302 1568 1658 1638 παριδόντες,
1701 1571 1799 1639 τὴν

209 1660 824 1727 τεσσαρεσκαιδεκάτην
870 1661 966 1728 τῆς
1017 1660 1247 1730 σελήνης
1297 1661 1594 1730 ἐτήρησαν.
1642 1658 1800 1710 Οὕτω

210 1749 268 1800 δὲ
299 1750 655 1819 πράττοντες,
685 1751 936 1818 οὐδαμῶς
966 1753 1278 1819 διεφέροντο
1307 1752 1444 1820 πρὸς
1470 1751 1595 1814 τοὺς
1626 1751 1798 1812 ἄλλως

210 1841 350 1893 αὐτὸ
403 1844 782 1911 πράττονταςο
836 1843 938 1905 ἑαῖς
989 1840 1048 1897 οὗ
1105 1845 1319 1912 Βίκτωρ
1367 1845 1394 1896 ὀ
1442 1843 1542 1911 τῆς
1585 1843 1801 1913 Ῥώμης

212 1932 540 1995 ἐπίσκοπος,
593 1935 818 1987 πλεῖστα
863 1935 1308 2006 δ.αθερμανοεὶς,
1353 1935 1646 2005 γράμματι
1689 1937 1800 1997 τοῖς

212 2024 363 2076 κατὰ
407 2026 507 2093 τὴν
537 2026 725 2080 Ἀσίαν
769 2029 870 2096 τὴν
918 2030 1518 2097 τεσσαρεσκαιδεκάτην
1567 2031 1695 2096 τιμά
1717 2045 1801 2079 σιν

210 2119 622 2188 ἀκοινωνησίαν
659 2121 1040 2185 κατεδίκαζεν.
1076 2124 1193 2190 Ἐφ’
1225 2117 1269 2191 ᾦ
1313 2124 1477 2176 πάλιν
1514 2123 1802 2192 Εἰρηναίον

207 2210 306 2261 τὸν
353 2212 411 2262 ἑν
453 2211 778 2283 Λουγδούνῳ
821 2214 930 2266 τῶν
975 2215 1214 2268 Γαλλιῶν
1261 2215 1664 2266 ἐπισκοποῦντα
1716 2214 1802 2264 Βί-

2333 937 2495 1009 292
2536 937 2761 996 CAPUT
2817 935 3054 992 XXXIII.

1904 1034 2054 1100 Quod
2087 1041 2280 1087 veteres
2310 1033 2685 1086 consuetudine
2716 1034 2884 1100 magis
2903 1033 3144 1093 antiqua,
3185 1045 3344 1100 ᾳιιαιει
3372 1027 3484 1097 legs

1974 1105 2110 1166 ulla,
2133 1105 2295 1172 juxta
2330 1102 2554 1157 Patrum
2603 1098 2964 1166 traditionem,
3001 1100 3200 1154 Pascha
3250 1098 3484 1152 celebra-

1974 1178 2104 1229 rint.

1973 1292 2150 1346 Porro
2200 1291 2346 1360 quod
2403 1290 2471 1344 ab
2522 1291 2683 1344 initio
2739 1287 2945 1342 Pascha
3005 1285 3253 1339 moribus
3306 1282 3482 1352 magis

1901 1395 2065 1450 quam
2091 1379 2306 1449 legibus
2333 1379 2683 1432 observatum
2711 1380 2801 1442 sit,
2832 1392 2892 1430 rc
2915 1377 3029 1445 ipsa
3055 1375 3482 1430 declarabimus.

1899 1471 2002 1538 Qui
2037 1487 2272 1540 namque
2303 1472 2571 1524 minorem
2601 1469 2783 1524 Asiam
2813 1467 3116 1530 incoluere,
3153 1466 3378 1536 plurimi
3415 1467 3486 1520 ab

1902 1564 2276 1632 apostolorum
2327 1561 2670 1633 temporibus
2713 1559 2954 1616 Sabbato
2997 1560 3299 1630 despecto,
3330 1557 3482 1612 deci-

1902 1672 2044 1710 mam
2083 1665 2333 1725 quartam
2381 1658 2525 1710 Iuna:
2551 1654 2698 1708 diem
2732 1652 3119 1708 observarunt.
3160 1649 3318 1718 Quod
3353 1664 3480 1706 cum

1905 1746 2170 1813 facerent,
2207 1759 2556 1816 nequaquam
2587 1744 2657 1798 ab
2688 1744 2832 1810 aliis,
2864 1744 2958 1812 qui
3000 1743 3104 1797 hoc
3147 1757 3256 1796 non
3290 1740 3482 1795 itidem

1905 1841 2185 1904 facerent,
2219 1839 2603 1894 dissidebant:
2635 1837 2817 1908 quoad
2855 1836 3044 1892 Victor
3072 1836 3149 1907 (Ι)
3187 1833 3344 1890 urbis
3379 1835 3488 1889 Ro-

1905 1951 2079 1988 mamn
2143 1935 2468 2004 episcopus,
2517 1933 2818 2003 plurimum
2885 1939 3234 1996 commotus,
3284 1927 3490 1984 litteris

1904 2027 2134 2080 Asianos
2162 2038 2418 2095 quartam
2451 2026 2724 2079 decimam
2758 2024 2905 2079 diem
2937 2023 3183 2078 colentes
3207 2022 3488 2076 damnavit

1903 2132 2068 2188 atque
2093 2118 2616 2173 excommunicavit.
2644 2118 2819 2183 Quam
2849 2117 2920 2169 ob
2953 2129 3176 2168 causam
3203 2129 3235 2168 e
3267 2113 3490 2168 diverso

1906 2212 2144 2266 lreuaaus
2178 2211 2569 2281 Lugdunensis
2613 2211 2664 2263 in
2705 2209 2900 2264 Galliis
2927 2209 3258 2276 episcopus,
3294 2207 3360 2260 ad
3397 2204 3485 2260 Vi-

211 2317 392 2369 κτωρι
425 2304 691 2357 τάναντία
734 2305 800 2357 δι’
828 2306 1130 2373 ἐπιστολῆς·
1158 2309 1401 2373 σημῆναι
1462 2307 1804 2374 Κατατρέλβι
1838 2311 1878 2364 Β

1801 2344 1804 2356 .
1838 2311 1878 2364 Β
1909 2315 2117 2358 ctorem
2163 2305 2375 2358 litteras
2418 2301 2609 2367 dedit,
2649 2301 2854 2370 quibus
2895 2299 3047 2354 illum
3094 2299 3385 2370 objurgat,
3431 2306 3490 2353 ct

215 2392 320 2457 μὲν
354 2395 464 2462 γὰρ
503 2396 667 2448 αὑτοῦ
695 2437 712 2461 ,
746 2399 804 2450 ιν
842 2399 1049 2466 μέμ-ξει
1089 2399 1142 2450 δὲ
1177 2401 1234 2450 τό
1279 2399 1481 2467 θερμὸν
1519 2400 1616 2467 τῆς
1661 2401 1801 2466 πρά-

212 2483 353 2548 ξεως
389 2485 594 2539 τίθεται
621 2505 635 2518 ο
671 2487 890 2552 διεξιών
923 2507 979 2540 τε
1012 2489 1538 2558 διδασκαλικώτερον
1560 2533 1572 2556 ,
1604 2492 1676 2552 ὼς
1712 2491 1804 2542 καὶ

209 2579 262 2629 οἱ
299 2578 655 2649 ὰρχαιότεριι
689 2581 1075 2644 κοινωνοῦντες
1111 2586 1251 2635 κατά
1283 2585 1390 2635 πᾶν
1422 2585 1673 2651 ἀλλήλοις
1703 2582 1799 2636 τοῦ

213 2670 680 2740 Χριστιανισμοΰ,
718 2676 847 2743 περὶ
877 2674 970 2726 τὸν
1000 2674 1092 2727 τοῦ
1127 2675 1318 2744 Πάσχα
1349 2677 1646 2743 διεφώνουν
1681 2694 1808 2728 και-

215 2764 336 2828 ρδν,
377 2762 547 2832 μηδὲν
582 2764 744 2816 τοῦτο
785 2767 1078 2835 ἡγούμενοι
1122 2767 1408 2836 πρόκριμα
1435 2783 1449 2796 ·
1487 2767 1804 2838 προστιθεὶς

211 2855 294 2916 ὡς
324 2855 420 2907 καὶ
451 2853 810 2925 Πολύκαρπος
838 2857 937 2921 τῆς
967 2857 1294 2927 Σμυρναίων
1321 2859 1618 2922 ιπίσκοπος
1647 2877 1806 2928 γεγο-

215 2946 362 3010 νὼς,
399 2947 458 3008 ὃς
499 2947 591 2999 ἐπὶ
631 2947 671 2999 Γ
675 2947 930 3016 ορδιανοῦ
966 2949 1058 3001 τὸν
1090 2949 1184 3002 τοῦ
1227 2952 1536 3020 μαρτυρίου
1578 2950 1805 3022 ὕστερον

213 3039 528 3108 ἀνεδήσατο
563 3041 862 3110 στέφανον,
899 3045 966 3111 τῇ
1013 3040 1202 3114 Ῥώμῃ
1236 3044 1587 3114 ἐπιδημήσας
1609 3086 1624 3110 ,
1657 3045 1804 3099 ’Δνι-

215 3130 374 3198 κήτῳ
408 3128 487 3199 τῷ
522 3131 811 3200 Ῥωμαίων
844 3134 1132 3204 ὲπισκὸπῳ
1173 3135 1474 3189 καθίστατο
1516 3141 1803 3204 κοινωνὸς,

217 3223 358 3290 μήτι
403 3222 820 3294 διακρινόμενος
871 3229 1001 3296 περὶ
1047 3228 1139 3280 τοῦ
1191 3229 1426 3298 Πάσχα’
1476 3231 1667 3299 ὅτιπερ
1717 3233 1808 3283 καὶ

215 3315 385 3376 αὐτὸς
437 3318 466 3368 ὁ
521 3317 881 3386 Πολύκαρπος
935 3321 1188 3392 ἐγχωρίῳ
1239 3323 1344 3373 τινί
1400 3323 1662 3392 συνηθείᾳ
1711 3323 1808 3392 τῆς

217 3407 555 3474 Σμυρναίων
586 3411 728 3462 κατὰ
757 3411 856 3479 τήν
887 3413 1500 3482 τεσσαρεσκαιδεκάτην
1526 3413 1586 3466 τὸ
1618 3415 1809 3484 [Ιάσχα

212 3498 484 3551 διατελῶν
509 3494 578 3569 ἦν
601 3515 617 3532 ο
646 3499 722 3562 ὡς
751 3501 848 3555 καὶ
876 3502 904 3554 ὁ
935 3503 1225 3572 Παμφίλου
1253 3504 1508 3568 Εὐσέϐιος
1541 3509 1810 3575 μαρτυρεῖ

213 3593 366 3645 κατὰ
398 3594 497 3662 τὴν
534 3595 797 3664 πέμπτην
831 3597 928 3664 τῆς
963 3597 1428 3667 ἐκκλησιαστικῆς
1452 3600 1616 3652 αὐτοῦ
1647 3602 1808 3655 Ἰστο-

216 3685 367 3754 ρίας.
399 3686 685 3740 Δείκνυται
714 3688 918 3749 τοίνυν,
947 3689 1020 3750 ὡς
1053 3689 1210 3758 ἔφην,
1239 3692 1322 3744 ὅτι
1351 3692 1494 3754 τινὲς
1525 3695 1582 3745 ὲν
1611 3699 1675 3763 τῇ
1713 3715 1808 3764 μι-

215 3775 334 3844 κρᾷ
356 3775 513 3844 Ἀσίᾳ
539 3775 638 3844 τὴν
663 3777 1272 3847 τεσσαρεσκαιδεκάτην
1299 3780 1397 3848 τῆς
1427 3779 1654 3849 σελήνης
1687 3784 1810 3852 eri;-

218 3882 354 3933 ρουν
381 3880 395 3896 ο
429 3866 581 3919 ἄλλοι
614 3866 670 3920 δὲ
701 3867 809 3919 τῶν
842 3870 898 3920 ὲν
928 3871 1041 3930 τοῖς
1077 3871 1337 3938 ἀνωτέρω
1367 3871 1467 3939 τῆς
1502 3872 1576 3924 ξω
1613 3875 1672 3925 τὸ
1712 3875 1809 3942 μὲν

216 3959 504 4012 Σάὸὅατον
543 3960 747 4028 μᾶλλον
779 3961 1012 4029 ἐτήρουν
1048 3961 1144 4030 τῆς
1185 3963 1381 4034 ἑορτῆς
1409 3981 1422 3994 ο
1462 3967 1587 4031 περὶ
1629 3966 1683 4017 δὲ
1719 3966 1809 4017 τὸν

219 4053 374 4122 μῆνα
409 4052 728 4121 διε-θέροντο
767 4053 970 4120 μᾶλλον
999 4069 1013 4082 ⁶
1051 4051 1127 4105 ὧν
1159 4055 1207 4107 oi
1249 4055 1348 4123 μὲν
1382 4059 1495 4117 τοῖς
1529 4055 1809 4122 Ἰουδαίοις

213 4144 455 4198 ἔπεσθαι
489 4145 704 4213 ήθελον,
733 4148 829 4199 καὶ
856 4145 1030 4199 ταῦτα
1056 4148 1156 4215 τῆς
1181 4149 1464 4216 ἀκριϐείας
1500 4151 1669 4202 πάλαι
1698 4152 1809 4203 διο⁹

212 4239 549 4306 λισθήσασιν
572 4254 584 4268 ·
616 4238 747 4290 ouk
775 4237 932 4290 τοῦτο
964 4239 1169 4308 μᾶλλον
1194 4240 1283 4292 διὰ
1316 4241 1508 4311 μίσους
1530 4243 1809 4311 τιθέμενοι

217 4337 367 4403 μετα
401 4333 502 4401 τὴν
536 4333 763 4403 ἐαρινὴν
802 4333 1098 4403 ἰσημερίαν
1133 4335 1308 4388 τελεῖν
1342 4336 1499 4388 τοῦτο
1532 4338 1768 4408 ᾑροῦντο
1794 4355 1807 4370 ·

209 4429 334 4480 δεῖν
357 4427 612 4493 λέγοντες
638 4430 726 4479 ἀεὶ
752 4428 812 4478 τὸ
840 4428 1030 4495 Πάσχα
1055 4430 1250 4492 ποιεῖν,
1278 4430 1332 4481 ὲν
1362 4430 1516 4500 Κριῷ
1539 4431 1631 4482 τοῦ
1656 4432 1810 4500 ήλίου

210 4520 398 4581 ὄντος,
443 4521 522 4589 τῷ
569 4519 690 4573 κατ’
717 4521 1031 4590 Ἀντιοχέας
1079 4520 1352 4591 Ξανθικῷ,
1402 4525 1542 4576 κατὰ
1584 4524 1638 4577 δὲ
1682 4525 1808 4585 τοὺς

227 4613 543 4681 Ῥωμαίους
562 4613 862 4682 ’Δπριλλίῳ
892 4613 1022 4683 μηνί
1046 4630 1058 4643 ·
1088 4615 1445 4682 πειθομένους
1476 4619 1548 4684 μη
1577 4619 1689 4680 τοῖς
1716 4617 1808 4668 νῦν

211 4705 602 4775 πλανωμένοις
628 4704 907 4766 Ἰουδαίοις
927 4747 941 4768 ,
975 4705 1110 4758 ἀλλὰ
1140 4708 1252 4767 τοῖς
1286 4708 1669 4777 ἀρχαιοτέροις
1707 4711 1808 4774 μά-

1908 2395 2121 2448 facinus
2163 2403 2269 2447 tam
2304 2392 2547 2448 calidum
2580 2390 2984 2462 reprehendit:
3023 2389 3286 2459 perdocte
3319 2401 3492 2456 expo-

1905 2503 2079 2550 nens,
2112 2486 2261 2557 quod
2300 2500 2424 2539 cum
2455 2485 2802 2554 antiquiores
2841 2483 3005 2537 etiam
3037 2481 3488 2539 communionem

1906 2594 2091 2634 rerum
2140 2578 2389 2634 omnium
2436 2577 2583 2631 inter
2621 2591 2681 2631 se
2721 2577 2776 2630 in
2809 2574 3243 2631 Cbristianismo
3283 2575 3490 2629 retine-

1907 2683 2049 2733 rent,
2077 2683 2133 2724 et
2162 2672 2230 2725 de
2262 2669 2482 2725 Pascha:
2507 2669 2632 2724 festi
2663 2680 2912 2738 tempore
2933 2667 3239 2732 variarent,
3270 2665 3484 2724 nullum

1907 2763 1960 2819 id
2015 2765 2330 2833 putaverint
2375 2779 2497 2819 esse
2549 2763 2979 2834 prmjudlcium;
3018 2760 3294 2832 adﬁciens
3354 2774 3492 2828 prae-

1908 2866 2095 2922 terea,
2143 2855 2506 2926 Polycarpum
2541 2855 2789 2926 Smyrna:
2817 2853 3141 2924 episcopum
3163 2891 3180 2918 ,
3236 2851 3333 2922 qui
3383 2851 3491 2906 sub

1907 2946 2190 3002 Gordiano
2217 2958 2404 3017 postea
2434 2962 2695 3002 coronam
2722 2945 2970 3017 martyrii
2999 2943 3230 3015 recepit,
3257 2943 3487 2998 Romam

1910 3041 2162 3103 venisse,
2200 3050 2256 3094 et
2288 3055 2412 3094 cum
2449 3039 2680 3094 Aniceto
2709 3038 2832 3108 ejus
2860 3037 3015 3093 urbis
3047 3038 3310 3108 episcopo
3338 3049 3495 3090 com-

1909 3134 2246 3196 municasse,
2285 3131 2423 3186 nihil
2467 3131 2536 3186 de
2566 3130 2708 3186 festo
2750 3129 2972 3184 Pascha:
3019 3143 3144 3184 cum
3185 3143 3254 3183 eo
3302 3125 3490 3182 disce-

1911 3234 2182 3293 ptantem.
2230 3224 2362 3277 Nam
2404 3233 2461 3278 ct
2506 3223 2623 3293 ipse
2669 3222 3005 3294 Polycarpus
3043 3220 3219 3291 patria
3254 3219 3492 3290 quadam

1913 3316 2334 3388 Smyrnensium
2389 3315 2832 3378 consuetudine,
2885 3313 3102 3368 decima
3158 3322 3353 3383 quarta
3402 3313 3493 3368 die

1914 3407 2122 3461 Pascha
2158 3405 2513 3464 celebrabat:
2549 3407 2714 3462 sicuti
2753 3406 3029 3461 Eusebius
3066 3421 3288 3475 quoque
3330 3405 3492 3460 Pam-

1915 3500 2050 3570 phili
2102 3501 2156 3554 in
2204 3499 2402 3570 quinto
2447 3499 2837 3554 ecclesiasticae
2893 3498 3144 3553 Historiae
3189 3511 3304 3552 suae
3351 3497 3496 3553 libro

1917 3600 2171 3647 testatur.
2218 3592 2446 3647 Constat
2496 3593 2681 3663 igitur,
2727 3593 2889 3647 sicuti
2933 3591 3077 3657 dixi,
3127 3590 3398 3662 quosdam
3432 3591 3490 3646 in

1915 3689 2126 3743 minore
2162 3689 2291 3744 Asia
2332 3690 2603 3746 decimam
2636 3699 2890 3759 quartam
2931 3690 3080 3745 luna:
3113 3689 3258 3744 diem
3295 3687 3490 3744 obser-

1914 3796 2091 3836 vasse.
2123 3781 2231 3836 Alii
2265 3797 2426 3845 vero,
2459 3782 2552 3851 qui
2587 3783 2640 3836 in
2673 3779 3060 3852 superioribus
3089 3780 3333 3837 Orientis
3370 3797 3494 3851 par-

1915 3875 2063 3927 tibus
2099 3875 2372 3939 babitant,
2410 3873 2708 3929 Sabbatum
2742 3875 2881 3929 festo
2913 3890 2982 3929 eo
3011 3874 3346 3929 celebrando
3378 3890 3492 3928 Ina-

1913 3967 1994 4036 gis
2041 3968 2285 4022 coluere.
2339 3967 2610 4022 Caeterum
2659 3967 2728 4022 de
2786 3983 2975 4023 mense
3021 3969 3105 4022 eis
3154 3969 3328 4034 major
3390 3969 3494 4021 fuit

1913 4060 2219 4113 contentio.
2272 4059 2507 4125 Quidam
2556 4074 2794 4128 namque
2843 4058 3065 4115 Judaaus
3109 4065 3264 4129 sequi
3306 4061 3492 4115 voluc-

1914 4162 2077 4215 runt,
2126 4167 2250 4205 cum
2286 4151 2511 4221 quidem
2556 4151 2880 4222 jamdudum
2935 4155 3175 4206 certiore
3228 4153 3492 4208 observa-

1916 4243 2064 4295 tione
2109 4243 2186 4297 illi
2230 4243 2589 4300 excidissent.
2635 4245 2773 4304 Aliis
2798 4260 2932 4299 vero
2977 4245 3045 4300 ab
3077 4260 3144 4300 eo
3182 4247 3491 4300 abhorren-

1915 4333 2084 4395 tibus,
2121 4343 2245 4402 post
2271 4335 2666 4403 mquinoctium
2702 4351 2934 4391 vernum
2968 4336 3179 4392 Pascha
3220 4341 3490 4408 agemlum

1913 4425 2102 4494 potius
2149 4425 2324 4478 visum
2375 4434 2505 4481 est:
2552 4426 2947 4480 celebrandum
2999 4427 3053 4481 id
3102 4442 3324 4497 semper
3369 4444 3493 4482 esse

1912 4515 2250 4582 dicentibus,
2289 4531 2417 4572 cum
2462 4519 2542 4572 sol
2588 4517 2643 4571 in
2691 4517 2878 4573 Ariete
2914 4518 3008 4582 sit,
3051 4524 3353 4573 secundum
3384 4518 3498 4571 Au-

1914 4610 2201 4665 tioclienos
2256 4609 2560 4677 Xanthico,
2612 4612 2922 4667 secundum
2978 4611 3258 4666 Romanos
3309 4625 3493 4668 autem

1910 4703 2084 4771 Aprili
2115 4719 2321 4758 mense.
2359 4703 2464 4768 Qui
2489 4705 2712 4773 quidem
2746 4720 2856 4760 non
2894 4721 2991 4760 eos
3020 4705 3114 4776 qui
3145 4713 3262 4760 tum
3292 4706 3491 4762 delira-

208 4801 378 4851 λιστα
408 4799 501 4849 καὶ
525 4797 778 4867 Ἰωσήπῳ
807 4796 880 4866 τῷ
910 4799 1048 4850 πάνυ
1071 4815 1088 4830 ο
1115 4797 1190 4860 ὼς
1218 4800 1424 4860 ἐκεῖνος
1451 4801 1509 4850 ὲν
1537 4799 1613 4868 τῷ
1638 4801 1807 4870 τρίτῳ

1800 4820 1807 4849 l
1916 4802 2066 4860 bant,
2093 4799 2335 4864 Iudaeos,
2376 4799 2470 4853 sed
2498 4799 2936 4869 antiquissimos,
2969 4810 3026 4854 et
3052 4816 3310 4871 magnum
3339 4803 3489 4857 illum

207 4894 319 4960 τῆς
347 4888 697 4956 Ἰουδαϊκῆς
723 4889 1169 4958 Ἀρχιιιολογ-ίας
1203 4891 1474 4956 διέξεισιν.
1501 4895 1562 4943 0i
1593 4893 1692 4961 μὲν
1714 4889 1806 4946 οὖν

1799 4912 1806 4939 l
1915 4893 1968 4944 in
2005 4893 2197 4962 primis
2230 4893 2555 4961 Josephum,
2590 4891 2749 4962 293
2798 4894 2960 4948 sicuti
3009 4898 3054 4947 is
3090 4896 3190 4949 hac
3235 4895 3303 4949 de
3340 4911 3398 4950 re
3437 4897 3488 4950 in

206 4986 360 5038 κατὰ
395 4985 496 5050 τὴν
537 4982 741 5052 μικρὰν
771 4982 958 5036 Ἀσίαν
999 4986 1094 5036 καὶ
1134 4983 1204 5036 τὰ
1245 4984 1495 5054 ἀνώτερα
1530 4988 1626 5056 τῆς
1667 4985 1807 5057 ἑῴας
1842 4989 1885 5044 D

1803 5006 1807 5046 :
1842 4989 1885 5044 Ι)
1916 4989 2077 5040 tertio
2108 4987 2499 5056 Antiquitatum
2529 4987 2884 5042 Judaicarum
2916 4989 3059 5043 libro
3089 4989 3280 5053 refert,
3317 4995 3492 5046 secuti

206 5078 364 5132 οὔτω
401 5077 538 5148 πρὸς
573 5077 801 5138 ἑαυτοὺς
837 5075 929 5128 διὰ
957 5076 1057 5146 τήν
1087 5077 1284 5146 ἑορτὴν
1311 5077 1606 5144 διεφώνουν
1627 5095 1639 5108 ’
1672 5081 1716 5131 σί
1749 5080 1808 5133 δὲ

207 5173 406 5224 λοιποὶ
443 5171 647 5231 πάντες
682 5170 798 5222 ὅσοι
829 5170 920 5222 τὸν
952 5171 1376 5241 Χριστιανισμὺν
1408 5173 1804 5242 παρεδέξαντο,

208 5265 314 5319 καὶ
342 5263 392 5314 oi
419 5264 563 5316 κατά
587 5263 686 5334 τὴν
713 5263 956 5333 ἑσπέραν
985 5265 1169 5316 πᾶσαν
1193 5265 1346 5334 ἄχρις
1373 5263 1810 5338 ὠκεανοῦημετά

212 5357 526 5424 ἰσημερίαν
554 5356 780 5425 ἐαρινὴν
808 5358 870 5408 τὺ
900 5357 1096 5426 Πάσχα
1125 5357 1408 5420 τελοῦντες
1437 5358 1805 5428 εὑρίσκονται,

207 5447 564 5519 ἀρχαιοτέρα
601 5448 864 5520 συνηθείᾳ
897 5450 1156 5518 ἑπόμενοι
1185 5465 1206 5481 ’ν
1246 5451 1296 5502 οἳ
1331 5451 1394 5521 δὴ
1431 5450 1632 5512 πάντες
1668 5449 1809 5503 οὕτω

208 5539 512 5600 ποιοῦντες
547 5542 606 5590 τὸ
647 5541 837 5611 Πάσχα
859 5583 874 5604 ,
908 5542 1162 5611 οὐδαμῶς
1199 5561 1328 5596 ποτε
1365 5545 1498 5615 πρὸς
1537 5546 1677 5612 σφᾶς
1712 5545 1810 5596 αὑ-

207 5633 349 5693 τοὺς
399 5633 797 5700 δαφωνοῦντες
846 5635 1170 5704 ἐψάνησαν·
1221 5637 1317 5688 καὶ
1364 5638 1461 5706 οὐχ
1509 5637 1582 5696 ὡς
1630 5639 1657 5689 ὁ
1703 5637 1809 5688 τῶν

207 5725 439 5779 πολίῶν
473 5726 696 5793 Θέωλος
728 5728 860 5796 ἔχεο,
893 5731 922 5796 ή
957 5730 1047 5780 ὲπὶ
1080 5730 1490 5782 Κωνσταντίνου
1521 5733 1576 5781 ὲν
1605 5730 1806 5799 Νικαίᾳ

1914 5090 2063 5134 sunt.
2099 5081 2176 5132 Ac
2211 5082 2287 5134 illi
2326 5082 2548 5150 quidem
2593 5083 2687 5151 qui
2728 5085 2996 5138 minorem
3026 5084 3216 5138 Asiam
3248 5094 3302 5140 et
3333 5101 3499 5155 supe-

1917 5177 2089 5227 riores
2132 5174 2377 5229 Orientis
2421 5188 2603 5242 partes
2645 5187 2857 5243 tenent,
2885 5179 2952 5231 ad
2991 5180 3139 5234 hunc
3166 5180 3389 5235 modum
3425 5181 3492 5235 de

1914 5267 2057 5322 festo
2100 5267 2207 5322 hoc
2250 5268 2340 5322 die
2367 5269 2769 5324 dissenserunt.
2809 5271 2913 5324 Alii
2954 5287 3087 5325 vero
3131 5288 3359 5337 omnes,
3395 5276 3488 5344 qui

1914 5359 2398 5415 Christianismum
2422 5370 2810 5430 susceperunt,
2833 5374 2889 5418 et
2906 5362 3286 5419 Occidentales
3306 5368 3492 5420 cuncti

1919 5454 1988 5508 ad
2013 5454 2292 5509 Oceanum
2324 5469 2518 5524 usque,
2558 5464 2680 5524 post
2711 5471 2938 5509 vernum
2973 5458 3364 5526 atquinoctium
3398 5459 3497 5513 Pa-

1919 5551 2051 5604 scha
2086 5565 2347 5619 peragere
2386 5550 2768 5614 inveniuntur,
2805 5553 3161 5607 vetustiorem
3202 5565 3498 5611 Consuetu-

1918 5643 2102 5696 dinem
2155 5651 2471 5710 scquentes.
2519 5643 2621 5709 Qui
2683 5659 2813 5697 sane
2874 5644 3115 5700 universi
3173 5647 3243 5700 ita
3292 5647 3492 5700 festum

1920 5730 2141 5784 Pascha
2177 5731 2542 5796 celebrantes,
2575 5750 2852 5804 nunquam
2899 5738 3044 5792 inter
3075 5752 3132 5792 se
3175 5739 3493 5792 discordare

293 5873 374 5939 (ι)
411 5870 570 5925 Juxta
601 5885 806 5926 morem
842 5874 974 5928 citra
1008 5871 1277 5942 judicium
1307 5873 1668 5928 Suzomcuuiu
1697 5871 1975 5926 cxscribit.
2007 5872 2148 5942 che
2178 5874 2438 5927 Anicetus.
2473 5875 2618 5929 Ευιϊ.
