4278 6438
791 401 897 466 859

2012 406 2429 468 NICEl’llORl
2469 411 2808 473 CALLISTI

3941 413 4048 477 860

794 531 938 568 mam
971 515 1289 582 varietatem
1331 517 1502 574 fuisse
1538 520 1871 577 invenimus.
1911 524 2044 577 tium
2077 525 2223 578 enim
2248 526 2364 592 ple-
2395 528 2439 585 A
2469 527 2483 580 ί

2361 556 2364 563 υ
2395 528 2439 585 Α
2469 527 2629 597 θῆναι
2655 529 2748 584 καὶ
2779 531 3055 594 παντοίοις
3087 531 3445 599 ἐνηδυνθῆναι
3477 531 3788 601 ἐδέσμασιν,
3818 530 4050 601 ἠριστη-

797 622 976 675 neque
1011 622 1206 663 omnes
1244 626 1342 679 per
1393 612 1582 666 orbem
1622 614 1872 671 ecclesiae
1903 615 2100 671 diebus
2145 616 2366 673 Sabbati

794 704 1254 758 consuetmlinem
1302 707 1572 763 haberent
1611 710 1975 768 hebdomadis
2019 715 2185 770 unius
2231 724 2370 771 tem-

795 808 929 861 pore
960 795 1164 850 divinis
1211 801 1487 869 mysteriis
1518 804 1758 870 operari.
1794 805 2022 860 Romani
2051 817 2107 861 et
2136 808 2372 862 Alexan-

800 882 942 937 drini
975 900 1039 938 ex
1068 888 1295 956 antiqua
1330 892 1565 958 quadam
1599 894 1896 948 traditione
1922 896 2026 951 hoc
2056 914 2162 952 non
2201 898 2371 952 faeie-

804 975 953 1031 bant.
998 978 1240 1048 Egyptii
1291 999 1423 1037 vero
1468 985 1861 1042 Alexandrinis
1913 991 2116 1054 vicini,
2172 1001 2228 1045 et
2278 993 2372 1061 qui

801 1068 1011 1121 circum
1055 1069 1395 1127 Thebaidem
1445 1074 1718 1140 habitant,
1756 1094 1990 1149 synaxes
2032 1082 2254 1152 quidem
2283 1085 2372 1140 die

805 1157 1032 1214 Sabbati
1084 1168 1418 1233 peragebant
1469 1186 1481 1221 :
1535 1170 1628 1222 sed
1679 1186 1789 1224 non
1837 1174 2049 1237 eadem,
2105 1191 2212 1244 qua
2261 1185 2372 1230 tum

802 1256 1099 1312 Christiani
1153 1261 1452 1313 utebantur
1501 1263 1921 1325 consuetudine.
1970 1265 2210 1321 divinam
2251 1283 2375 1322 san-

804 1347 1192 1403 ctiﬁcationem
1267 1353 1667 1421 percipiebant.
1742 1355 1946 1410 Verum
2016 1358 2180 1428 296
2249 1376 2372 1414 cum

805 1443 1026 1495 abunde
1078 1444 1350 1497 convivati
1399 1456 1603 1509 essent,
1659 1457 1712 1500 et
1762 1448 1944 1502 omnis
1991 1452 2208 1518 generis
2239 1452 2376 1508 cibis

803 1536 1092 1591 delicatius
1122 1552 1180 1590 se
1207 1539 1594 1607 replevissent,
1631 1555 1660 1594 a
1693 1542 1923 1610 prandio
1949 1544 2180 1607 scilicet,
2216 1546 2378 1601 circi-

805 1634 886 1679 ter
917 1643 1206 1695 vesperam
1253 1630 1501 1695 multam,
1536 1633 1796 1702 mysteria
1841 1635 2116 1690 oblatione
2157 1646 2376 1706 peracta

804 1719 1199 1788 percipiebant.
1251 1721 1452 1787 Quarta
1495 1724 1858 1780 hebdomadis
1891 1727 1981 1782 die
2006 1771 2018 1792 ,
2055 1740 2110 1784 et
2152 1745 2215 1784 ea
2255 1747 2376 1800 qua-

804 1810 1103 1863 Parascevc
1127 1813 1346 1874 dicitur_
1372 1815 1727 1870 Alexandrini
1753 1819 2070 1889 Scripturas
2093 1823 2349 1893 legebant

806 1899 1123 1954 doctoribus
1171 1919 1264 1957 cas
1318 1906 1814 1974 interpretantibus
1865 1914 2208 1983 :omniaque
2253 1931 2375 1985 qua:

808 1991 874 2043 ad
933 1993 1188 2061 Synaxim
1261 1996 1564 2063 pertinent,
1615 2001 1979 2067 peragebant,
2029 2015 2229 2073 prmter
2291 2007 2377 2060 di-

806 2085 1058 2137 vinorum
1124 2090 1508 2156 mysteriorum
1576 2096 2010 2162 perceptionem.
2043 2098 2220 2167 Atque
2256 2115 2374 2152 cazn

807 2174 885 2229 illi
948 2179 1257 2245 antiquitus
1321 2180 1566 2235 habuere
1627 2167 2111 2242 consuetudinem.
2176 2190 2379 2244 Dicunt

806 2268 1031 2328 ctenim,
1065 2279 1118 2322 ct
1147 2269 1439 2339 Origenem
1475 2275 1771 2342 plurimum
1822 2278 2015 2332 diebus
2053 2281 2167 2332 istis
2198 2281 2251 2334 iu
2293 2297 2386 2336 cc-

807 2359 967 2413 clcsia
991 2360 1264 2423 docuisse,
1295 2374 1458 2432 atque
1486 2382 1715 2434 synaxes
1739 2384 1833 2422 seu
1854 2383 2158 2425 conventus
2181 2374 2376 2440 egisse.

807 2450 907 2514 Qui
940 2469 1060 2505 cum
1097 2455 1368 2522 sapientia
1401 2466 1453 2509 et
1492 2458 1742 2511 doctrina
1784 2463 1965 2514 multis
1994 2476 2296 2530 prxstaret.
2327 2479 2382 2518 et

811 2555 1162 2611 perspectum
1214 2546 1459 2610 haberet,
1513 2548 1869 2604 inﬁrmiorem
1925 2568 2042 2605 esse
2092 2556 2380 2609 Mos-uicani

808 2633 1010 2702 legem,
1037 2652 1197 2702 quam
1241 2646 1298 2689 ut
1340 2639 1492 2691 nullo
1530 2640 1691 2692 tnodo
1724 2642 1790 2694 ad
1827 2644 2063 2696 litteram
2104 2648 2255 2700 reddi
2297 2659 2376 2701 at-

811 2738 917 2790 que
947 2727 1177 2792 exprimi
1207 2741 1410 2796 posset,
1445 2731 1710 2784 rationem
1751 2733 1873 2787 festi
1909 2735 2126 2789 Pascha:
2161 2737 2228 2792 ad
2259 2752 2384 2805 spc-

812 2813 1103 2865 culatiVam
1133 2817 1654 2885 contemplationem
1685 2824 1979 2884 remeavit,
2007 2841 2172 2877 unum
2206 2829 2381 2882 Solum

809 2919 932 2958 esse
961 2921 1143 2959 verum
1177 2908 1383 2961 Pascha
1420 2909 1610 2965 dicens
1643 2954 1654 2973 ,
1687 2917 1833 2980 quod
1871 2916 2122 2971 Christus
2149 2923 2382 2989 pert-git,

814 3000 1077 3067 pra’clare
1102 3000 1368 3056 adversus
1395 3003 1621 3057 hostiles
1644 3015 1941 3072 potestates
1975 3026 2030 3063 re
2063 3022 2236 3079 gesta,
2259 3029 2383 3066 cum

817 3093 873 3145 in
925 3107 1144 3146 crucem
1194 3095 1561 3162 suﬂigeretur,
1621 3098 1778 3166 longe
1831 3101 2039 3165 optime
2084 3119 2150 3156 eo
2193 3115 2382 3158 contra

2357 1866 2451 1925 ’Β

2475 619 2633 684 κὸτες
2687 621 2813 692 ήδη,
2867 623 2993 691 περὶ
3052 621 3278 691 βαθεῖαν
3337 622 3583 692 ἑσπέραν
3639 623 3706 675 τὰ
3766 625 4042 692 μυστήρια

2473 711 2880 778 προσφέροντες
2933 709 3366 780 μετελάμσανον.
3419 710 3524 762 Καὶ
3575 710 3633 760 ἑν
3681 709 3917 778 Τετράδι
3951 709 4049 760 καὶ

2473 801 2506 869 ἢ
2539 801 2871 870 Παρασκευὴ
2900 801 3139 870 λέγεται,
3182 802 3553 870 Ἀλεξανδρεῖς
3583 800 3809 870 Γραφάς
3836 818 3897 853 τε
3927 800 4048 853 άνε-

2474 892 2764 960 γίνωσκον,
2816 893 2927 946 τῶν
2972 894 3310 947 διδασκάλων
3352 896 3558 953 ταύτας
3605 893 4046 963 ἑρμηνευόντων·

2477 988 2573 1039 καὶ
2621 987 2800 1041 πάντα
2846 988 2914 1041 τὰ
2963 988 3061 1057 τῆς
3104 987 3378 1052 συνάΞεως
3427 987 3723 1056 ἔπραττον,
3767 985 3913 1056 πλὴν
3949 985 4052 1049 τῆς

2478 1078 2632 1142 θείας
2655 1079 2764 1131 τῶν
2796 1079 3113 1149 μυστηρίων
3147 1081 3427 1149 μυήσεως.
3447 1079 3538 1143 Ἐξ
3565 1080 3796 1149 ἀρχαίου
3819 1077 3877 1130 δὲ
3904 1076 4054 1130 τοῦτ’

2477 1167 2546 1240 ἦν
2576 1171 2698 1234 ἔθος
2740 1171 3176 1241 Ἀλεξανδρεῦσι.
3211 1173 3345 1224 Φασὶ
3384 1173 3477 1225 καὶ
3516 1170 3627 1241 γὰρ
3673 1170 3958 1238 Ὦριγένην
3995 1170 4053 1220 ἐν

2475 1264 2704 1326 ταύταις
2738 1265 2932 1332 μόναις
2975 1265 3072 1327 τὰς
3113 1266 3362 1330 συνάξεις
3406 1267 3580 1318 ποιεῖν
3613 1265 3702 1316 ἐπ’
3734 1263 4048 1332 ἐκκλησίας·

2477 1355 2537 1418 δς
2562 1357 2728 1426 σοφίᾳ
2751 1360 2848 1412 καὶ
2871 1356 3196 1429 διδασκαλίᾳ
3219 1357 3326 1410 τῶν
3351 1357 3564 1409 πολλῶν
3588 1354 3886 1426 διαφέρων,
3908 1372 4052 1407 συνι-

2477 1450 2584 1505 δών
2612 1469 2670 1504 τε
2697 1451 2771 1512 ὡς
2801 1452 2862 1504 τὺ
2888 1451 3150 1505 ἀδύνατον
3181 1452 3274 1505 τοῦ
3310 1450 3606 1505 Μωσαῖκοῦ
3635 1449 3804 1518 νόμου
3834 1449 4054 1502 ἀσθενεῖ

2481 1544 2618 1614 πρὸς
2651 1543 2710 1596 τὸ
2749 1543 2985 1614 γράμμα
3035 1545 3368 1615 ἀποδοθῆναι
3401 1544 3494 1597 τὸν
3539 1543 3671 1613 περὶ
3720 1542 3818 1595 τοῦ
3857 1541 4052 1607 Πάσχα

2480 1630 2660 1697 λόγον,
2714 1633 2793 1694 είς
2834 1631 3074 1696 θεωρίαν
3131 1634 3437 1703 ἀνήγαγεν,
3491 1631 3550 1686 ἑν
3609 1632 3775 1701 μόνον
3824 1631 4054 1698 φάσκων

2482 1723 2679 1792 ἀληθὲς
2729 1724 2983 1792 γενέσθαι
3021 1725 3234 1797 Πάσχα,
3283 1728 3420 1796 ὅπερ
3455 1724 3690 1793 Χριστὸς
3729 1724 4054 1777 ἐπετέλεσεν

2485 1817 2788 1884 ἐνεργήσας
2819 1818 2959 1871 κατὰ
2991 1819 3100 1870 τῶν
3130 1817 3525 1886 ἀντικειμένων
3549 1817 3857 1884 δυνάμεων,
3888 1815 4053 1882 ἀναρ-

2479 1908 2665 1976 τηθεὶς
2691 1909 2769 1977 τῷ
2803 1909 3044 1980 σταυρῶ·
3069 1903 3112 1977 ᾧ
3139 1909 3202 1978 δὴ
3236 1910 3442 1980 ἀρίστῳ
3481 1909 3731 1977 τροπαίῳ
3773 1907 3918 1959 κατὰ
3959 1904 4054 1956 τοῦ

2477 2002 2776 2055 ἀντιπάλου
2812 2002 3104 2070 ἐχρήσατο.
3152 2002 3240 2054 Ἐν
3268 2002 3324 2054 δὲ
3373 2005 3438 2071 τῇ
3485 2003 3623 2072 αὐτῇ
3666 1998 4057 2067 Ἀλεξανδρεία

2477 2099 2536 2152 τὸ
2577 2099 2688 2151 τῶν
2732 2098 3094 2165 ἅναγνωστῶν
3142 2100 3236 2151 καὶ
3289 2097 3824 2166 συμϐολαιογράφων
3868 2095 4059 2161 τάγμα

2479 2194 2536 2245 ἑν
2569 2191 2850 2260 ἀδιαφόρῳ
2878 2191 3050 2252 ἐστὶν,
3073 2190 3185 2242 είτε
3213 2188 3396 2242 πιστοί
3424 2190 3586 2250 εἰσιν,
3612 2187 3723 2238 είτε
3755 2185 3852 2238 καὶ
3881 2200 4059 2248 κατη-

2480 2283 2756 2352 χούμενοι.
2790 2281 2897 2333 τῶν
2923 2279 3243 2348 ἁπανταχοῦ
3279 2278 3457 2332 ἄλλων
3487 2276 3796 2344 ἐκκλησιῶν
3825 2272 4059 2332 πιστοὺς

2480 2377 2560 2437 είς
2586 2375 2644 2426 τδ
2679 2376 2863 2442 τάγμα
2893 2372 3052 2425 τοῦτο
3078 2371 3564 2442 προϐεϐλημένων,
3602 2370 3691 2422 Ἐν
3725 2369 3782 2420 δὲ
3818 2370 3883 2439 τῇ
3924 2367 4062 2420 Θετ-

2481 2467 2660 2519 ταλῶν
2688 2467 2779 2519 καὶ
2803 2467 2959 2518 τοῦτο
2986 2464 3242 2533 γενέσθαι
3265 2465 3418 2532 φασί.
3437 2462 3722 2532 Κληρικδς
3741 2463 3851 2530 γὰρ
3876 2463 4060 2513 ἐκεῖσε

2483 2558 2642 2628 ἀνὴρ,
2663 2559 2795 2628 πρὶν
2817 2559 2848 2626 ἢ
2884 2559 3112 2626 γένηται
3142 2557 3322 2621 τοῦτο,
3347 2557 3498 2626 νόμῳ
3519 2557 3760 2624 γυναῖκα
3786 2555 4059 2624 ἠγάγετο.

2483 2651 2594 2718 Τὴν
2627 2650 2682 2702 δὲ
2713 2653 2973 2716 γυναῖκα,
3006 2650 3080 2710 ὡς
3107 2648 3252 2712 ἔθος,
3284 2647 3467 2715 γνοὺς,
3493 2647 3811 2716 ἀπόκληρος
3837 2642 3928 2717 ἦν,
3957 2646 4066 2698 τῶν

2483 2741 2587 2793 ἀνά
2632 2742 2730 2809 τὴν
2778 2741 2852 2792 Eoi
2895 2742 3116 2793 πάντων
3165 2738 3360 2808 γνώμῃ
3395 2738 3775 2807 ἀπεχομένων⁹
3815 2740 3910 2790 καὶ
3954 2740 4068 2789 τῶν

2486 2830 2825 2889 ἐπισκόπων,
2863 2830 2910 2880 εί
2948 2831 3042 2881 καὶ
3077 2828 3372 2896 βούλοιντο,
3409 2828 3471 2879 οὐ
3510 2827 3619 2897 μὴν
3651 2826 3867 2899 ἀνάγκῃ
3893 2828 4066 2894 νόμου

2486 2914 2647 2967 τοῦτο
2673 2915 2996 2969 ποιούντων.
3026 2916 3216 2968 Πολλοὶ
3242 2915 3353 2985 γὰρ
3378 2915 3560 2968 αὐτῶν
3581 2915 3662 2982 τῷ
3685 2914 4068 2977 ἑπισκοπικῶς

2489 3007 2795 3074 ἱερατεύειν
2826 3008 2920 3056 καὶ
2953 3005 3183 3068 πολλοὺς
3214 3009 3269 3057 ἐν
3302 3009 3418 3069 τοῖς
3455 3006 3833 3069 ἑπισκοπείοις
3862 3006 4070 3066 παῖδας

2488 3099 2756 3153 ἀπέτεκον
2803 3099 2866 3150 ἑκ
2913 3099 3023 3148 τῶν
3061 3098 3321 3164 γαμετῶν
3366 3097 3432 3160 ἃς
3483 3098 3734 3166 νομίμως
3788 3097 4073 3165 ἠγάγοντο

813 3186 1187 3237 adversarium
1231 3201 1365 3240 usus
1412 3197 1639 3258 tropteo.
1690 3193 1750 3242 ln
1799 3193 1986 3245 eadem
2030 3193 2382 3259 Alexandria,
2411 3193 2455 3254 C
2493 3210 2502 3242 τ

2381 3246 2382 3251 η
2411 3193 2455 3254 C
2493 3190 2782 3260 πρότερον.
2823 3189 2936 3242 Νῦν
2966 3189 3023 3242 δὲ
3059 3189 3167 3241 οὐδ’
3195 3190 3252 3240 ἐν
3283 3189 3477 3258 ὀνείρῳ
3505 3190 3804 3250 ἐπίσκοπος
3837 3191 4070 3256 γυναικὶ

817 3276 874 3329 in
911 3277 1180 3329 lectorum
1215 3286 1271 3331 et
1306 3279 1647 3333 notariorum
1689 3279 1883 3334 ordine
1926 3281 2222 3337 discrimen
2261 3286 2383 3338 nul-

814 3366 926 3419 lum
970 3367 1092 3429 tuit,
1131 3370 1245 3420 sive
1296 3368 1371 3421 illi
1410 3370 1521 3440 jam
1571 3370 1781 3436 ﬁdeles,
1827 3373 1939 3426 sive
1983 3375 2382 3442 catechumeni,

814 3458 920 3512 hoc
946 3469 1052 3524 cst,
1081 3462 1173 3528 qui
1212 3476 1368 3515 sacra
1402 3462 1660 3518 doctrina
1691 3465 2134 3534 instituerentur,
2177 3480 2381 3533 essent,

815 3566 940 3603 cum
979 3553 1229 3606 ecclesia:
1262 3554 1316 3606 in
1355 3554 1494 3609 locis
1521 3557 1777 3610 omnibus
1803 3558 1924 3612 aliae
1957 3558 2145 3614 ﬁdeles
2176 3570 2383 3617 tantum

816 3642 871 3695 in
899 3625 1147 3697 ordinem
1193 3645 1338 3699 hunc
1377 3646 1643 3716 legerent.
1681 3649 1736 3702 ln
1773 3649 2052 3704 Thessalia
2085 3662 2139 3705 et
2173 3653 2276 3708 hoc
2303 3655 2384 3707 fa-

816 3738 1067 3790 ttitatum
1104 3754 1229 3792 esse
1258 3740 1450 3808 liquet.
1489 3739 1713 3794 Licebat
1748 3742 1949 3797 clerico
1976 3747 2170 3810 cuivis,
2209 3747 2387 3814 prius-

817 3840 979 3892 quam
1001 3827 1053 3880 in
1080 3831 1329 3882 ordinem
1353 3845 1478 3883 eam
1504 3842 1874 3899 cooptarctur,
1896 3834 2136 3901 legitime
2161 3853 2384 3890 uxorem

815 3916 1062 3970 ducere:
1107 3930 1160 3970 at
1208 3921 1252 3974 si
1301 3931 1511 3989 postea,
1555 3933 1616 3975 ut
1661 3926 2062 3979 consuetudine
2105 3939 2384 3996 receptum

819 4019 926 4073 est,
982 4025 1208 4064 uxorem
1261 4014 1628 4081 cognovisset,
1676 4017 1866 4069 ordine
1909 4033 1975 4070 eo
2014 4021 2334 4072 movebatur
2371 4038 2382 4071 :

816 4115 938 4151 cum
984 4101 1033 4152 in
1073 4101 1298 4155 Oriente
1335 4119 1527 4158 omnes
1553 4145 1566 4167 ,
1616 4117 1779 4170 atque
1826 4110 1991 4160 etiam
2042 4111 2306 4179 episcopi,
2343 4112 2385 4166 si

818 4188 1042 4251 vellent,
1073 4205 1173 4257 pro
1202 4192 1434 4246 arbitrio
1467 4210 1588 4259 suo,
1627 4212 1733 4247 non
1769 4197 1945 4264 aliqua
1983 4198 2115 4267 legis
2143 4201 2385 4254 necessi-

820 4289 929 4332 tate
986 4283 1202 4346 coacti,
1267 4300 1500 4337 uxorum
1552 4303 1906 4354 congrassum
1975 4291 2320 4345 declinarent
2370 4307 2383 4344 :

819 4371 975 4424 multi
1022 4376 1183 4427 etiam
1232 4379 1348 4443 ipso
1380 4379 1673 4446 episcopali
1708 4396 1934 4434 munere
1977 4382 2285 4452 fungentes,
2331 4384 2387 4438 in

816 4463 1219 4532 episcopalibus
1246 4468 1456 4522 aedibus
1485 4469 1690 4524 liberos
1721 4473 1922 4527 multos
1948 4491 2013 4528 ex
2039 4477 2385 4546 conjugibus,

816 4571 954 4624 quas
982 4557 1083 4610 sibi
1115 4560 1359 4627 legitimo
1390 4565 1739 4616 matrimonio
1763 4576 1923 4619 antea
1950 4569 2388 4638 coniunxissent,

818 4652 1181 4718 susciperent.
1211 4652 1368 4706 Nunc
1404 4666 1586 4709 autem
1619 4657 1700 4710 vel
1743 4658 1906 4711 etiam
1945 4660 1997 4712 in
2031 4664 2238 4715 somnis
2269 4663 2388 4729 epi—

819 4756 1019 4810 scopus
1080 4760 1203 4796 cum
1261 4761 1426 4798 uxore
1470 4764 1564 4801 Sua
1610 4753 2017 4813 concumbens,
2077 4753 2388 4821 impudicus

821 4835 1071 4888 habetur.
1114 4836 1216 4889 Sed
1264 4840 1407 4890 enim
1447 4843 1791 4897 consuetudo
1822 4860 1882 4896 ea
1914 4862 2033 4914 quae
2069 4845 2120 4898 in
2152 4845 2386 4900 Thessa-

818 4925 888 4977 lia
923 4940 1190 4991 servatur,
1215 4928 1282 4982 ab
1311 4930 1600 4985 ileliodorn
1626 4937 1699 5001 (Ι)
1733 4937 1822 4987 illo
1848 4936 2093 4990 Triceusi
2125 4939 2384 5006 cpiscOpO

821 5028 1002 5072 ortum
1054 5021 1243 5074 habuit
1280 5041 1291 5074 :
1325 5025 1480 5093 cujus
1516 5028 1767 5081 amatorii
1815 5028 1981 5081 libelli
2024 5029 2126 5082 hoc
2166 5045 2387 5097 quoque

827 5119 1071 5177 tempore
1108 5113 1596 5175 circumferuntur,
1632 5133 1751 5184 qu.e
1784 5120 1958 5170 adhuc
1989 5122 2209 5185 jllVClllS
2237 5135 2387 5173 c0m-

823 5205 1026 5269 posuit,
1071 5214 1126 5256 et
1175 5204 1483 5274 ίΕιΙιίυιιίοη
1538 5211 1840 5278 inscripsit.
1889 5213 2043 5266 Nunc
2091 5226 2273 5266 autem
2325 5229 2388 5266 ea

820 5292 1162 5348 Chariclcam
1201 5299 1486 5351 nominant
1556 5303 1675 5363 Quo
1721 5308 1941 5356 timuiiuc
1984 5313 2145 5356 etiam
2180 5306 2392 5373 episco—

824 5397 984 5453 patus
1023 5387 1072 5440 ei
1106 5390 1396 5457 ademptus
1421 5402 1504 5445 est
1542 5412 1554 5446 :
1591 5410 1712 5445 tiam
1759 5411 1881 5446 cum
1925 5396 2163 5449 lectione
2199 5411 2391 5449 eorum

823 5478 1214 5543 opu~culorum
1244 5482 1476 5549 juvenes
1523 5485 1675 5539 multi
1722 5486 1773 5538 in
1811 5488 2117 5554 periculum
2154 5489 2395 5556 conjice-

827 5581 1041 5636 rentur,
1075 5574 1319 5644 synodus
1361 5580 1720 5645 provincialis
1762 5580 1975 5642 statuit,
2012 5581 2173 5651 297
2215 5583 2297 5637 Vel
2331 5583 2396 5636 li-

829 5662 1001 5718 bellos
1028 5666 1176 5735 ipsos
1206 5668 1298 5737 qui
1334 5684 1551 5725 amores
1581 5672 1972 5746 accenderent,
2005 5673 2112 5743 igni
2140 5690 2394 5730 consum-

2495 3282 2940 3350 συγκαθευδήσας
2969 3281 3291 3342 ἀκόλαστος.
3325 3282 3483 3334 Ἀλλὰ
3507 3281 3603 3334 τοῦ
3637 3282 3735 3348 μὲν
3764 3285 3822 3335 ἑν
3849 3282 4071 3334 Θεσσα-

2491 3373 2581 3444 λίᾳ
2615 3373 2770 3436 ἔθους
2809 3371 3191 3442 προκατῆρξεν
3228 3373 3549 3444 Ἡλιόδωρος
3583 3376 3811 3437 ἐκεῖνος.
3851 3375 4072 3443 Τρίκης

2442 3526 2448 3531 _
2495 3465 2814 3526 ἐπίσκοπος·
2846 3460 2906 3518 οὗ
2954 3466 3248 3533 πονήματα
3295 3467 3543 3534 ἐρωτικὰ
3575 3466 3746 3518 είσέτι
3772 3465 3867 3518 νῦν
3908 3483 4073 3534 περιε-

2474 3558 2742 3626 φέρεται,
2771 3556 2804 3610 ἃ
2837 3559 2952 3617 νέος
2995 3555 3068 3608 ὢν
3111 3558 3463 3623 συνετάξατο,
3495 3557 3813 3611 Αίθιοπικὰ
3852 3574 4073 3626 προσαο

2493 3649 2762 3718 γορεύσα;
2793 3647 2953 3710 αὐτὰ,
2987 3649 3081 3700 νῦν
3111 3648 3164 3700 δὲ
3210 3648 3437 3700 καλοῦσι
3469 3648 3642 3702 ταῦτα
3681 3651 4072 3739 Χαρίκλειαν

2493 3740 2558 3792 δι’
2587 3740 2622 3793 ά
2651 3741 2740 3791 καὶ
2769 3741 2866 3808 τὴν
2897 3740 3206 3806 ἐπισκοπὴν
3244 3739 3519 3809 ἀφῃρέθη·
3553 3739 3745 3806 ἐπειδὴ
3790 3741 3903 3807 γὰρ
3941 3740 4077 3791 πολ-

2495 3832 2603 3894 λοῖς
2630 3831 2737 3882 τῶν
2763 3835 2896 3882 νέων
2925 3829 3253 3882 κινδυνεύειν
3283 3830 3493 3882 ἐκεῖθεν
3523 3829 3706 3898 ἐπῄει,
3732 3832 3764 3898 ἡ
3793 3831 4074 3898 ἐγχωριος

2496 3926 2828 3993 προσέταττε
2865 3923 3080 3983 σύνοδος
3116 3921 3146 3988 ἢ
3204 3921 3298 3981 τὰς
3348 3920 3566 3988 βίϐλους
3619 3921 3936 3988 ἀφανίζειν,
3975 3923 4075 3972 καὶ

2498 4020 2631 4087 πυρὶ
2663 4018 2926 4086 δαπανᾷν,
2955 4014 3374 4074 ὑπαναπῖούσας
3401 4013 3492 4065 τὸν
3524 4013 3725 4079 ἔρωτα.
3761 4012 3793 4080 ἢ
3830 4011 3904 4078 μὴ
3933 4014 4072 4080 χρῆ·-

2495 4129 2583 4164 ναι
2634 4110 2886 4177 ἱερᾶσθαι
2938 4106 3164 4158 τοιαῦτα
3204 4106 3554 4171 συνθέμενον·
3611 4106 3702 4154 τὸν
3750 4103 3803 4154 δὲ
3865 4104 4076 4170 μάλλον

2496 4202 2717 4255 ἑλέσθαι
2759 4201 2858 4267 τὴν
2909 4197 3210 4266 ίερωσύνην
3245 4195 3445 4255 λιπεῖν,
3479 4194 3510 4264 ῆ
3547 4197 3610 4246 ἐκ
3661 4199 3828 4260 μέσον
3861 4193 4075 4244 τιθέναι

2495 4294 2556 4346 τὸ
2604 4293 2966 4361 σύγγραμμα.
2999 4291 3063 4340 ὐ
3113 4290 3205 4340 καὶ
3255 4289 3493 4354 ἐγένετο,
3535 4289 3851 4355 Διετηρεῖτο
3901 4286 3960 4339 δὲ
4015 4287 4077 4339 τὸ

2496 4387 2617 4449 ἑθος
2650 4385 2804 4438 τοῦτο
2831 4386 2888 4435 ἐν
2919 4399 2976 4435 τε
3007 4381 3400 4451 Θεσσαλονίκῃ,
3433 4381 3573 4450 αὐτῇ
3610 4397 3666 4431 τε
3699 4380 3848 4449 πάσῃ
3881 4381 4076 4431 Μαγί-

2495 4480 2643 4547 δονία
2672 4478 2764 4529 καὶ
2809 4475 3042 4527 Ἑλλάδι.
3087 4473 3198 4526 Καὶ
3239 4474 3367 4526 ἄλλο
3407 4472 3463 4524 δὲ
3508 4471 3629 4533 ἔθος
3679 4474 3736 4522 ἑν
3779 4472 4073 4537 Θεσσαλία

2424 4549 2464 4603 D
2493 4569 2580 4644 ἦν·
2610 4572 2750 4624 κατά
2783 4569 2888 4639 γὰρ
2918 4569 3014 4630 τας
3041 4568 3256 4636 ἡμέρας
3291 4566 3384 4618 τοῦ
3413 4566 3602 4633 Πάσχα
3633 4563 3794 4631 μόνον
3832 4564 4074 4644 ἐϐάπτι-

2495 4667 2606 4730 ζον*
2633 4664 2712 4715 διὸ
2741 4663 2835 4714 καὶ
2877 4659 3062 4712 πολλοὶ
3107 4658 3359 4711 ἐντεῦθεν
3385 4656 3622 4723 ἀμύητοι
3656 4648 4072 4722 ἑθ·ιησκον.³Ἐν

2494 4759 2549 4810 δὲ
2581 4759 2647 4825 τῇ
2684 4754 2806 4809 κατ’
2850 4754 3189 4820 ’Δντιόχειαν
3224 4752 3318 4819 τῆς
3357 4749 3560 4818 Συρίας
3597 4747 3664 4800 τά
3699 4745 4075 4816 θυσιαστήρια

2491 4852 2589 4919 τὴν
2651 4850 2799 4901 θέσιν
2852 4850 2966 4909 τοῖς
3019 4846 3202 4907 ἅλλοις
3233 4844 3604 4912 ἀντιστρόφως
3658 4835 3826 4906 εἶχον·
3860 4840 3923 4891 οὐ
3965 4840 4075 4908 γάρ

2493 4947 2626 5012 πρὸς
2675 4942 2770 4997 ἕω.
2813 4941 2948 4993 ἀλλὰ
2992 4939 3128 5007 πρὸς
3174 4937 3326 4989 δύσιν
3362 4937 3507 5004 ἑώρα
3543 4935 3605 4986 τὸ
3653 4925 4074 5001 θυσιαστῆριον.

2495 5036 2594 5088 Ἕν
2622 5052 2683 5101 γε
2731 5035 2838 5102 μὴν
2870 5033 3031 5102 Alli;
3060 5031 3156 5083 καὶ
3201 5028 3474 5098 Θεσσαλίᾳ
3496 5029 3594 5080 καὶ
3635 5025 3852 5079 Ἐλλάδι
3879 5026 3984 5086 τὰς
4016 5028 4074 5078 ἑν

2493 5130 2612 5188 ταῖς
2660 5127 3003 5195 λιυχνοκαῖαις
3055 5124 3219 5192 εὐχὰς
3248 5124 3446 5188 ἐπίσης
3486 5122 3596 5180 τοῖς
3635 5122 3689 5171 ἑν
3723 5119 4080 5169 Κωνσταντι-

2494 5217 2744 5269 νουπόλει
2776 5217 3133 5272 Ναυατιαοῖς
3183 5212 3422 5264 ἐποίουν.
3459 5207 3734 5268 Ὡσαύτως
3780 5206 3839 5258 δὲ
3873 5210 3974 5258 καὶ
4024 5209 4080 5258 ἐν

2499 5307 2708 5374 Κύπρῳ
2739 5307 2828 5356 καὶ
2868 5304 3176 5372 Καισαρείᾳ
3215 5302 3312 5369 τῆς
3353 5299 3756 5360 Καππαδοκίας
3788 5299 3848 5347 ἑν
3888 5298 4081 5369 ἡμέρα

2500 5397 2780 5451 Σαὸὅὰτου
2826 5412 2883 5447 τε
2917 5396 3010 5447 καὶ
3055 5392 3342 5464 Κυριακῆς
3367 5393 3495 5460 περὶ
3531 5393 3774 5458 ἑσπέραν
3803 5392 3948 5458 μετὰ
3980 5390 4081 5457 τὴν

2497 5489 2801 5558 λυχναψίαν
2831 5488 2883 5540 οῖ
2910 5504 2968 5540 τε
3013 5488 3306 5538 ἐπίσκοποι
3352 5488 3447 5537 καὶ
3485 5485 3534 5536 oi
3569 5481 3945 5551 πρεσϐύτεροι
3979 5483 4082 5540 τὰς

2498 5581 2651 5651 ἱερὰς
2674 5580 2896 5650 Γραφὰς
2923 5580 3002 5648 τῷ
3027 5579 3140 5647 λαῷ
3172 5577 3590 5647 ἑρμηνεύουσιν.
3627 5574 3692 5626 Οἱ
3723 5573 3766 5624 δ’
3795 5574 3856 5624 ἑν
3889 5571 4084 5636 Ἐλλη-

2502 5676 2715 5744 σπόντῳ
2741 5674 2807 5725 τὰ
2838 5673 3091 5725 Ναυάτου
3123 5669 3449 5740 φρονοῦντες
3472 5668 3535 5720 ού
3561 5668 3656 5729 τὰς
3682 5667 3848 5735 εὐχὰς
3879 5667 4080 5732 enim;

899 5779 1162 5864 (t)_lluuc
1217 5781 1566 5839 Heliodorum
1627 5801 1733 5840 uon
1797 5785 1981 5841 dilutm
2047 5788 2383 5846 auctoritatis
2419 5788 2740 5856 scriptorem
2787 5802 2908 5843 esse
2957 5788 3176 5857 scripsit
3221 5785 3459 5856 Angelus
3538 5782 3701 5838 Polit.
3774 5779 4078 5836 ﬂaccum.

825 5868 944 5920 Cap.
975 5869 1026 5906 0.
