4278 6438
292 437 393 499 διι

1245 430 1849 490 ΕιῗίὶιΕΞΙΛὲ-ΉΟΕ
1894 431 2277 491 lilS'l‘GRl/E
2309 432 2456 494 LIB.
2498 432 2636 493 XII.

3447 434 3552 496 862

289 549 416 600 είσά
430 564 535 599 παν
588 542 807 597 ἐποίουν
833 546 940 605 τοῖς
977 544 1031 595 ἐν
1065 543 1634 597 Κωνσταντινουπόλει
1663 543 1731 595 τὰ
1789 542 1876 594 ἴσα
1908 549 1951 602 Α

1859 560 1876 593 ι
1908 549 1951 602 Δ
1986 553 2109 613 ptos
2146 545 2467 608 abolendos,
2506 546 2591 599 vel
2627 545 2721 615 qui
2770 560 2866 602 eos
2894 548 3295 618 composuisset
3341 548 3548 601 auctori

289 637 615 704 στέργουσν
651 634 717 685 τὰ
769 631 940 685 πολλὰ
974 632 1032 684 δὲ
1083 633 1440 701 παραπλήσια
1493 633 1763 701 ἔπραττον
1806 634 1871 702 τῇ

290 725 589 798 κρατούσῃ
625 725 945 794 Ἑκκλησέᾳ.
981 723 1229 776 Καθόλου
1275 723 1319 776 δ’
1354 725 1426 787 ὡς
1464 726 1640 777 εἰπεῖν
1680 726 1738 776 ὲν
1772 725 1875 777 πά-

291 834 417 879 σαις
451 819 567 880 ταῖς
596 816 776 882 δόξαις
804 815 1060 885 οὐδαμῶς
1092 815 1239 867 ἔστιν
1268 818 1451 883 εὑρεῖν
1486 815 1614 884 μίαν
1643 831 1874 883 συμφω-

287 907 414 958 νῗαν
458 909 514 956 ἐν
558 906 745 975 εὐχαῖς
795 904 961 973 ἔχειν.
995 904 1056 956 Ol
1089 907 1215 972 περί
1265 903 1357 954 τὸν
1390 904 1607 971 Ἴστρον
1642 900 1871 962 Σκῧθαι,

286 998 497 1060 πολλὰς
528 1000 619 1049 καὶ
672 999 921 1065 μεγάλας
952 995 1171 1064 ἔχοντες
1203 995 1414 1057 πόλεις,
1448 992 1539 1061 ὑφ’
1567 994 1646 1045 ἐνὶ
1676 994 1875 1052 πάντες

288 1088 580 1155 ἐπισκόπῳ
601 1087 915 1139 τάττονται.
946 1086 1035 1139 Ἑν
1069 1084 1113 1137 δ’
1148 1086 1328 1147 ἄλλοις
1360 1085 1570 1137 ιονεσιν
1604 1084 1872 1150 ἔγνωμεν,

294 1179 373 1247 μὴ
411 1178 573 1248 μόνον
604 1179 661 1230 ἐν
688 1179 867 1241 πόλει,
897 1178 1037 1230 ἀλλὰ
1064 1178 1157 1229 καὶ
1185 1177 1269 1244 ἐφ’
1299 1178 1505 1247 ἑκάστῃ
1533 1178 1694 1245 κώμη
1728 1176 1877 1244 ἰςρᾶ-

291 1274 421 1326 σθαι
471 1274 798 1325 ἐπίσκοπονο
828 1272 856 1324 δ
884 1272 949 1341 δὴ
990 1273 1228 1339 μάλιστα
1276 1270 1521 1339 Ἀράϐιοι
1554 1269 1674 1330 ἔθος
1729 1265 1875 1336 εἶχον

292 1370 388 1419 καὶ
439 1367 704 1436 Κύπριοι,
736 1366 830 1418 καὶ
863 1368 912 1419 οί
955 1368 1012 1418 ἐν
1045 1365 1256 1434 Φρυγίᾳ
1292 1365 1656 1421 Ναυατιανοὶ.
1692 1363 1783 1414 καὶ
1826 1362 1876 1413 οἱ

290 1455 404 1507 ἀπὸ
427 1455 711 1507 Μοντανοῦ
738 1454 1132 1520 καταγόμενοι.
1164 1451 1318 1519 Παρὰ
1342 1451 1397 1503 δέ
1425 1454 1490 1520 τῇ
1530 1450 1717 1519 Ῥώμῃ
1746 1449 1874 1517 ἄχρι

289 1547 391 1599 τοῦ
426 1546 520 1599 νῦν
553 1546 775 1607 πλείους
805 1544 916 1596 τῶν
947 1546 1087 1597 ἐπτᾶ
1121 1544 1362 1598 διάκονοι
1396 1544 1455 1594 οὐ
1498 1544 1764 1610 γίνονται,
1796 1544 1874 1602 είς

295 1642 537 1710 μίμησιν
562 1638 671 1691 τῶν
698 1638 849 1707 παρὰ
878 1632 987 1691 τῶν
1018 1638 1336 1692 ἀποστόλων
1363 1635 1873 1706 χειροτονηθέντων,

292 1730 370 1788 ὧν
402 1736 592 1804 ἠγεῖτο
625 1734 918 1799 Στέφανος,
946 1735 973 1784 ὁ
1004 1732 1222 1801 πρῶτος
1254 1732 1344 1783 τὸν
1378 1731 1717 1799 μαρτυρικδν
1742 1731 1873 1780 ἁνα-

291 1830 603 1898 δησάμενος
639 1828 925 1894 στέφανον.
963 1826 1123 1893 Παρὰ
1166 1825 1223 1877 δέ
1272 1826 1384 1885 τοῖς
1429 1823 1611 1885 ἄλλοις
1645 1822 1811 1873 πᾶσιν
1846 1822 1874 1873 6

1982 639 2003 692 l'
2007 639 2321 692 unctionem
2354 637 2721 708 episcopalem
2743 638 3111 711 abrogandam
3136 654 3279 693 esse.
3305 639 3400 694 ille
3425 655 3554 695 vero

1979 731 2356 799 episcopatum
2407 733 2708 801 deponere,
2744 748 2906 802 quam
2948 733 3153 801 scripta
3188 746 3285 785 sua
3333 731 3553 799 suppri-

1979 838 2128 877 mere
2156 824 2377 878 maluit.
2400 824 2525 878 Haec
2551 836 2732 880 autem
2764 825 3105 878 consuetudo
3129 824 3551 888 Thessalonicae,

1977 923 2144 982 atque
2178 915 2231 968 in
2275 916 2612 977 Macedonia,
2648 924 2703 969 et
2739 914 2950 969 Graecia
2981 915 3154 975 omni,
3199 927 3410 969 serrata
3445 927 3548 968 est.

1978 1005 2136 1059 Alius
2167 1005 2295 1059 item
2335 1007 2387 1058 iu
2435 1006 2717 1059 Thessalia
2764 1021 2882 1059 mos
2929 1006 3051 1070 l'uit,
3100 1016 3159 1059 ut
3202 1006 3554 1059 Paschalibus

1980 1107 2192 1152 tantum
2250 1098 2447 1152 diebus
2503 1099 2809 1167 baptismus
2852 1108 3211 1167 perageretur
3256 1114 3268 1148 :
3320 1110 3557 1164 quapro-

1980 1201 2098 1260 pter
2129 1190 2285 1243 multi
2316 1191 2481 1244 etiam
2515 1206 2581 1243 eo
2617 1199 2964 1245 sacramento
2992 1204 3096 1241 non
3132 1186 3326 1241 initiati
3363 1186 3550 1240 deces~

1978 1297 2119 1335 sere.
2170 1281 2224 1335 In
2269 1282 2406 1335 urbe
2438 1282 2798 1346 Antiochena,
2831 1298 2949 1348 qua
2984 1281 3037 1334 in
3086 1280 3239 1351 Syria
3275 1288 3375 1341 cst,
3421 1280 3555 1331 alta-

1981 1376 2057 1427 ria
2083 1374 2158 1443 (l)
2184 1373 2463 1427 diversum
2492 1388 2721 1442 prorsus
2743 1388 2906 1438 quam
2936 1371 3066 1425 alibi
3091 1370 3257 1425 situm
3284 1368 3551 1422 habuere.

1979 1466 2145 1521 Sacra
2184 1466 2331 1519 enim
2365 1480 2455 1518 ara
2489 1480 2594 1517 nou
2621 1463 2686 1517 ad
2720 1462 3022 1525 Orientem,
3058 1461 3151 1516 sed
3185 1460 3250 1514 ad
3283 1459 3553 1514 Occiden-

1981 1566 2086 1611 tem
2145 1572 2334 1610 versus
2382 1557 2645 1617 collocata
2708 1554 2907 1608 iuerat.
2946 1552 3361 1622 Hierosolymis,
3392 1560 3449 1605 et
3493 1550 3548 1603 in

1978 1647 2282 1710 Thessalia,
2317 1657 2480 1715 atque
2512 1646 2677 1701 etiam
2712 1646 2765 1700 iu
2789 1645 3017 1705 Graecia,
3048 1642 3392 1698 consuetudo
3425 1640 3549 1703 fuit,

1980 1751 2040 1793 ut
2068 1755 2259 1809 preces
2286 1739 2341 1794 ir.
2366 1738 2672 1808 pervigiliis
2698 1737 2762 1792 ad
2797 1726 3049 1791 lucernas
3072 1748 3334 1788 accensas
3358 1726 3553 1787 eodem

1980 1848 2088 1903 quo
2120 1831 2432 1895 Novatiani,
2463 1828 2968 1898 CutistantinOpoli,
3004 1826 3168 1882 modo
3202 1835 3552 1896 peragerent.

296 1920 536 1989 ἀριθμὸς
565 1917 773 1970 τούτων
803 1918 877 1978 ὡς
909 1916 1097 1984 ἔτυχεν
1130 1917 1222 1967 ἐπὶ
1253 1914 1472 1983 Ῥώμης
1502 1912 1620 1964 καθ’
1642 1912 1873 1964 ἕκαστον
1908 1907 1944 1960 Β
1977 1932 1985 1974 ε

1863 1928 1873 1960 '
1908 1907 1944 1960 Β
1977 1924 2351 1979 Consimiliter
2383 1924 2437 1976 iu
2465 1921 2646 1993 Cypro
2674 1933 2729 1976 et
2757 1921 3021 1975 Caesarea:
3056 1919 3474 1987 Cappadocum,
3497 1914 3552 1967 iu

293 2011 416 2073 ἔτος
449 2010 599 2075 ἅπαξ
621 2011 681 2062 τὸ
716 2009 1037 2077 ’Λλληλούῖα
1057 2007 1342 2077 ψάλλουσι,
1372 2006 1515 2059 κατὰ
1541 2005 1640 2074 τὴν
1671 2004 1873 2072 κυριώ-

295 2123 471 2175 νυμον
499 2106 596 2171 τῆς
634 2104 948 2172 Ιιασχαλίας
981 2104 1217 2172 ἡμέραν*
1254 2101 1281 2154 ὃ
1314 2101 1376 2171 δὴ
1409 2099 1502 2152 καὶ
1546 2099 1762 2158 πολλοῖς
1796 2098 1874 2157 είς

297 2201 466 2269 ὅρκον
491 2202 669 2249 κεῖται
699 2197 885 2265 εὐχῆς,
914 2194 1042 2247 ὥστ’
1076 2194 1374 2261 ἀξιωθῆναι
1408 2191 1640 2244 ἀκοῦσαι
1667 2190 1726 2241 τὸ
1759 2189 1874 2244 Ἀλ-

302 2291 530 2358 ληλούῖα
576 2291 671 2342 καὶ
726 2288 844 2356 μεθ’
875 2287 1069 2356 ἡδονῆς
1115 2286 1311 2354 ψᾶλαι.
1366 2284 1503 2337 Οΰτι
1556 2283 1611 2336 δέ
1642 2300 1725 2344 τις
1769 2281 1876 2333 τῶν

310 2384 535 2452 Ῥώμης
572 2381 915 2445 ἐπισκόπων,
967 2379 1078 2433 οὔτ’
1127 2378 1286 2438 ἄλλος
1339 2395 1422 2440 τις
1473 2376 1561 2429 ἐπ’
1608 2374 1879 2444 ἐκκλησίᾳ

300 2474 631 2547 προσομιλεῖ
662 2473 740 2542 τῷ
772 2471 1003 2544 λαῷθέν
1036 2472 1082 2523 δ’
1123 2470 1503 2540 ’Δλεξανξρείᾳ
1537 2468 1696 2539 μόνος
1721 2467 1877 2519 τοῦτο

294 2566 537 2635 ἔπραττε
561 2566 659 2634 τῆς
690 2563 897 2626 πόλεως
922 2563 949 2613 ό
993 2562 1082 2614 ἐπί
1094 2577 1308 2623 πκοπος.
1340 2561 1513 2625 Λόγος
1539 2576 1601 2626 γε
1633 2558 1740 2628 μὴ]
1765 2558 1878 2627 ἔχει

295 2660 528 2728 ὕστερον
576 2656 948 2722 ἐπιγενέσθαι,
1007 2653 1081 2722 μὴ
1127 2653 1181 2717 ἐξ
1228 2651 1387 2713 ἔθους
1453 2650 1519 2703 ὃν
1591 2649 1877 2721 πρότερον.

293 2749 480 2808 Λίτιος
512 2747 555 2799 δ’
593 2746 819 2813 ἐγένετο
855 2745 1097 2811 Ἀρειος·
1140 2740 1198 2801 ὃς
1230 2738 1603 2809 πρεσϐύτερος
1649 2737 1747 2800 ὢν,
1786 2739 1880 2789 καὶ

295 2841 574 2892 διδάσκειν
606 2835 1076 2908 προϐεϐλημένος,
1111 2832 1255 2883 κατὰ
1301 2831 1394 2884 τοῦ
1445 2831 1679 2900 ἀληθοῦς
1722 2831 1883 2882 ἐνεω-

295 2934 485 3002 τέρισε
509 2932 807 2999 δόγματος,
832 2930 930 2981 καὶ
958 2929 1056 2995 τὴν
1085 2925 1414 2996 Ἐκκλησίαν
1442 2924 1692 2994 ἐτάραξε.
1719 2922 1881 2975 Ξένον

295 3024 355 3077 δὲ
393 3025 487 3077 καί
520 3022 867 3074 παντάπασιν
925 3020 1091 3086 ἄηθες
1116 3022 1181 3087 τῇ
1221 3016 1515 3087 Ἐκκλησία
1548 3017 1699 3083 παρὰ
1735 3015 1883 3077 Ἀλε-

302 3114 629 3183 ξανόρςῦσιν
676 3114 852 3181 ἔγνων
899 3112 1071 3166 πάλαι
1121 3109 1433 3180 γινόμενον·
1482 3107 1739 3174 οὐδαμῶς
1775 3104 1882 3173 γὰρ

1977 2018 2236 2075 Sabbato.
2268 2027 2321 2069 et
2354 2016 2643 2069 Dotuinico
2667 2015 2755 2069 die.
2787 2012 3021 2082 vesperi,
3055 2021 3176 2080 post
3202 2010 3554 2063 lucernarum

1944 2174 1947 2185 λ
1979 2111 2357 2165 acernsiuucm
2383 2152 2396 2169 ,
2432 2109 2675 2178 cpisc0pi
2726 2119 2780 2161 et
2835 2104 3137 2175 presbyteri
3191 2116 3375 2156 sacras
3412 2098 3558 2153 Seri-

1981 2214 2170 2272 pturas
2207 2204 2410 2271 populo
2445 2209 2751 2270 exponunt.
2795 2196 3082 2253 Novatiaui
3126 2202 3329 2253 autem,
3371 2190 3463 2260 qui
3500 2189 3553 2241 in

1981 2297 2329 2366 llellesponto
2376 2305 2533 2357 sunt,
2590 2310 2696 2346 nou
2744 2293 2998 2346 eumdem
3046 2287 3317 2342 orationis
3365 2285 3554 2345 ritum,

1979 2408 2142 2460 quem
2185 2389 2440 2443 lae-tionis
2477 2402 2669 2439 eorum
2726 2383 3018 2454 populares
3053 2377 3554 2446 Constantinopoli,

1979 2490 2224 2540 servant,
2255 2478 2608 2531 (-zereinonias
2639 2472 2945 2528 obtinentia
2974 2472 3046 2525 ibi
3078 2470 3335 2525 Ecclesiae
3364 2468 3558 2524 catho-

1980 2572 2100 2626 licae
2136 2571 2434 2640 plurimum
2478 2578 2793 2636 sequentes.
2827 2566 2892 2618 Et
2928 2574 2987 2619 ut
3021 2566 3073 2616 in
3106 2577 3320 2615 summa
3353 2560 3557 2626 dicam,

1982 2663 2036 2717 in
2061 2661 2419 2731 Opinionibus
2444 2671 2499 2713 et
2529 2658 2694 2712 sectis
2723 2657 3003 2716 omnibus,
3038 2653 3467 2723 haudquaquam
3502 2652 3557 2703 in

1983 2752 2396 2825 precationibus
2449 2767 2617 2804 unum
2678 2758 2772 2802 aut
2831 2749 3066 2802 alterum
3119 2745 3556 2801 consentientem

1983 2855 2149 2905 ritum
2181 2861 2455 2905 servatura
2505 2863 2645 2908 esse,
2680 2849 2925 2899 invenire
2958 2853 3060 2897 est.
3108 2841 3324 2910 Scytha:
3355 2840 3451 2907 qui
3483 2836 3553 2890 ad

1985 2946 2183 3000 Istrum
2219 2943 2429 3005 colunt,
2465 2941 2663 2993 multas
2698 2948 2753 2992 et
2790 2951 3012 3006 magnas
3042 2934 3247 2987 habent
3279 2930 3555 2991 civitates.

1983 3049 2039 3094 et
2065 3053 2256 3091 oumes
2279 3036 2371 3089 uni
2402 3034 2663 3101 subjecta:
2686 3040 2814 3086 sunt
2840 3030 3122 3098 episcopo.
3145 3027 3199 3079 In
3225 3025 3345 3077 aliis
3375 3034 3557 3076 autem

1986 3132 2226 3202 populis,
2268 3145 2376 3181 non
2426 3127 2603 3180 solum
2656 3126 2709 3178 in
2765 3123 3017 3183 urbibus,
3060 3133 3251 3173 verum
3292 3118 3459 3171 etiam
3502 3117 3560 3168 in

300 3208 640 3260 ἐπανίστατο
694 3209 722 3259 6
784 3204 1081 3266 ἐπίσκοπος
1140 3204 1249 3254 τῶν
1314 3199 1476 3271 ἱερῶν
1533 3197 1878 3265 Εὑαγγελίων
1908 3197 1989 3298 C;

1873 3215 1878 3238 '
1908 3244 1947 3298 ρ
1985 3223 2297 3291 quibusque
2327 3219 2481 3278 vic‘s,
2519 3217 2809 3285 episcopos
2843 3229 2964 3267 esse
2999 3212 3228 3266 scimus.
3265 3208 3397 3274 Quae
3428 3224 3562 3262 con-

300 3298 861 3368 αναγινωσκομένων·
907 3297 935 3349 δ
984 3299 1041 3347 ἐν
1081 3295 1305 3365 οὐδεμιᾷ
1338 3293 1447 3345 τῶν
1494 3290 1808 3361 ἐκκλησιῶν
1844 3290 1875 3357 ἢ

301 3396 450 3460 ἔγνω
476 3392 508 3463 ἢ
539 3392 741 3461 ἢκουσέ
774 3409 857 3452 τις
906 3387 1080 3444 πάλαι
1123 3388 1518 3456 γεγενημένον.
1563 3387 1780 3454 Ταύτην
1824 3385 1880 3437 δὲ

300 3486 406 3552 τὴν
462 3485 619 3554 ἱερὰν
667 3482 852 3553 βίϐλον
897 3483 1078 3534 ἐκεῖσε
1123 3482 1284 3549 μόνος
1330 3481 1415 3532 ἀεὶ
1453 3477 1881 3547 ἀναγινώσκειὸ

304 3577 710 3647 ἁρχιδιὰκονος’
741 3578 797 3629 ἐν
835 3575 1026 3637 ἄλλαις
1057 3572 1115 3627 δὲ
1163 3572 1480 3641 ἐκκλησίαις
1528 3570 1791 3623 διάκονοι·
1824 3568 1881 3619 ἐν

306 3669 532 3728 πολλοῖς
572 3667 629 3719 δὲ
676 3666 868 3728 ἄλλαις
918 3666 1074 3734 μόνοι
1120 3665 1168 3717 οἱ
1212 3665 1397 3733 ἱερεῖς·
1430 3661 1487 3714 ἐν
1518 3677 1628 3713 τισι
1668 3660 1724 3712 δὲ
1774 3659 1881 3712 τῶν

303 3758 599 3827 ἐπισήμων
647 3755 874 3825 ἡμερῶν
916 3758 1012 3807 καὶ
1058 3754 1372 3806 ἐπίσκοπον
1414 3750 1604 3821 ὥσπερ
1641 3750 1699 3803 ἐν
1732 3750 1885 3801 Κων-

306 3849 760 3906 σταντινιυπόλει
782 3852 912 3918 ἄχρι
941 3849 1030 3900 τοῦ
1059 3847 1153 3900 νῦν
1180 3848 1501 3916 πράττεται,
1524 3844 1618 3898 καὶ
1649 3844 1883 3912 μάλιστα

302 3943 453 3996 κατὰ
486 3942 585 4012 τὴν
634 3940 862 4010 πρώτην
903 3939 1123 4008 ἡμέραν
1173 3939 1274 4006 τῆς
1323 3936 1630 4005 Πασχαλῐου
1667 3936 1883 4003 ἑορτῆς,

302 4036 399 4087 καὶ
430 4036 489 4087 ἐν
513 4035 579 4102 τῇ
609 4034 802 4102 πρώτῃ
828 4032 1018 4098 εἰσόδῳ
1043 4030 1136 4081 τοῦ
1167 4026 1435 4081 ἐνιαυτοῦ.
1467 4028 1531 4078 ’Δ
1558 4029 1651 4079 καὶ
1678 4025 1880 4087 amna;

304 4125 708 4193 ὲκιρωνοῦνται·
738 4125 865 4176 ὅσον
902 4124 1011 4193 γὰρ
1048 4124 1254 4182 ἐκεῖνος
1299 4121 1471 4187 λέγει,
1513 4121 1706 4171 ἔπειτα
1738 4119 1885 4186 λέγει

304 4219 471 4271 τοῦτο
504 4220 596 4270 καί
628 4218 655 4268 6
702 4217 974 4278 διάκο·.ος·
1008 4216 1083 4278 ὦς
1118 4232 1181 4284 γε
1214 4215 1419 4283 οἴομαι,
1453 4213 1541 4265 ἴνα
1574 4213 1705 4279 δοκῇ
1740 4214 1832 4263 καὶ
1862 4213 1888 4262 6

305 4314 615 4375 ἐπίσκοπος
659 4308 960 4380 κηρύττειν
1010 4308 1164 4369 αὐτὸ,
1199 4308 1292 4359 καὶ
1337 4306 1410 4376 μὴ
1462 4306 1620 4374 μόνον
1655 4305 1701 4355 oi
1732 4305 1889 4355 τοῦτο

305 4407 570 4477 λαχόντες
614 4405 907 4457 διακονεῖν.
933 4402 1094 4465 Ἴσως
1134 4400 1189 4452 δὲ
1228 4400 1322 4451 καὶ
1363 4399 1439 4461 ὡς
1472 4397 1701 4467 βροντῆς
1734 4396 1889 4463 δίκην

306 4495 605 4564 οὐρανόθεν
646 4492 959 4555 ἀκούοντες,
993 4490 1426 4557 ἁπαραποιήτως
1463 4484 1607 4539 οὓτω
1636 4486 1886 4552 διαγγέλ-

1983 3314 2215 3368 suetudo
2254 3311 2396 3376 apud
2449 3309 2660 3363 Arabes
2696 3306 3071 3376 potissimum,
3112 3313 3166 3356 et
3210 3301 3458 3371 Cyprios,
3507 3308 3563 3353 et

1985 3405 2037 3459 in
2073 3402 2304 3473 Phrygia
2335 3401 2475 3468 apud
2506 3400 2863 3458 Noratiauos,
2896 3406 3061 3465 atque
3096 3393 3237 3462 apud
3282 3408 3377 3447 eos
3410 3391 3501 3460 qui
3531 3407 3563 3445 a

1986 3499 2240 3551 Montano
2267 3495 2484 3548 deducti
2522 3503 2671 3556 sunt,
2709 3492 2830 3544 fuit.
2879 3491 3066 3544 Roma:
3112 3488 3176 3541 ad
3225 3486 3559 3540 hodiernum

1987 3603 2158 3655 usque
2188 3586 2332 3638 diem
2365 3600 2471 3635 non
2511 3582 2697 3651 plures
2721 3595 2883 3649 quam
2910 3589 3118 3648 septem
3148 3577 3365 3631 diaconi
3401 3577 3557 3639 liuut,

1985 3679 2048 3732 ad
2084 3693 2274 3731 eorum
2313 3678 2486 3729 instar
2511 3674 2604 3742 qui
2647 3673 2714 3726 ab
2744 3672 3011 3742 apostolis
3044 3670 3218 3725 creati
3258 3677 3408 3731 sunt,
3439 3667 3564 3735 qui-

1987 3770 2090 3828 bus
2129 3769 2444 3837 Stephanus
2492 3767 2581 3820 ille
2627 3766 2883 3835 praefuit,
2915 3765 3008 3833 qui
3059 3764 3269 3833 primus
3314 3760 3563 3829 martyrii

1989 3862 2287 3927 reportavit
2340 3874 2625 3913 coronam.
2672 3858 2831 3927 Apud
2882 3859 3019 3912 alios
3068 3857 3299 3925 populos
3347 3868 3561 3915 omnes,

1987 3968 2149 4021 quem
2187 3966 2309 4005 sors
2345 3951 2491 4010 tulit.
2529 3964 2721 4003 eorum
2767 3963 3033 4001 numerus
3073 3959 3181 4001 est.
3223 3946 3281 4000 lu
3318 3946 3563 3999 llonmua

1992 4047 2124 4097 urbe
2154 4044 2340 4097 itidem
2372 4042 2670 4111 quotannis
2696 4041 2862 4095 semel
2896 4040 3147 4104 Alleluia,
3188 4037 3427 4108 paschali
3462 4038 3561 4089 Do-

1992 4137 2195 4189 mintco
2227 4135 2313 4187 die
2340 4133 2661 4187 concinunt.
2694 4131 2932 4185 Proinde
2964 4131 3039 4199 t2)
3083 4146 3109 4182 a
3144 4129 3563 4197 multisjureju-

1992 4228 2165 4280 rando
2188 4225 2573 4295 concipiendo,
2604 4224 2857 4292 votisque
2884 4222 3293 4290 nuncupandis,
3332 4236 3563 4288 usurpa-

1995 4330 2106 4370 tum
2143 4329 2246 4381 est,
2294 4327 2351 4370 ut
2384 4318 2465 4370 eis
2491 4316 2721 4370 Alleluia
2750 4315 2963 4381 audire,
2995 4324 3050 4368 et
3094 4330 3217 4366 rum
3250 4313 3436 4366 laetitia
3475 4328 3561 4365 ca-

1996 4426 2125 4463 nere
2158 4410 2406 4462 daretur.
2440 4406 2607 4476 298
2640 4406 2827 4475 Neque
2862 4405 3182 4474 episcopus,
3216 4418 3390 4471 neque
3421 4403 3564 4454 alius

1996 4504 2281 4571 quisquam
2338 4501 2388 4554 in
2435 4499 2670 4554 ecclesia
2721 4499 2905 4552 Roma:
2952 4497 3018 4550 ad
3067 4495 3325 4565 populum
3356 4495 3564 4548 docens

304 4587 497 4655 λομεν.
529 4580 927 4649 Ἀναγινὼσκει
949 4580 1005 4633 δὲ
1035 4581 1130 4630 καὶ
1162 4579 1224 4630 τὸ
1253 4577 1473 4642 πρῶτον
1500 4576 1598 4642 τῆς
1621 4576 1880 4645 διαθήκης
1918 4581 1959 4633 D

1872 4593 1880 4635 ἰ
1918 4581 1959 4633 D
1993 4592 2156 4644 verba
2197 4590 2345 4644 facit.
2395 4589 2739 4644 Alexandriae
2772 4597 2954 4641 autem
2988 4588 3140 4641 solus
3184 4586 3288 4641 hoc
3333 4600 3561 4639 munere

305 4677 667 4745 Εὐαγγέλιον,
702 4674 778 4735 ὡς
814 4670 999 4740 ἐντελῆ
1041 4670 1133 4721 τὸν
1182 4668 1353 4719 τύπον
1391 4668 1573 4736 φέρων
1621 4665 1883 4735 Χριστοῦ.

306 4771 497 4839 Εὐκὰς
523 4770 580 4821 δὲ
612 4769 708 4821 καὶ
735 4764 1057 4836 ψαλμῳδίας
1091 4763 1153 4815 οὐ
1187 4763 1285 4823 τὰς
1318 4762 1507 4824 αὑτὰς,
1542 4760 1615 4821 ὡς
1647 4759 1886 4828 εἴρηται,

304 4867 369 4919 ai
413 4863 705 4933 ἐκκλησίαι
748 4861 960 4913 ἅπασαι
993 4857 1233 4926 ἔχουσιν,
1268 4854 1386 4908 ἀλλ’
1416 4854 1537 4907 οὐδὲ
1578 4853 1676 4913 τὰς
1715 4851 1886 4912 αὑτὰς

306 4956 532 5027 βίϐλους
580 4954 674 5006 xai.
723 4950 1154 5019 ἀναγνώσματα.
1206 4945 1319 5017 Τὴν
1365 4945 1497 5014 γοῦν
1540 4943 1887 5012 καλουμένην

316 5047 697 5116 ’Δποκάλυψιν
744 5046 977 5115 Πέτρου,
1014 5042 1090 5104 ὡς
1123 5040 1278 5093 νόθον
1311 5040 1464 5109 παρὰ
1504 5039 1612 5092 τῶν
1644 5035 1886 5107 ἀρχαίων

303 5141 760 5213 δοκιμασθεῖσαν,
818 5137 969 5205 παρὰ
1015 5134 1396 5196 ιιαλαιστινοῖς
1452 5134 1510 5183 ἐν
1565 5131 1888 5199 ἐκκλησίαις

308 5238 459 5290 τισὶν
489 5233 639 5298 ἅπαξ
686 5233 920 5285 ἑκάστου
968 5229 1121 5289 ετονς
1173 5241 1337 5293 μςχρι
1374 5222 1571 5276 πολλοῦ
1620 5225 1887 5290 ἀναγινω-

311 5329 593 5399 σκομένην
614 5324 848 5393 εὕρομεν
868 5323 1007 5373 κατὰ
1033 5320 1123 5389 τὴν
1144 5322 1361 5389 ἡμέραν
1378 5318 1476 5385 τῆς
1506 5314 1885 5383 Παρασκευῆς⁶

309 5424 381 5492 ἣν
409 5420 437 5470 ὁ
476 5418 602 5480 λαὸς
651 5417 769 5487 μετ’
803 5414 1091 5475 εὐλαϐείας
1131 5414 1223 5467 καὶ
1258 5411 1597 5481 συντριμμοῦ
1636 5412 1887 5481 νηστεύει

307 5513 410 5567 ἐπὶ
440 5514 751 5579 ἀναμνήσει
792 5507 887 5560 τοῦ
938 5505 1208 5575 σωτηρίου
1240 5505 1468 5565 πάθως’
1508 5505 1607 5573 τὴν
1650 5503 1701 5555 δὲ
1736 5504 1882 5569 laxo-

310 5607 490 5675 μένην
518 5600 886 5669 Ἀποκὰλυψιν
914 5599 1128 5651 Παύλου
1152 5596 1244 5649 τοῦ
1270 5597 1592 5657 ἀποστόλου,
1623 5597 1688 5664 ἢν
1712 5595 1886 5656 οὐδεὶς

306 5701 425 5753 τῶν
478 5695 648 5748 πάλαι
700 5692 1006 5763 ἀνθρώπων
1039 5688 1171 5754 εἶδε,
1204 5690 1273 5744 δι’
1306 5690 1485 5752 αἰίοὖς
1536 5689 1798 5759 πρότερον
1832 5689 1888 5741 ἐν

386 5884 467 5957 (l)
498 5886 562 5943 Et
588 5883 706 5955 ipsa
733 5896 948 5954 quoque
982 5878 1235 5935 ecclesia.
1268 5877 1430 5932 Socr.

1990 4680 2233 4749 fungitur
2263 4680 2555 4749 episc0pus
2585 4696 2598 4731 :
2632 4678 2779 4747 quod
2807 4677 3029 4745 quidem
3064 4684 3272 4744 postea,
3303 4687 3427 4727 cum
3468 4686 3564 4723 an—

1992 4783 2075 4826 tea
2105 4786 2220 4824 mos
2244 4771 2290 4824 is
2317 4786 2423 4823 non
2454 4769 2642 4833 fuerit,
2666 4780 2750 4822 est
2774 4769 3143 4821 observatum.
3172 4766 3406 4821 Causam
3434 4779 3564 4818 con-

1989 4863 2267 4918 suetudini
2303 4879 2461 4917 novre
2484 4863 2716 4932 praebuit
2750 4861 2936 4926 Arius,
2974 4860 3067 4928 qui
3102 4860 3247 4929 quod
3279 4858 3562 4928 presbyter

1989 4966 2157 5015 esset.
2212 4965 2268 5009 et
2314 4954 2551 5009 docendi
2600 4954 2934 5023 provinciam
2984 4952 3322 5020 accepisset,
3368 4959 3561 5004 contra

1991 5050 2242 5104 veritatis
2267 5049 2572 5102 doctrinam
2608 5061 2694 5100 res
2730 5062 2900 5100 novas
2939 5046 3225 5104 inducens.
3258 5044 3560 5098 Ecclesiam

1993 5143 2249 5198 turbavit-
2300 5144 2356 5198 lu
2389 5143 2583 5197 eadem
2617 5142 2983 5195 Alexandrina
3035 5141 3291 5199 ecclesia,
3327 5138 3471 5207 quod
3508 5140 3561 5190 in

1990 5236 2128 5290 locis
2154 5234 2277 5288 aliis
2304 5234 2560 5286 omnibus
2587 5246 2789 5285 novum
2822 5240 2985 5299 atque
3016 5228 3261 5282 insolens
3292 5235 3397 5286 est,
3429 5226 3560 5279 olim

1990 5326 2296 5381 obtinuisse
2358 5324 2494 5378 scio.
2561 5322 2865 5392 Episcopus
2920 5336 3158 5389 namque
3221 5336 3349 5373 cum
3405 5335 3560 5373 sacra

1990 5419 2285 5488 Evangelia
2320 5418 2654 5486 legerentur,
2703 5431 2812 5470 non
2842 5416 3178 5484 assurgebat.
3230 5414 3287 5468 id
3331 5428 3460 5467 vero
3505 5413 3560 5464 in

1994 5512 2097 5566 ulIa
2150 5512 2309 5577 plane
2343 5509 2577 5563 ecclesia
2628 5507 2935 5576 antiquitus
2982 5507 3183 5560 factum
3214 5520 3355 5565 esse,
3399 5518 3562 5556 nemo

1992 5604 2077 5657 vel
2115 5602 2270 5666 vidit,
2319 5602 2403 5656 vel
2445 5600 2676 5655 audivit.
2714 5599 2942 5653 Sacrum
2972 5613 3099 5652 eum
3130 5596 3331 5651 librum
3362 5596 3432 5649 ibi
3472 5609 3555 5649 so-

1994 5697 2078 5749 lus
2127 5696 2257 5765 legit
2301 5693 2721 5747 archidiaconus
2764 5710 2775 5744 :
2814 5691 2864 5745 in
2914 5691 3038 5745 aliis
3083 5700 3263 5744 autem
3314 5687 3562 5744 ccclesiis

2067 5876 2141 5943 (θ)
2170 5876 2382 5929 Surum.
2425 5874 2518 5929 lib.
2558 5887 2649 5931 vn.
2681 5887 2797 5929 can.
2842 5876 2919 5927 ιυ.
