4278 6438
221 429 332 501 865
1161 441 1764 503 ΕΙΖΕῘιΕΞΙΛΞΤιΟΛζ
1804 444 2194 506 HISTORIA!
2233 448 2376 508 Lm.
2419 449 2556 509 ΧΠ.
3367 458 3473 519 865

216 545 380 600 Nunc
415 565 547 605 vero
578 551 765 607 divina
794 551 1180 623 suppeditante
1212 556 1406 622 gratia,
1454 555 1861 622 impedimentis
1934 568 1989 613 et
2066 560 2506 618 dissensionibus
2548 564 2802 624 omnibus
2846 568 3111 637 temporis
3144 583 3309 625 cursu
3337 570 3469 626 sub'

215 637 346 691 latis
378 679 392 700 ,
439 644 811 699 concordibus
877 648 1166 701 sententiis
1212 648 1352 717 apud
1400 664 1592 701 omnes
1653 649 1705 702 in
1776 649 2023 705 ecclesiis
2090 653 2294 707 Christi
2337 654 2513 710 lcstus
2556 656 2675 710 dies
2713 659 2930 713 Pascha:
2997 660 3326 714 celebratur.
3370 659 3470 713 Er-

214 744 341 784 rare
370 742 565 787 autem‘
590 734 695 796 illi.
720 738 1181 805 quemadmodum
1210 740 1363 809 prius
1393 755 1613 808 quoque
1647 738 1786 803 dixi.
1828 741 1961 844 mihi
2002 741 2294 807 videntur,
2329 761 2563 814 quorum
2634 748 2976 802 sermOnibus
3008 749 3303 812 increbuit,
3371 752 3470 806 Ni-

214 836 428 881 cetium
469 826 632 880 ﬁdem
670 826 896 885 Pascha:
934 831 1101 887 ferias
1173 833 1228 887 iu
1302 846 1551 887 errorem
1628 842 1685 886 et
1756 826 2073 888 varietatem
2139 836 2411 902 ejusmodi
2475 839 2792 895 adduxisse.
2848 842 2984 896 Nam
3042 844 3286 913 synodus
3344 859 3470 899 eam

214 932 450 987 cperam
495 922 682 990 potius
744 926 986 991 navavit,
1040 934 1095 980 ut
1148 927 1387 996 populus
1444 928 1535 997 qui
1588 934 1749 981 antea
1800 943 1829 981 a
1870 938 2023 996 parte
2063 931 2269 999 majore
2317 931 2699 997 dissentiebat,
2754 934 2818 988 ad
2868 936 3180 991 unanimem
3241 954 3471 994 concor-

226 1013 378 1067 diam
414 1018 849 1083 pertraheretur.

803 1137 1055 1190 ΚΕΦΑΛ.
1101 1139 1223 1193 AE'.
1825 1155 1865 1209 Α
2343 1134 2492 1205 300

1825 1155 1865 1209 Α
2343 1134 2505 1205 300
2534 1136 2757 1190 CAPUT
2796 1135 3011 1192 XXXV.

218 1222 351 1300 Ὀτι
398 1224 468 1289 ἐξ
520 1228 776 1300 ἀρχαίου
825 1230 945 1282 ἀπὸ
975 1229 1088 1283 τῶν
1114 1229 1540 1300 ἁποστολικῴν
1560 1232 1798 1300 χρόνων
1900 1238 1907 1290 l

1778 1247 1798 1273 ν·
1900 1226 2051 1292 Quod
2082 1227 2370 1300 antiquitus
2400 1234 2448 1278 et
2503 1227 2569 1300 ab
2605 1228 2734 1288 ipsis
2761 1227 3117 1300 apostolorum
3151 1227 3467 1295 temporibus

291 1294 788 1369 (irrigari-iturust;
826 1301 922 1351 καὶ
963 1302 1409 1369 παρατηρήσεις
1438 1294 1635 1369 ἦσαν·
1674 1300 1796 1366 τοῖς
1968 1316 1980 1349 t

1777 1320 1796 1366 ς
1968 1298 2311 1369 dissensiones
2358 1298 2599 1369 qutednm
2654 1306 2702 1348 et
2756 1298 2917 1369 variis
2983 1294 3362 1351 observatiOnes
3413 1305 3466 1349 in

292 1365 463 1443 δὲ.οὐ
496 1368 793 1443 τοσοῦτον
813 1370 1029 1443 ἔμελλε
1044 1365 1296 1443 fctis—air
1319 1389 1332 1403 ·
1387 1365 1545 1425 ἁλλὰ
1584 1371 1800 1443 farrar-

292 1436 592 1512 χαῖα-καὶ-
629 1436 968 1512 συστατικὰ
997 1440 1106 1507 τῆς
1160 1444 1420 1507 πίστεως
1468 1436 1798 1510 φυλάττειν

291 1506 537 1570 μᾶλλον
567 1506 882 1562 ἐκέλευον.

293 1684 423 1739 Ὀτι
457 1687 515 1739 δὲ
544 1688 640 1740 καὶ
669 1688 779 1742 ἀπὸ
813 1688 921 1742 τῶν
951 1689 1331 1744 assessothth
1364 1690 1573 1761 χρόνων
1607 1689 1798 1743 πολλαὶ

217 1779 517 1848 διαφωνίαι
549 1780 639 1833 διά
669 1797 823 1845 τινας
846 1783 1267 1853 παρατηρήσεις
1306 1783 1576 1847 ἐγένοντο,
1600 1784 1799 1845 αὐτοὺς

215 1871 470 1934 ἐκείνους
502 1872 817 1942 παρέξομαι
852 1874 1405 1945 μάρτυρας.Ὶστορεί
1437 1878 1545 1945 γάρ
1584 1876 1612 1926 ὁ
1657 1875 1798 1938 θεῖος

219 1966 443 2028 Λουκᾶς
486 1968 553 2035 τῇ
588 1965 752 2037 βίϐλῳ
780 1968 891 2021 τῶν
921 1969 1201 2037 Πράξεων·
1247 1968 1408 2022 Ἐπεὶ
1439 1971 1492 2021 οὶ
1538 1968 1801 2022 ἀπόστο-

214 2062 318 2113 λοι
348 2058 628 2127 ἔγνωσαν
659 2059 992 2129 διαφωνίαν
1023 2061 1144 2115 ἀπὸ
1188 2059 1307 2114 τῶν
1346 2060 1537 2114 ἐθνῶν
1564 2062 1799 2129 γινομέ-

214 2167 340 2217 νην
372 2150 498 2217 τοῖς
524 2152 954 2218 πιστεύουσιν,
981 2152 1131 2220 όμοῦ
1171 2151 1582 2220 συναχθέντες
1611 2152 1801 2206 ἅπαν-

215 2243 665 2308 τες-ἐθέσπιζον
689 2244 759 2296 ἐν
802 2243 949 2297 εῖδει
985 2242 1341 2308 ἐπιστολῆς·
1368 2242 1442 2293 δι’
1464 2238 1540 2310 ἧς
1566 2243 1706 2306 τούς
1728 2258 1800 2311 ,τε

215 2334 482 2401 πιστοὺς
510 2334 620 2402 τῆς
641 2334 950 2405 μοχθηρἇ
974 2334 1080 2389 τοῦ
1110 2334 1299 2403 νόμου
1321 2333 1602 2400 δουλείας
1623 2335 1801 2401 ἠλευ-

218 2430 463 2496 θέρουν,
498 2427 599 2481 καὶ
632 2427 741 2495 τῆς
787 2427 1073 2495 περιττῆς
1106 2427 1176 2480 ἐν
1220 2428 1410 2490 τούτῳ
1441 2427 1796 2496 ἐρεσχελίας

220 2521 498 2587 ἐπέσχον
516 2536 529 2549 ·
566 2520 758 2572 τύπω·
783 2517 834 2569 δ’
861 2512 1114 2586 ἀσφαλῆ
1140 2518 1250 2584 τῆς
1281 2517 1464 2585 ὀρθῆς
1494 2519 1799 2583 πολιτείας
1832 2502 1871 2557 Β

220 2614 321 2665 καὶ
376 2612 528 2679 πρὸς
573 2612 930 2689 ,θεοσέϐειαν
978 2610 1254 2677 ἄγουσαν
1306 2610 1799 2664 ἐκδιδάσκουσιν·

222 2705 345 2758 ὅσα
408 2706 619 2772 μέντοι
685 2702 986 2769 ἀναγκαῖα
1046 2705 1406 2771 φυλάττειν,
1471 2701 1802 2770 διαρρήδην

223 2798 654 2865 κηρύττοντες.
689 2794 831 2861 Ἐγὼ
857 2796 913 2847 δὲ
942 2797 1039 2848 καὶ
1060 2794 1228 2863 αὐτὴν
1247 2795 1464 2865 ἐκείνην
1494 2794 1673 2845 αὐτῶν
1702 2791 1800 2862 τὴν

224 2885 525 2954 ἐπιστολὴν
556 2886 624 2937 δι’
657 2886 862 2955 εἴδησιν
896 2887 960 2954 τῇ
1011 2886 1304 2954 συγγραφῇ
1360 2884 1650 2946 καταλέξαι
1701 2884 1800 2936 οὐκ

222 2977 462 3043 ἄκαιρον
496 2975 735 3044 ἥγημαι.
777 2991 795 3024 ι
837 2975 902 3026 οι
937 2973 1289 3035 ἀπόστολοι,
1325 2974 1423 3025 καὶ
1458 2975 1513 3026 οι
1545 2972 1800 3039 πρεσϐύο

224 3082 391 3133 τεροι
422 3064 524 3118 καὶ
552 3068 607 3119 οι
630 3064 909 3131 ἀδελφοὶ,
938 3062 1061 3127 τοῖς
1094 3064 1246 3116 κατὰ
1282 3061 1398 3130 τὴν
1445 3062 1802 3128 Ἀντιόχειαν

222 3159 327 3213 καὶ
369 3159 599 3225 Συρίαν
628 3157 723 3209 καί
750 3157 1027 3211 Κιλικίαν
1053 3155 1339 3223 ἀδελφοῖς
1366 3154 1491 3219 τοῖς
1512 3155 1581 3217 ἐξ
1608 3153 1802 3207 ἐθνῶν

220 3251 481 3322 χαΙρειν.
502 3248 745 3316 Ἐπειδὴ
772 3250 1128 3316 ἠκούσαμεν
1155 3248 1241 3301 ὄτι
1271 3246 1429 3312 τινὲς
1450 3247 1801 3311 ἐξελθόντες

219 3344 292 3408 ἐξ
324 3339 518 3410 ἡμῶν,
550 3340 854 3408 ἐτάραξαν
880 3338 1037 3409 ὑμᾶς
1058 3341 1265 3408 λόγοις
1287 3337 1802 3404 ἀνασκευάζοντες

220 3436 334 3500 τὰς
364 3434 576 3503 ψυχάς
608 3433 797 3503 ὑμῶν,
848 3433 1135 3501 λέγοντες
1168 3432 1652 3499 περιτέμνεσθαι,
1701 3431 1800 3484 καὶ

219 3528 434 3596 τηρεῖν
464 3527 573 3580 τὸν
612 3526 823 3593 νόμον,
858 3522 947 3589 οἷς
974 3526 1048 3578 οὺ
1081 3523 1559 3590 διεστειλάμεθα,
1590 3522 1802 3587 ἔδοξεν

219 3620 373 3688 ἡμῖν
403 3620 753 3689 γενομένοις
782 3616 1185 3687 ὁμοθυμαδὸν.
1220 3615 1666 3684 ἐκλεξαμένους
1694 3614 1801 3666 ἀν-

221 3710 374 3777 δρας
427 3708 660 3776 πέμψαι
708 3708 858 3775 πρὸς
907 3706 1085 3774 ὑμᾶς,
1120 3706 1243 3759 σὺν
1296 3705 1420 3768 τοῖς
1465 3703 1803 3773 ἀγαπητοῖς

1970 1368 2283 1419 caerimoniis
2329 1367 2573 1435 fuerint:
2622 1372 2669 1418 et
2720 1368 2856 1434 quod
2916 1370 3239 1421 cazremonite
3287 1370 3470 1421 reteri-

1970 1439 2062 1490 bus
2122 1453 2225 1489 non
2277 1447 2549 1505 tant0pere
2597 1452 2738 1487 cura:
2792 1438 3005 1501 fuerint,
3047 1438 3138 1489 sed
3172 1443 3468 1490 necessaria

1970 1516 2176 1559 tantum
2217 1515 2267 1559 et
2310 1506 2463 1574 ﬁdem
2499 1509 2873 1575 ‘promouentia
2909 1516 3210 1561 constanter
3256 1523 3470 1561 servare

1962 1578 2243 1646 jusserint.

1971 1689 2268 1742 Enimvero
2322 1688 2465 1755 quod
2505 1689 2572 1742 ab
2620 1690 2993 1757 apostolorum
3041 1704 3213 1758 usque
3250 1698 3467 1759 tempo-

1902 1782 2055 1837 ribus
2108 1783 2290 1835 mulue
2338 1783 2717 1836 dissensiones
2768 1792 2993 1851 propter
3048 1783 3465 1835 observationes

1900 1874 2158 1942 quasdam
2193 1874 2420 1937 fuerint,
2451 1874 2572 1927 illos
2598 1875 2744 1942 ipsos
2772 1874 3071 1943 producam
3102 1882 3287 1928 testes.
3320 1873 3467 1927 Scri-

1901 1968 1981 2021 bit
2022 1981 2256 2036 namque
2294 1967 2451 2020 divus
2496 1965 2675 2020 Lucas
2721 1966 2778 2019 iu
2821 1964 3079 2018 Actorum
3111 1964 3253 2018 libro
3287 1982 3299 2016 :
3330 1964 3464 2017 Cum

1900 2060 2125 2129 apartoli
2165 2061 2437 2114 dissidium
2481 2060 2831 2115 intercessisse
2868 2060 2941 2112 eis
2982 2064 3071 2127 qui
3117 2074 3180 2111 ex
3228 2058 3466 2128 gentibus

1898 2154 2054 2221 fidem
2092 2152 2348 2218 complexi
2390 2153 2618 2221 fuerant,
2664 2159 2709 2203 et
2748 2150 2989 2219 ﬁdelibus
3011 2150 3232 2211 Judteis,
3273 2164 3465 2219 cogno-

1899 2248 2108 2307 vissent,
2153 2247 2453 2315 congregati
2481 2243 2640 2298 simul
2673 2260 2870 2308 omnes,
2916 2244 3340 2296 constitutionem
3378 2242 3467 2309 fa-

1899 2350 2036 2392 ctam
2062 2341 2115 2391 in
2145 2338 2376 2407 epistolis
2408 2337 2631 2405 formam
2666 2338 2993 2405 redegerunt,
3024 2350 3116 2405 per
3149 2349 3308 2403 quam
3337 2332 3469 2408 ﬁde-

1902 2431 1974 2485 les
2004 2448 2034 2483 a
2060 2432 2205 2501 gravi
2231 2430 2358 2499 legis
2380 2430 2632 2482 servitute
2657 2427 2971 2493 liberarunt,
2996 2437 3043 2480 et
3071 2439 3465 2495 supervacanea

1902 2539 1963 2576 ea
2001 2522 2066 2574 de
2108 2538 2164 2574 re
2224 2529 2548 2590 nugamenta
2599 2520 2961 2573 inhibuerunt.
3020 2518 3233 2573 Certum
3287 2525 3465 2570 autem

1902 2613 2140 2666 rectioris
2174 2622 2222 2664 et
2253 2611 2322 2664 ad
2362 2627 2536 2665 veram
2573 2627 2697 2681 erga
2745 2609 2905 2663 Deum
2942 2611 3189 2680 pietatem
3228 2609 3467 2661 ducentis

1900 2709 2019 2761 vita
2068 2708 2290 2775 formam
2332 2715 2746 2775 proposuerunt,
2796 2720 2911 2773 qua:
2958 2705 3251 2757 necessario
3295 2702 3468 2755 obser-

1901 2801 2074 2854 uanda
2113 2798 2237 2857 sint,
2269 2796 2477 2849 disertis
2507 2795 2670 2847 verbis
2710 2796 3077 2863 prtcdicantes.
3109 2793 3227 2848 Non
3264 2794 3466 2847 intem-

1902 2892 2175 2961 pestivum
2221 2903 2353 2942 vero
2401 2902 2520 2941 esse
2570 2886 2736 2948 duxi,
2775 2896 2834 2940 ut
2865 2901 2983 2940 eam
3036 2885 3207 2954 ipsam
3244 2885 3466 2961 illorum

1900 2960 2209 3050 epistolam,
2241 2978 2599 3033 evidentioris
2630 2977 2957 3046 cognitionis
2982 2977 3177 3045 gratia,
3203 2960 3468 3033 in'histo-

1900 3077 1981 3130 ria
2053 3075 2155 3127 hac
2202 3072 2486 3125 referrem.
2528 3068 2762 3138 Apostoli
2799 3078 2847 3123 et
2892 3070 3120 3123 seniores
3163 3078 3211 3122 et
3251 3069 3472 3139 fratres,

1901 3169 1980 3221 his
2017 3166 2107 3231 qui
2140 3164 2434 3218 Antiochia:
2462 3172 2509 3215 et
2539 3163 2593 3230 in
2627 3160 2783 3230 Syria
2814 3170 2860 3214 et
2903 3161 3087 3216 Cilicia
3127 3177 3190 3214 ea:
3230 3162 3469 3231 gentibus

1901 3268 2021 3314 sunt
2065 3256 2341 3326 fratribus,
2383 3256 2627 3309 salutem.
2668 3254 2930 3319 Quoniam
2974 3254 3292 3316 audivimus,
3329 3254 3473 3323 quod

1901 3350 2115 3420 quidam
2149 3346 2211 3400 ea:
2233 3347 2376 3399 nobis
2403 3353 2665 3407 exeuntes,
2695 3361 2784 3397 vos
2814 3344 3098 3407 turbarint,
3134 3344 3299 3397 verbis
3324 3344 3473 3397 labe-

1902 3442 2160 3509 factantes
2209 3437 2416 3489 animas
2457 3443 2675 3498 vestras,
2701 3435 2919 3488 dicendo
2959 3436 3264 3488 circumcidi
3297 3451 3383 3489 vos
3420 3444 3473 3489 et

1903 3532 2066 3602 legem
2103 3532 2303 3584 servari
2341 3530 2544 3589 debere,
2580 3529 2766 3598 quibus
2810 3528 2863 3580 id
2908 3544 3011 3581 non
3047 3529 3415 3583 mandavimus
3448 3545 3469 3584 :

1901 3624 2099 3693 placuit
2137 3623 2283 3674 nobis
2317 3620 2539 3673 collectis
2574 3621 2629 3672 in
2666 3635 2851 3677 unum,
2888 3618 3080 3687 eligere
3107 3618 3264 3681 viros,
3305 3626 3356 3671 et
3399 3618 3472 3671 tid

1902 3729 1989 3767 vos
2044 3714 2268 3771 mittere.
2319 3726 2437 3762 cum
2491 3708 2812 3761 charissimis
2862 3707 3052 3759 nostris
3106 3704 3357 3760 Barnaba
3418 3714 3469 3760 et

220 3801 396 3870 ὑμῶν
425 3800 695 3867 Βαρνάϐᾳ
727 3816 791 3852 τε
814 3798 912 3851 καὶ
936 3799 1157 3864 Παύλῳ
1189 3797 1520 3865 ἀνθρώποις
1548 3797 1804 3865 παραδε-
1830 3842 1870 3897 C
1906 3852 1909 3860 ,

1780 3826 1804 3838 ·
1830 3842 1870 3897 C
1906 3806 2076 3860 Paulo
2112 3821 2130 3859 :
2169 3804 2484 3863 hominibus,
2516 3803 2605 3869 qui
2630 3800 2966 3853 tradiderunt
2993 3800 3198 3858 animas
3218 3815 3345 3853 suas
3372 3815 3469 3868 pro

220 3895 452 3946 δωκόσι
506 3892 619 3957 τὴν
653 3890 866 3958 ψυχὴν
913 3890 1113 3944 αὐτῶν
1144 3888 1297 3956 ὑπὲρ
1348 3890 1455 3943 τοῦ
1505 3891 1799 3957 ὀνόματος

236 3983 437 4048 Ἰησοῦ
470 3983 755 4050 Χριστοῦ.
775 3982 1262 4051 Ἀπεστάλκαμεν
1294 3978 1407 4037 οὗν
1449 3983 1675 4037 Ἰούδαν
1702 3982 1799 4035 καὶ

222 4076 487 4136 Σίλλαν,
537 4073 637 4127 καὶ
673 4072 899 4139 αὐτοὺς
944 4073 1044 4127 διὰ
1085 4074 1273 4142 λόγου
1305 4074 1802 4143 ἀπαγγέλλοντας

221 4170 298 4222 τὰ
330 4166 743 4230 αὺτά.Ἐδοξε
770 4168 880 4235 γὰρ
910 4166 989 4230 τῷ
1014 4168 1160 4232 ἁγίῳ
1186 4167 1479 4234 Πνεύματι
1513 4165 1610 4219 καὶ
1637 4164 1799 4232 ἡμῖν,

218 4259 421 4328 μηδὲν
450 4258 645 4311 πλέον
680 4258 1050 4311 ἐπιτίθεσθαι
1078 4257 1220 4322 ὑμῖν
1241 4256 1436 4324 ,ϐάρος
1460 4257 1629 4322 πλὴν
1684 4256 1804 4309 τῶν

222 4352 572 4417 ἐπάναγκες
621 4349 865 4401 τούτων·
896 4347 1227 4415 ἀπέχεσθαι
1261 4348 1673 4401 εἰδωλοθύτων
1704 4346 1804 4400 καὶ

220 4443 501 4510 αἳματος,
536 4439 634 4491 καί
681 4438 788 4506 τῆς
830 4441 1116 4507 πίψνείας
1146 4439 1243 4491 καὶ
1276 4438 1381 4492 τοῦ
1426 4438 1701 4492 πνικτοῦ·
1734 4437 1804 4502 ἐξ

218 4531 310 4591 ὧν
331 4534 761 4598 διατηροῦντες
780 4533 1052 4596 ἑαυτοὺς,
1067 4532 1136 4585 εὖ
1158 4532 1761 4613 πρᾴξετε.Ἔρρωσθε.
1778 4552 1797 4585 ›

221 4627 418 4680 Ταῦτα
449 4623 596 4688 ἔδοξε
627 4626 706 4692 τῷ
736 4624 877 4692 Θεῷ·
907 4624 1066 4676 τοῦτο
1099 4624 1233 4693 γὰρ,
1259 4625 1424 4693 φησίν
1452 4627 1483 4694 ὴ
1516 4627 1799 4694 ἐπιστολή·

225 4713 451 4775 Ἔδοξε
503 4710 582 4774 τῷ
621 4710 769 4777 ἁγίῳ
820 4710 1144 4777 Πνεύματι,
1180 4710 1372 4778 μηδὲν
1423 4711 1579 4766 ἄλλο
1622 4713 1806 4767 ἐπιτι-

224 4807 439 4859 ρεσθαι
466 4803 658 4871 βάρος
688 4801 856 4868 πλὴν
882 4802 1000 4854 τῶν
1043 4802 1111 4866 ἐξ
1142 4804 1409 4870 ἀνάγκης
1432 4805 1807 4872 ’ὀφειλόντων

222 4897 668 4969 φυλάττεσθαι.
700 4895 855 4956 Tus,-
879 4894 934 4946 δὲ
967 4896 1173 4947 τούτων
1204 4894 1602 4966 ἀμελήσαντες,
1625 4898 1805 4950 πᾶσαν

226 4998 331 5062 μὲν
366 4990 627 5059 πορνείαν
658 4989 783 5058 παρ’
810 4988 963 5041 οὐδὲν
988 4988 1318 5054 λογίζονται·
1349 4991 1477 5057 περὶ
1502 4991 1559 5042 δὲ
1584 4992 1805 5061 ἡμερῶν

220 5101 283 5135 τε
317 5084 415 5135 καὶ
446 5082 652 5151 ἑορτῶν
689 5082 783 5133 καὶ
812 5083 941 5149 περὶ
970 5080 1203 5149 διαίτης,
1235 5080 1435 5133 ὡσανεὶ
1468 5084 1595 5151 περὶ
1627 5082 1806 5151 ψυχῆς

1905 3900 2110 3953 nomine
2160 3896 2377 3949 Domini
2425 3895 2588 3947 nostri
2636 3894 2756 3947 Jesu
2807 3893 3022 3945 Christi.
3074 3891 3316 3946 Misimus
3345 3910 3470 3963 ergo

1900 3988 2095 4041 ludam
2133 3995 2178 4037 et
2213 3983 2403 4043 Silam,
2429 3983 2518 4051 qui
2542 3990 2589 4034 et
2617 3982 2715 4049 ipsi
2737 3980 2876 4032 vobis
2906 3981 3085 4033 eadem
3115 3981 3277 4033 verbis
3305 3980 3469 4051 refer-

1902 4087 2038 4133 rent.
2075 4076 2254 4129 Visum
2286 4082 2362 4127 est
2391 4075 2525 4126 enim
2549 4070 2774 4140 Spiritui
2799 4080 3002 4135 sancto,
3045 4082 3093 4125 et
3138 4072 3305 4136 nobis,
3337 4074 3470 4126 nihil

1903 4171 2131 4240 amplius
2188 4168 2327 4221 vobis
2378 4167 2643 4233 imponere
2686 4164 2899 4225 oneris,
2947 4171 3301 4231 prasterquam
3359 4165 3474 4218 hau:

1903 4263 2217 4321 necessaria,
2250 4268 2304 4311 ut
2336 4274 2422 4311 vos
2461 4256 2765 4309 abstinentia
2800 4254 2862 4308 ab
2907 4256 2983 4308 his
3019 4270 3134 4324 qut:
3163 4254 3469 4309 simulacris

1902 4352 2177 4408 immolata
2205 4361 2349 4411 sunt,
2375 4359 2422 4402 et
2457 4367 2489 4401 a
2517 4349 2793 4416 sanguine,
2828 4357 2878 4399 et
2909 4348 3181 4416 suﬂ‘ocato,
3220 4358 3268 4399 et
3300 4348 3469 4416 forni-

1903 4446 2106 4497 catione
2140 4457 2159 4495 :
2191 4459 2223 4494 a
2260 4440 2442 4508 quibus
2475 4439 2615 4492 vobis
2655 4448 2914 4499 caventes,
2954 4448 3088 4490 recte
3127 4454 3237 4489 rem
3282 4440 3470 4507 agetis.

1907 4535 2083 4590 Valete
2113 4536 2152 4589 ‘.
2196 4533 2320 4587 Hau:
2358 4534 2464 4586 Deo
2498 4532 2692 4599 placita
2740 4540 2888 4584 sunt.
2929 4528 3041 4583 lloc
3088 4530 3235 4583 enim
3290 4532 3470 4598 inquit

1904 4626 2135 4697 epistola
2178 4644 2191 4680 :
2223 4624 2431 4678 Placuit
2468 4623 2689 4692 Spiritui
2722 4636 2921 4683 sancto.
2961 4622 3092 4675 nihil
3118 4622 3265 4674 aliud
3296 4624 3472 4675 oneris

1904 4724 2189 4789 imponere,
2206 4727 2553 4787 prwterquam
2574 4731 2689 4784 qua:
2711 4717 3001 4767 necessario
3020 4722 3223 4767 servata
3242 4724 3469 4783 oportet.

1904 4811 2060 4881 θοι
2096 4810 2164 4863 At
2198 4809 2419 4878 quidam
2455 4808 2569 4860 haec
2599 4805 2733 4858 nihil
2767 4816 3048 4864 curantes,
3082 4819 3300 4857 omnem
3335 4805 3468 4869 qui-

1905 4905 2032 4959 dem
2068 4900 2487 4956 fornicationem
2527 4912 2623 4965 pro
2662 4896 2838 4949 nihilo
2878 4894 3083 4948 habent
3115 4912 3130 4950 :
3168 4893 3234 4947 de
3269 4893 3471 4947 diebus

1907 5003 2089 5049 autem
2118 5033 2131 5056 ,
2176 4999 2231 5045 et
2279 4990 2433 5043 feriis
2456 5030 2469 5050 ,
2505 4998 2561 5041 et
2598 4987 2894 5050 institutis,
2927 4986 3156 5053 perinde
3192 4995 3358 5053 atque
3400 4985 3472 5039 de

1907 5089 2087 5141 anima
2137 5086 2253 5154 ipsa
2302 5082 2585 5135 decertant
2615 5096 2628 5133 :
2664 5079 2761 5133 Dei
2809 5079 3061 5132 mandata
3107 5077 3470 5141 invertentes,

221 5175 616 5242 ἀγωνίζονται·
649 5174 730 5235 εις
761 5172 1071 5224 τούναντίον
1100 5175 1200 5234 τὰς
1232 5172 1327 5225 τοὺ
1354 5173 1490 5226 Θεοῦ
1518 5190 1802 5244 παραγγε-
1837 5179 1878 5230 D
1907 5205 1910 5226 ι

1779 5204 1802 5215 -
1837 5179 1878 5230 υ
1907 5189 1962 5232 et
2001 5177 2107 5231 sibi
2154 5177 2286 5246 ipsis
2332 5175 2478 5241 leges
2509 5173 2793 5225 ferentes:
2841 5171 2983 5223 haud
3029 5185 3189 5224 secus
3223 5182 3385 5238 atque
3417 5170 3468 5222 si

221 5270 351 5328 λίας
382 5267 681 5333 τιθέμενοι,
708 5265 804 5316 καὶ
835 5266 998 5332 νόμος
1029 5265 1243 5327 ἑαυτοῖς
1275 5265 1576 5331 γινόμενοι·
1613 5266 1802 5335 ὥσπερ

222 5359 464 5418 ἑαυτοὺς
495 5356 781 5407 λανθάνειν
808 5355 1221 5419 σπουδάζοντες,
1250 5356 1329 5408 ὅτι
1360 5355 1477 5425 Θεῷ
1504 5360 1613 5418 τοῖς
1643 5375 1803 5424 νυμο-

223 5449 511 5519 θετηΟείσι
561 5445 822 5499 τάναντία
873 5446 1113 5514 μάλιστα
1164 5448 1609 5513 διαπράττονται.
1649 5450 1805 5517 Ἐνῆν

227 5544 334 5614 μὲν
363 5537 460 5594 οὖν
488 5540 583 5593 καὶ
610 5540 693 5591 ἔτι
724 5540 816 5592 τὸν
843 5539 1084 5608 περὶτοῦ
1117 5541 1306 5608 Πάσχα
1335 5540 1491 5605 λόγον
1519 5541 1799 5599 ἐκτείνειν.

229 5634 330 5688 καὶ
356 5630 637 5701 άριδήλως
680 5630 873 5695 δεῖξαι,
906 5632 980 5694 ὡς
1026 5633 1135 5685 οὐδ’
1178 5632 1451 5702 Ἑϐραίοις
1484 5633 1546 5685 τὸ
1580 5634 1801 5702 ἀκριϐὲς

224 5722 364 5791 περὶ
392 5720 586 5775 τούτου
610 5721 1075 5789 διαπεφύλακται·
1104 5722 1223 5776 ἀλλ’
1256 5724 1377 5776 οὐδὲ
1407 5723 1497 5777 τὸν
1522 5723 1804 5787 τύπον,ὼς

338 5860 355 5891 ⁸
396 5860 517 5913 Act.
549 5874 637 5921 xv,
668 5858 723 5923 6,
752 5857 904 5912 7-29.

1907 5281 1991 5324 stu
2004 5270 2153 5323 .liose
2189 5269 2294 5320 hoc
2320 5274 2560 5334 agerent,
2586 5274 2643 5316 ut
2670 5263 2978 5315 contrarias
3013 5263 3244 5314 tnaximc
3271 5266 3470 5315 adver-

1907 5377 2001 5416 sus
2045 5361 2263 5414 decreta
2307 5356 2401 5409 Dei
2439 5371 2525 5408 res
2561 5355 2864 5423 agitantes,
2916 5353 3087 5407 latere
3140 5355 3368 5421 possint.
3405 5354 3471 5406 Et

1908 5432 2281 5523 potuissemus
2314 5464 2414 5502 nos
2446 5448 2749 5500 orationem
2798 5446 2935 5499 hanc
2978 5446 3045 5498 de
3078 5445 3217 5498 feSIo
3252 5446 3474 5499 Pascha:

1912 5546 2083 5613 magis
2112 5542 2370 5603 dilatare,
2404 5548 2459 5591 et
2504 5538 2651 5590 clare
2684 5540 2817 5592 satis
2849 5537 3177 5602 ostendere,
3220 5540 3363 5606 quod
3402 5553 3474 5591 ne

1911 5634 2124 5691 Hebraei
2161 5632 2382 5702 quidem
2414 5638 2564 5682 certo
2607 5629 2658 5681 id
2697 5638 2751 5681 et
2782 5638 3035 5682 accurate
3070 5638 3330 5682 servent:
3372 5645 3470 5682 ne-

1912 5743 2020 5797 que
2054 5735 2239 5796 typum
2271 5736 2367 5777 seu
2401 5719 2627 5789 ﬁguram
2659 5719 2798 5787 ejus,
2830 5717 2994 5772 sicuti
3022 5718 3105 5772 eis
3135 5718 3331 5772 tradita
3365 5727 3470 5783 est,
