4278 6438
312 426 413 488 877

1238 422 1831 484 ΕΜῖΙιΕΞΙΛΒΤΙΟΕ
1871 425 2262 485 1115Το1ὶ1.Ὲ
2302 426 2443 488 LIB.
2496 427 2628 487 XII.

3442 434 3546 496 878

312 540 449 607 πρὸς
501 537 563 590 τὸ
606 536 827 604 βλαισὲιν
876 536 1329 603 ύπεκάιμπτοντο·
1394 538 1671 597 Ἀντώνιος
1706 534 1772 607 ἦν
1803 537 1878 608 τῷ
1910 549 1949 600 Α
1984 540 1995 591 I

1853 537 1878 608 ξι
1910 549 1949 600 Α
1984 540 2087 593 tem
2128 552 2351 593 statur.»
2398 540 2715 594 brevitatem
2755 544 3080 601 consistens.
3118 549 3287 622 Syrus
3331 552 3384 606 in
3425 554 3542 609 lon'

310 631 586 701 ἀνθρώπῳ
614 630 675 682 τὸ
709 629 903 699 ὄνομα.
936 629 1190 682 Τοιοῦτον
1225 630 1288 699 δή
1319 647 1437 683 τινα
1469 630 1563 683 καὶ
1600 630 1762 693 αὐτὸς
1797 625 1877 683 si-

306 723 396 776 δον
428 724 541 784 τοῖς
574 722 698 775 καθ’
724 722 871 791 ἡμᾶς
908 721 1118 790 χρόνοις
1170 721 1537 789 ἁναφανέντα,
1576 723 1738 792 τέρας
1764 717 1877 777 οἷον

305 813 611 881 ὁρώμενον,
636 810 697 864 ὃν
718 810 859 881 γυνὴ
896 809 1129 880 βραχεῖα
1162 812 1308 880 μάλα
1341 813 1585 880 προῆγεν
1618 814 1695 875 εις
1737 811 1874 880 φῶς.

310 903 476 957 Οὕτω
498 905 556 957 δέ
586 903 1029 972 κατεὸραχύνετο
1068 905 1096 955 ό
1129 902 1446 970 Αἰγύπτιος,
1478 903 1553 965 ὡς
1586 903 1877 972 παραπλή-

306 1012 425 1047 σιον
448 992 588 1048 εἶναι
619 996 858 1063 πέρδικι,
908 996 1004 1047 καὶ
1040 994 1163 1064 μηδ’
1207 996 1500 1065 ἀχάριστον
1562 996 1621 1047 ἐν
1677 992 1875 1060 κλωδῷ

302 1087 406 1156 τὴν
426 1088 637 1140 ἐκείνου
672 1084 814 1141 εἶναι
855 1086 1246 1157 προσομιλίαν,
1294 1088 1428 1156 πρὸς
1468 1085 1582 1155 ἔριν
1614 1085 1872 1154 κινούμε-

301 1196 390 1239 νος
431 1180 525 1231 καὶ
555 1180 876 1249 συναθύρων
908 1181 1123 1248 ἐκείνῳ.
1157 1179 1230 1231 Τὸ
1267 1179 1321 1230 δὲ
1370 1179 1521 1244 ξένον
1565 1180 1644 1239 εἰς
1678 1176 1872 1247 ἀκοὴν,

300 1268 387 1320 ὅτι
438 1270 534 1321 καὶ
584 1269 847 1339 φρόνησις
894 1268 1044 1336 ἐνῆν,
1094 1267 1365 1338 ἀνθρώπῳ
1404 1268 1556 1337 καλῷ
1599 1268 1875 1338 ἐφαρμότο

297 1356 493 1426 τουσα,
522 1362 674 1414 οὐδὲν
705 1362 811 1415 ὑπὸ
840 1361 939 1432 τῆς
978 1362 1316 1433 βραχύτητος
1350 1360 1868 1430 καταδλαπτομένη.

298 1450 412 1506 Ἦν
459 1454 516 1506 δὲ
562 1454 660 1507 καὶ
690 1454 751 1507 τὸ
801 1454 1023 1523 φθέγμα
1056 1454 1157 1505 οὑκ
1203 1454 1481 1523 ἄμουσον
1522 1453 1576 1505 οἴ
1614 1469 1673 1504 τε
1724 1452 1872 1519 λόγοι

295 1543 394 1596 τοῦ
441 1542 535 1597 νοῦ
573 1548 837 1614 παρεῖχον
886 1544 1123 1613 ὁρᾶσθαι
1181 1543 1281 1614 τὴν
1323 1543 1704 1612 γενναιότητα.
1762 1543 1870 1595 Καὶ

295 1635 468 1701 ἄμφω
490 1634 549 1687 δέ
588 1635 666 1702 τῷ
706 1636 883 1704 χρόνῳ
909 1636 1283 1703 ἀκμάσαντες,
1318 1635 1378 1685 ού
1432 1632 1626 1685 θᾶττον
1676 1632 1872 1701 μετῆλο

295 1724 393 1775 θον
429 1723 519 1776 τὸν
562 1723 711 1792 βίον·
748 1726 776 1777 ό
802 1724 929 1792 ’μὲν
974 1724 1083 1793 γὰρ
1129 1724 1387 1791 μέγιστος
1418 1724 1486 1775 τὰ
1532 1721 1869 1774 εἰκοσιπέντε

294 1815 516 1880 διεξιὼν
560 1817 682 1884 ἔτη,
710 1815 959 1869 ἀπεδίωο
1009 1818 1036 1867 ό
1068 1815 1112 1865 δ’
1146 1815 1448 1883 ἐλάχιστος,
1488 1814 1549 1865 οὐ
1578 1810 1868 1882 παραπολὺ

1978 630 2280 699 gitudinem
2342 632 2653 687 cubitorum
2717 636 2960 706 quinque
3027 647 3083 694 et
3149 641 3310 698 unius
3370 645 3538 715 palmi

1979 734 2331 785 excreverat.
2372 728 2626 796 quamvis
2670 729 2838 796 pedes
2883 731 3004 800 ejus
3038 734 3263 804 reliquae
3293 739 3542 807 corporis

1978 818 2341 886 magnitudini
2388 821 2743 889 proportione
2799 838 2907 877 non
2957 827 3401 896 responderent:
3452 831 3553 885 ἱππ--

1978 915 2219 961 trursum
2250 909 2393 963 enim
2422 909 2607 966 intorti
2639 922 2691 968 et
2724 912 2835 967 vari
2865 926 3022 971 erant
3050 934 3063 969 :
3097 917 3301 974 homini
3337 936 3538 976 nomen

1978 1004 2097 1049 erat
2144 999 2402 1053 Antonio.
2456 1000 2639 1055 Talem
2690 1013 2850 1059 artate
2908 1020 3126 1077 quoque
3180 1020 3364 1065 nostra
3421 1013 3539 1082 ipse

1976 1087 2112 1154 vidi,
2155 1104 2256 1158 pro
2303 1100 2552 1145 monstro
2591 1093 2875 1157 habitum,
2909 1113 3071 1167 quem
3122 1098 3305 1155 brevis
3349 1102 3539 1157 admo-

1976 1178 2105 1234 dum
2151 1192 2375 1236 statura:
2409 1185 2606 1239 mulier
2641 1188 2692 1241 in
2741 1188 2919 1251 lucem
2960 1192 3206 1261 protulit.
3252 1193 3537 1266 Egyptius

1974 1284 2158 1327 autem
2195 1285 2300 1327 tam
2336 1275 2520 1331 brevis
2552 1278 2674 1340 fuit.
2707 1292 2768 1335 ut
2797 1283 3004 1349 perdici
3040 1287 3336 1353 persimilis
3366 1301 3533 1345 esset.

1974 1366 2162 1436 Neque
2202 1367 2472 1437 ingratum
2522 1374 2892 1440 spectaculum
2924 1388 3071 1440 erat,
3108 1381 3150 1434 si
3185 1398 3307 1435 cum
3352 1384 3444 1438 ilio
3477 1387 3532 1440 in

1973 1458 2136 1528 globo
2183 1459 2490 1528 (hominum
2544 1464 2775 1535 scilicet)
2834 1482 3301 1535 conversaretur.
3354 1484 3411 1530 et
3465 1479 3532 1531 ad

1972 1548 2379 1604 contentionem
2428 1552 2701 1609 excitatus
2751 1556 3074 1614 culluderet.
3143 1562 3310 1635 308
3360 1566 3531 1621 Porro

1971 1639 2119 1708 quod
2188 1641 2443 1697 mirabile
2503 1642 2655 1698 dictu
2706 1656 2827 1712 est,
2888 1650 3176 1718 prudentia
3224 1657 3274 1710 ei
3329 1657 3526 1725 inerat,

1969 1728 2148 1797 qualis
2211 1730 2419 1785 homini
2482 1733 2723 1791 formoso
2786 1744 3047 1810 competit
3097 1762 3111 1799 :
3174 1748 3377 1819 quippe
3438 1755 3527 1807 cui

1972 1821 2221 1890 corporis
2267 1823 2484 1878 exilitas
2524 1841 2588 1878 ea
2641 1827 2707 1881 de
2758 1844 2815 1884 re
2858 1831 2997 1886 nihil
3045 1834 3358 1895 ademisset.
3415 1842 3525 1898 Vox

291 1909 501 1960 τούτων
536 1908 882 1977 λειπόμενος.
936 1908 1110 1961 Πολλὰ
1162 1906 1217 1958 δὲ
1250 1906 1346 1958 καὶ
1372 1905 1535 1973 ἕτερα
1563 1903 1866 2002 τηνικαῦτα⁵
1896 1912 1942 1971 Β
1969 1924 1980 1962 ε

1840 1912 2000 1971 ιΒα
2050 1910 2217 1965 Musis
2276 1928 2382 1967 non
2449 1916 2798 1973 abhorrebat.
2853 1920 3047 1979 Sermo
3105 1930 3307 1984 mentis
3364 1947 3529 2002 gene-

291 2010 603 2068 συνεθραμε
645 1999 850 2067 τέρατα
876 2014 890 2028 ·
934 1997 968 2051 ἃ
1002 1999 1143 2050 κατὰ
1187 1997 1349 2065 μέρος
1381 1995 1637 2060 διεξιέναι
1669 1996 1729 2046 ού
1775 1992 1866 2045 τοῦ

289 2091 564 2158 παρόντος
599 2087 741 2144 εἶναι
781 2092 987 2159 νομίζω
1019 2090 1232 2157 καιροῦ.

1970 2000 2250 2057 rositatem
2292 2006 2643 2071 spectandam
2689 2012 3002 2071 exhibebat.
3043 2015 3287 2089 Uterque
3328 2000 3523 2081 eodem

1966 2088 2062 2142 illo
2120 2098 2364 2159 tempore
2419 2097 2646 2165 vigens,
2706 2119 2815 2156 non
2873 2107 3060 2162 statim
3126 2088 3294 2167 vitam
3356 2116 3518 2171 ﬁniit.

285 2185 559 2240 ιιειίυωε
620 2187 771 2240 enim
812 2188 1004 2257 viginti
1061 2188 1308 2255 quinque
1352 2184 1593 2253 explevit
1653 2198 1849 2245 annos.
1891 2185 2155 2241 minimus
2199 2201 2381 2244 autem
2452 2208 2561 2248 non
2593 2198 2827 2253 multum
2898 2206 2966 2257 ab
2995 2206 3076 2260 eis
3120 2209 3319 2266 abfuit.
3355 2213 3522 2271 Multa

285 2290 559 2347 praeterea
594 2280 703 2334 alia
739 2291 852 2334 tum
884 2295 1219 2334 concurrere
1250 2278 1521 2349 prodigia,
1558 2292 1680 2347 quae
1715 2277 1995 2348 sigillatim
2029 2279 2242 2336 referre
2271 2299 2379 2339 non
2414 2286 2577 2358 hujus
2607 2290 2713 2346 loci
2751 2309 2870 2349 esse
2907 2310 3060 2367 puto.

850 2413 1099 2466 ΚΕΦΑΛ.
1145 2412 1281 2465 AM'.

281 2537 421 2605 Περὶ
475 2532 585 2600 τῆς
597 2530 724 2607 -διξ
736 2530 1016 2607 ἀγχόνης
1031 2527 1395 2607 ἀναιρέσεως
1437 2530 1855 2607 Οὺᾳλεντινια-

350 2599 463 2660 ἆόῦ
518 2603 624 2656 τοῦ
658 2599 799 2652 νέου
826 2602 942 2654 ὑπὸ
973 2599 1415 2666 Ἀρουαγάστου
1439 2599 1547 2650 τοῦ
1593 2611 1853 2664 στρατηο

348 2695 483 2745 του.

352 2812 642 2871 Θεοδόσιος
677 2810 776 2876 μὲν
816 2806 910 2859 οὖν
936 2804 1079 2857 οὕτω
1108 2803 1205 2867 τὴν
1234 2804 1372 2872 πρὸς
1409 2802 1523 2856 Ἕω
1548 2804 1853 2875 ἀρχομένην

276 2903 499 2963 ἰθύνων,
532 2900 801 2969 λαμπρῶς
826 2915 884 2950 τε
908 2897 1023 2965 ἆμα
1046 2896 1139 2948 καὶ
1182 2894 1458 2962 ἐπιμελῶς
1500 2895 1723 2947 διετέλει
1769 2897 1856 2948 θε-

278 2994 539 3057 ραπεύων
566 2993 625 3045 τὸ
669 2991 846 3053 Θεῖον,
881 2990 1002 3050 ταῖς
1051 2986 1372 3057 καθημέραν
1403 2988 1746 3057 προσθήκαις
1775 2991 1852 3051 εἰς

272 3050 517 3139 ἐπίδοσιν
577 3084 728 3150 ἄγων
792 3050 883 3134 τόν
949 3050 1377 3150 Χριστιανισμόν
1411 3050 1687 3134 ’.ἀνὰνδὲ
1753 3082 1851 3152 τὴν

285 3176 562 3245 Ἑσπέραν
590 3177 658 3229 τὰ
684 3175 920 3244 δημόσια
954 3174 1117 3226 πάλιν
1147 3175 1401 3243 πονήρως
1431 3167 1575 3242 εἶχεν
1604 3190 1619 3204 ο
1654 3175 1849 3244 ὴγγέλ-

271 3274 398 3325 λετο
426 3233 535 3342 γαρ
564 3271 655 3322 τὸν
686 3233 985 3335 ἐύέσπέρᾳ
1029 3233 1406 3335 βασι).ἑα,“τὶν
1453 3269 1573 3318 νέον
1610 3268 1843 3319 Οὖαλεν-
1871 3233 1919 3297 c

270 3364 533 3424 τινιανὸν,
568 3364 773 3429 ἀγνόνῃ
806 3359 1195 3429 διαφθαρῆναι.
1252 3357 1498 3425 Ἐλέγετο
1536 3358 1593 3410 δὲ
1638 3359 1842 3429 ταύτην

266 3452 421 3523 αύτῷ
452 3454 550 3522 τὴν
577 3451 875 3521 ἐπιϐουλὴν
898 3450 1165 3504 καττῦσαι
1191 3451 1278 3502 διὰ
1310 3450 1417 3501 τῶν
1447 3451 1841 3519 θαλαμοπόλων

265 3542 542 3613 εὐνούχων
576 3542 770 3604 ἄλλους
801 3559 861 3594 τε
894 3541 1071 3602 τινὰς,
1111 3542 1207 3592 καὶ
1253 3542 1665 3611 Ἀρουαγάστην
1696 3544 1838 3594 ἐκεῖ·

263 3653 379 3698 νον,
418 3634 477 3693 ὃς
509 3634 605 3700 τῆς
632 3633 723 3684 ὑπ’
754 3633 904 3700 αὐτῷ
954 3634 1137 3701 πάσης
1187 3635 1447 3701 στρατιᾶς
1498 3633 1598 3701 τὴν
1648 3636 1837 3703 ἐπιμέο

261 3726 416 3777 Ξειαν
446 3717 613 3791 εἶχεν.
652 3722 805 3776 Ἐπεὶ
834 3725 942 3792 γὰρ
992 3718 1129 3775 εἶδον
1160 3726 1251 3774 τὸν
1283 3724 1402 3775 νέον
1448 3724 1522 3787 ὡς
1563 3725 1630 3776 τὰ.
1668 3725 1836 3777 πολλὰ

258 3815 386 3869 κατ’
419 3815 572 3867 οὐδὲν
606 3814 930 3882 λειπόμενον
974 3814 1067 3866 τοῦ
1113 3817 1322 3881 πατρὸς
1379 3818 1443 3886 τῇ
1475 3819 1640 3886 ἀρχῇ,
1676 3818 1837 3886 χαλε-

258 3906 384 3967 πῶς
410 3921 471 3956 τε
515 3904 857 3973 διακείμενον
910 3902 989 3957 οἷς
1023 3906 1251 3963 ἐκείνοις
1301 3908 1493 3971 ἐδόκει,
1550 3912 1612 3960 ἐκ
1668 3912 1833 3975 μέσον

257 4000 438 4052 ῦεῖναι
480 3997 802 4050 διενοοῦντο.
853 3999 1125 4067 Ἀκρατὴς
1165 3998 1209 4049 δ’
1253 3992 1318 4065 ἦν
1367 4002 1509 4065 μάλα
1552 3998 1724 4065 Θυμιῦ
1760 4016 1773 4029 ο
1806 4000 1833 4052 ὃ

255 4094 355 4142 καὶ
384 4090 482 4141 τοῦ
508 4091 608 4160 ζῇν
639 4091 801 4142 αὑτὸν
827 4091 1145 4159 περιφανῶς
1180 4089 1571 4143 ἐξεδίσκευσεν.
1610 4092 1697 4158 Τῲ
1725 4094 1833 4159 γὰρ

266 4181 654 4249 Ἀρουαγὰστῃ
684 4181 765 4234 εἰς
806 4180 997 4247 λόγους
1041 4180 1211 4231 ἐλθὼν
1248 4181 1386 4233 κατά
1428 4183 1495 4234 τὰ
1532 4184 1829 4253 ἀνακτςρα,

249 4272 381 4323 ἐπεὶ
404 4275 432 4324 ό
456 4271 699 4336 διάλογος
722 4273 801 4333 εἰς
831 4273 999 4341 ὀργὴν
1030 4273 1281 4341 ἐξέμηνε,
1312 4272 1461 4340 ξίφος
1479 4272 1702 4342 ὥρμησε
1728 4294 1830 4327 κα-

245 4365 320 4414 τὰ
343 4363 438 4415 τού
472 4361 784 4432 στρατηγοῦ
833 4364 1142 4416 σπάσασθαι
1174 4379 1190 4394 ο
1226 4364 1487 4427 κωλυθεὶς
1521 4366 1575 4416 δὲ
1604 4366 1685 4433 (ού
1717 4367 1827 4434 γὰρ

244 4456 439 4506 εἴασεν
466 4455 493 4505 ό
523 4454 824 4523 δορυφόρος
854 4451 915 4508 οὗ
950 4456 1007 4507 τὸ
1059 4454 1211 4523 ξίφος
1258 4457 1554 4510 ἐπεϐάλετο
1603 4459 1824 4527 ἕλκειν),

2480 2421 2709 2480 CAPUT
2739 2427 3027 2487 XXXVIII.

1954 2525 2220 2593 Quomodo
2250 2532 2649 2631 tiegti‘nignus
2970 2549 3258 2622 Arbogasta
3281 2560 3407 2615 duce
3426 2582 3521 2631 per

2306 2606 2701 2675 suffocationem
2721 2614 2787 2666 sit
2811 2606 3172 2688 interemptus.

2026 2805 2093 2858 Et
2136 2804 2477 2864 Theodosius
2505 2811 2727 2880 quidem
2769 2814 2871 2873 hoc
2907 2820 3068 2876 modo
3096 2822 3371 2884 Orientale
3419 2848 3518 2903 gu-

1954 2896 2222 2952 bernabat
2256 2899 2564 2970 imperium,
2610 2922 2801 2978 magna
2846 2926 2978 2966 cura
3031 2919 3314 2987 magniﬁce
3345 2922 3515 2980 Deum

1956 2988 2164 3056 colens,
2189 3000 2246 3044 et
2294 2994 2543 3061 quotidie
2600 2999 2756 3054 novis
2809 3006 3221 3066 accessionibus
3251 3012 3517 3072 Chi-istia-

1953 3081 2191 3135 nismum
2221 3083 2517 3155 adaugens.
2583 3089 2643 3143 ln
2688 3090 2983 3151 Occidente
3026 3115 3156 3155 vero
3208 3109 3514 3175 respublica

1952 3172 2093 3226 male
2126 3174 2337 3231 habuit.
2398 3177 2680 3247 Siquidem
2739 3184 3015 3254 juniorem
3071 3172 3511 3261 Valentinianum

1951 3264 2331 3332 imperatorem
2384 3270 2508 3340 gula
2578 3273 2748 3331 fracta
2796 3279 3098 3351 interiisse,
3133 3295 3507 3353 renuntiatum

1942 3366 2043 3409 est.
2072 3355 2285 3412 Caedem
2317 3376 2438 3416 eam
2465 3379 2559 3432 per
2589 3367 2819 3425 insidias
2847 3373 2897 3427 ei
2932 3376 3149 3433 molitos
3177 3398 3297 3438 esse
3325 3385 3511 3444 ferunt

1941 3446 2309 3506 cubicularios
2364 3457 2669 3525 eunuchos,
2734 3474 2899 3534 atque
2971 3469 3109 3526 alios
3164 3478 3428 3544 quosdam
3490 3501 3504 3537 :

1941 3539 2411 3615 Arhogastemque
2450 3554 2684 3609 maxime
2718 3555 2889 3621 illum,
2914 3562 3007 3630 qui
3040 3539 3357 3627 militarium
3388 3577 3509 3643 ejus

1940 3635 2222 3701 copiarum
2252 3641 2496 3695 omnium
2541 3646 2733 3702 habuit
2770 3665 2956 3707 curam
2997 3666 3053 3709 et
3076 3658 3506 3721 administratio-

1938 3737 2078 3777 nem.
2112 3726 2248 3780 Cum
2276 3730 2421 3786 enim
2446 3734 2698 3813 juvenem
2734 3738 2962 3809 imperio
2977 3746 3333 3813 gubernando
3357 3758 3505 3812 nulla

1934 3828 2105 3884 prope
2136 3834 2193 3872 re
2216 3823 2355 3888 patri
2382 3812 2694 3881 inferiorem
2726 3847 2868 3897 esse,
2898 3844 2953 3888 et
2984 3812 3221 3906 graviter
3242 3845 3501 3918 pleraque

1935 3922 2055 3973 quae
2104 3910 2210 3966 illis
2265 3915 2619 3985 placuissent,
2687 3922 2829 3979 ferre
2886 3928 3155 3995 viderent,
3206 3940 3500 3997 consilium

1933 4002 2052 4072 ejus
2077 4010 2420 4073 opprimendi
2449 4025 2668 4079 cepere.
2707 4015 2833 4070 Erat
2862 4029 3044 4075 autem
3080 4024 3171 4079 ira:
3200 4028 3497 4085 admodum

1934 4092 2241 4151 impatiens.
2297 4097 2427 4164 Quae
2490 4119 2579 4159 res
2606 4108 2770 4162 etiam
2813 4121 3001 4178 aperto
3061 4118 3223 4172 caedis
3249 4120 3303 4175 ei
3334 4137 3497 4178 causa

1930 4185 2054 4240 fuit.
2085 4188 2221 4242 Cum
2250 4193 2547 4265 Arhogaste
2596 4200 2740 4253 enim
2766 4203 2817 4256 in
2857 4211 3003 4275 regia
3035 4211 3359 4275 colltn‘utus,
3404 4218 3493 4271 abi

1929 4280 2094 4333 verba
2129 4281 2184 4335 in
2220 4283 2353 4338 iram
2386 4289 2626 4345 insanam
2683 4309 2927 4359 evasere,
2993 4316 3123 4355 ense
3175 4308 3493 4373 magistrum

1927 4371 2164 4427 militum
2210 4378 2504 4435 conludere
2535 4398 2817 4453 aggressus
2850 4400 2953 4443 est.
3008 4393 3112 4446 Sed
3173 4411 3201 4449 a
3236 4371 3492 4466 satellite,

1926 4462 2014 4514 cui
2040 4462 2243 4518 ferrum
2273 4471 2559 4526 extrahere
2608 4475 2763 4528 nisus
2795 4476 2998 4543 fuerat,
3031 4482 3320 4553 inhibitus,
3378 4500 3491 4546 tum

244 4546 373 4599 τότε
410 4548 511 4613 μὲν
541 4545 721 4611 λόγοις
774 4547 1018 4613 προσῆγε
1079 4547 1158 4615 τῷ
1203 4548 1583 4622 Ἀροιιαγάστῃ
1611 4552 1707 4621 τὴν
1739 4553 1827 4604 Θε-
1855 4565 1903 4625 D
1929 4576 1933 4600 ε

1804 4583 1827 4593 -
1855 4565 1903 4625 ι)
1929 4555 2149 4621 quidem
2182 4561 2359 4614 verbis
2382 4562 2739 4633 Arbogastem
2794 4572 2974 4626 acrius
3003 4545 3345 4644 objurgatum
3377 4583 3493 4649 pla-

249 4638 488 4708 ραπείαν
531 4638 610 4687 ’ό
660 4636 716 4688 δὲ
766 4639 876 4697 τοῖς
912 4636 1091 4703 λόγοις
1159 4638 1362 4705 μᾶλλον
1417 4642 1513 4709 τὴν
1552 4645 1822 4710 σφετέραν
1929 4665 1938 4697 ι

1797 4664 1822 4695 ν
1929 4649 2089 4702 cavit.
2132 4650 2225 4704 Ille
2251 4664 2434 4707 autem
2461 4673 2527 4709 ex
2559 4660 2742 4715 verbis
2770 4663 2890 4729 ejus
2917 4666 3233 4735 opinionem
3263 4672 3407 4726 illius
3435 4692 3486 4727 in

241 4718 486 4797 ἠκρίϐου
530 4728 806 4793 ὑπόνοιαν,
840 4731 921 4791 εἰς
949 4732 1156 4795 γνῶσιν
1206 4732 1608 4805 μεθισταμένην
1650 4752 1667 4770 ο
1698 4739 1822 4789 ἐπε·
1925 4758 1930 4790 ;

1802 4767 1822 4777 -
1925 4751 2173 4800 apertum
2203 4747 2523 4812 productam
2558 4755 2870 4808 accuratius
2924 4758 3344 4828 considerando,
3405 4781 3491 4818 sc-

243 4819 466 4889 ρομένῳ
482 4820 590 4888 γὰρ
634 4819 734 4887 τῆς
772 4820 1041 4888 τοσαύτης
1065 4823 1243 4891 ὁρμῆς
1272 4824 1371 4892 τὴν
1404 4827 1603 4887 αἰτίαν,
1634 4828 1823 4881 ἐαυτὸν
1924 4848 1932 4878 ι

1798 4848 1823 4880 ν
1924 4845 2047 4882 cum
2079 4832 2195 4901 ipsc
2234 4838 2536 4903 perpendit.
2574 4840 2878 4909 Inquirenti
2912 4848 3209 4903 enimtanii
3246 4854 3487 4921 impetus

239 4907 648 4977 διαχρήσασθαι
678 4912 707 4960 ό
732 4912 861 4971 παῖς
890 4912 1241 4979 ἀπεκρίνατο,
1277 4914 1467 4981 ὅτιπερ
1521 4914 1822 4982 βασιλεύων
1922 4941 1928 4969 4

1793 4936 1822 4969 ν
1922 4937 2184 4979 causam:
2226 4929 2529 4985 Allaturum
2565 4933 2667 4987 sibi
2703 4935 2802 5002 ipsi
2853 4954 3045 4993 manus
3101 4957 3239 5005 esse,
3299 4948 3482 5001 adole-

237 5001 304 5053 οὺ
339 5000 674 5068 ξυγχωροίτο
708 5002 970 5066 πράττειν
1003 5002 1040 5055 ἂ.
1063 5003 1337 5068 βούλεται,
1384 5010 1479 5058 καὶ
1509 5008 1596 5061 διὰ
1641 5011 1821 5065 τούτο.

239 5094 354 5144 Καὶ
386 5093 413 5142 ό
443 5093 540 5159 μὲν
580 5093 700 5144 τότε
741 5093 906 5161 μηδέν
936 5110 986 5145 τι
1052 5094 1211 5147 πλέον
1262 5098 1816 5167 πολυπραγμονήσας,

241 5185 321 5253 μὴ
352 5182 714 5249 καταξιοῦνιτα
739 5186 913 5249 οὕτως
943 5187 1136 5254 ἔχοντα
1162 5189 1283 5258 ζῇν,
1316 5189 1538 5259 ὕστερον
1568 5196 1626 5243 ἐν
1667 5193 1817 5245 Βιέν-

236 5291 309 5346 νῃ
338 5277 439 5345 τῆς
465 5276 700 5340 Γαλλίας
730 5279 921 5332 τοῦτον
951 5282 1313 5349 ἠριστηκότα,
1352 5285 1444 5335 καὶ
1472 5284 1610 5353 πρὸς
1644 5288 1816 5351 ταφα-

233 5369 301 5435 νῆ
337 5367 449 5419 τῶν
479 5366 773 5435 βασιλείων
805 5375 937 5439 περὶ
963 5373 1022 5424 τὸ
1054 5372 1149 5425 τοῦ
1207 5376 1452 5443 ποταμοῦ
1488 5379 1661 5443 χεῖλος
1711 5396 1811 5443 με-

231 5457 442 5526 σούσης
474 5459 688 5529 ἡμέρας
725 5466 1001 5527 παιγνίοις
1047 5465 1158 5515 τισὶ
1191 5466 1519 5532 σχολάζοντα
1543 5467 1813 5537 θεασάμε-

231 5566 347 5611 νος,
381 5550 595 5615 πέμπει
629 5550 737 5603 τῶν
761 5568 913 5613 τινας
945 5553 1035 5605 ὑπ’
1071 5554 1239 5623 αὐτῷ,
1284 5556 1489 5626 ἀγχόνῃ
1523 5557 1583 5610 τὸ
1618 5559 1811 5627 μειρά-

226 5658 350 5693 κιον
368 5640 709 5713 διαφθεῖραι,
741 5645 953 5710 οὐδενὸς
985 5649 1091 5700 τῶν
1114 5649 1569 5718 ὑπηρετουμένων
1590 5667 1811 5720 συμπα-

228 5733 418 5801 ρόντος
445 5734 594 5804 αὑτῴ
622 5753 636 5767 ’
655 5738 810 5807 ὁγὰρ
832 5739 1266 5811 καιρδςὰριστᾷν
1298 5742 1496 5805 αὐτοὺς
1528 5746 1811 5812 μετεστέλ-

224 5822 371 5876 λετο.
396 5823 507 5878 Καὶ
522 5827 549 5878 ό
570 5828 667 5896 μὲν
685 5826 827 5882 οὕτω
842 5830 1042 5900 χειρῶν
1064 5832 1352 5903 ἀγριότητι
1368 5834 1699 5900 ἁπεπνίγετο
1720 5854 1733 5868 ·
1757 5838 1806 5889 οἱ

1921 5032 2079 5071 secus
2104 5024 2401 5088 respondit,
2434 5029 2580 5093 quod
2614 5042 2736 5081 cum
2777 5031 3074 5097 imperator
3097 5048 3262 5093 εδει-ι,
3308 5039 3485 5096 facierc

1918 5110 2063 5175 quod
2092 5113 2271 5174 relict,
2332 5130 2438 5168 non
2475 5120 2930 5184 permitteretur:
2990 5136 3324 5194 quapropter
3379 5126 3480 5189 sibi

1919 5202 2026 5253 vita
2059 5203 2181 5256 tatis
2210 5196 2443 5268 ingrata
2468 5209 2630 5261 etiam
2662 5220 2827 5264 chet.
2865 5213 3039 5281 Atque
3098 5216 3184 5268 ille
3216 5227 3329 5271 tum
3359 5223 3482 5287 qui-

1916 5292 2038 5345 dem
2118 5296 2251 5349 nihil
2325 5299 2559 5368 amplius
2624 5303 2839 5356 curiose
2893 5318 3263 5373 percontatus.
3317 5308 3480 5378 303)

1916 5383 2110 5440 Postea
2142 5399 2321 5442 autem
2348 5390 2563 5445 Victum:
2602 5392 2656 5447 in
2691 5394 2882 5457 Gallia,
2911 5414 3032 5451 cum
3061 5414 3185 5453 cum
3216 5418 3476 5469 pransum

1915 5476 1965 5526 in
1998 5478 2268 5531 abditiore
2312 5480 2470 5548 regiae
2515 5482 2635 5536 luco
2675 5486 2739 5537 ad
2794 5488 3031 5542 lluminis
3091 5490 3260 5558 ripam
3316 5508 3476 5550 nteri-

1900 5559 2077 5617 ‘diano
2108 5579 2351 5635 tempore
2398 5570 2609 5625 ludicro
2659 5576 2869 5628 cuidam
2911 5592 3189 5634 vacantem
3228 5584 3471 5650 vidisset,

1908 5670 2260 5725 percussores
2288 5664 2550 5727 quosdam
2583 5680 2647 5717 ex
2671 5667 2784 5719 suis
2813 5670 2861 5722 ei
2888 5670 3133 5735 immisit,
3189 5676 3280 5742 qui
3344 5676 3472 5732 ado-

1906 5746 2266 5802 lescentulum
2284 5751 2643 5808 suﬂ'ocatiunc
2663 5770 2941 5822 necarent,
2969 5778 3090 5816 cum
3111 5780 3175 5818 ex
3206 5767 3469 5823 ministris

1904 5839 1952 5891 ei
1989 5854 2149 5895 nemo
2166 5842 2384 5898 adesset
2411 5861 2423 5897 :
2446 5853 2659 5915 tempus
2683 5849 2828 5902 enim
2855 5851 2974 5907 illos
2999 5855 3062 5908 ad
3086 5856 3464 5920 prandendum
