4278 6438
766 428 868 490 879

1991 423 2403 485 NlCEPllOliI
2444 422 2788 484 CALLlSTl

3905 421 4012 486 880

765 546 1102 593 evocaverat.
1136 538 1321 606 Itaque
1357 539 1447 592 ille
1479 539 1556 594 sic
1584 540 1896 594 crudelibus
1959 540 2333 610 strangulatus
2363 545 2402 598 Α
2435 539 2454 590 ε

2322 555 2333 592 ς
2363 545 2402 598 Α
2435 538 2489 590 δέ
2519 556 2578 605 γε
2606 540 2666 590 τὸ
2694 538 2856 606 ἔργον
2888 535 3341 605 διαπραξάμενοι,
3380 535 3466 588 ἵνα
3496 536 3572 605 μὴ
3595 539 3654 588 ἐκ
3699 537 3790 590 τοῦ
3825 541 4011 607 σχεδὸν

765 637 842 681 est
875 627 1148 680 manibus.
1205 629 1460 682 Atcmdis
1507 629 1626 698 ejus
1677 639 2002 697 patraturos,
2065 647 2133 682 ne
2173 629 2215 683 si
2276 643 2339 680 ex

770 728 1017 784 tempore
1071 716 1253 768 statim
1288 733 1642 784 percussores
1698 719 2130 785 iuquirerentur,
2183 715 2339 770 facile

766 807 1106 874 deprehendi
1161 817 1404 874 possent,
1437 808 1655 860 sudario
1682 808 1802 875 ejus
1838 819 2090 876 tanquam
2147 808 2343 875 laqueo

768 900 974 952 rireum
1009 901 1209 953 collum
1242 900 1431 967 ligato,
1493 900 1779 952 sublimem
1814 916 1937 952 cum
1978 899 2340 965 SllSllt‘lltlt'l"(‘,

773 1001 828 1041 ut
863 1010 954 1042 sua
992 980 1184 1059 Sponte
1218 991 1318 1043 sibi
1381 992 1493 1059 ipse
1535 992 1711 1059 gulam
1775 991 1999 1057 fregisse
2038 991 2340 1043 videretur.

773 1083 1247 1136 Adulescentulum
1302 1085 1463 1137 istum
1548 1083 1773 1134 mirilicc
1831 1083 2058 1148 imperio
2113 1081 2336 1142 dignum

771 1175 943 1227 visunt
975 1191 1091 1228 esse
1133 1178 1305 1237 aiunt,
1341 1185 1560 1243 propter
1603 1177 1795 1226 bonam
1839 1174 2086 1242 corporis
2120 1173 2341 1224 habitu-

772 1263 978 1323 dinem,
1014 1275 1069 1317 et
1097 1267 1356 1317 virtutum
1404 1265 1693 1315 multarum
1750 1275 2104 1321 concursum,
2140 1260 2341 1328 quibus

774 1357 1069 1422 imperator
1139 1356 1313 1405 bonus
1385 1363 1700 1405 exornatur.
1781 1352 2148 1420 Magnitudiue
2213 1364 2341 1401 vero

770 1444 961 1506 animi,
1023 1453 1076 1497 et
1120 1444 1330 1513 justitia
1408 1460 1639 1505 summa,
1695 1455 1902 1510 patrem
1965 1445 2125 1494 etiam
2180 1456 2338 1494 suum

772 1545 1224 1602 exsuperaturum
1260 1537 1446 1593 fuisse,
1470 1535 1736 1602 siquidem
1760 1534 1805 1586 ci
1831 1535 1882 1586 in
1908 1534 2080 1584 virum
2107 1536 2339 1585 evadere

773 1627 1034 1680 licuisset.
1072 1627 1184 1680 Tali
1219 1627 1308 1680 ille
1333 1639 1528 1690 morte,
1559 1641 1678 1679 cum
1704 1626 1826 1678 talis
1843 1625 2337 1686 esset,viccsimum

767 1720 942 1776 {etatis
971 1735 1137 1788 agcus
1162 1735 1386 1782 annum,
1420 1719 1582 1770 vitam
1618 1718 1777 1770 ﬁniit.

1326 1832 1549 1888 CAPUT
1584 1831 1823 1884 XXXIX.

774 1921 850 1974 De
906 1921 1184 1990 tyrannide
1237 1920 1457 1990 Eugeuii
1499 1924 1553 1973 in
1616 1920 1935 1974 Occidente:
1986 1931 2030 1972 et
2096 1930 2149 1970 ut
2199 1926 2334 1972 hunc

839 2008 1041 2060 quoque
1099 1992 1202 2043 Deo
1249 1992 1466 2042 dilectus
1501 1994 1786 2058 imperator
1838 1992 2047 2056 vicerit,
2076 2007 2192 2043 cum
2220 2005 2334 2042 eam

842 2064 1115 2115 victoriam
1142 2061 1306 2113 divini
1332 2061 1430 2113 viri
1470 2062 1858 2128 pra'dixissent.

844 2177 1119 2245 Eugenius
1150 2185 1357 2236 autem,
1418 2173 1616 2226 Grreczc
1668 2173 2075 2242 superstitionis
2131 2171 2332 2236 cultor,

772 2283 1042 2321 summam
1075 2283 1255 2318 rerum
1311 2266 1535 2328 involat,
1581 2274 1628 2316 et
1688 2265 1988 2332 imperialia
2035 2264 2136 2316 sibi
2167 2264 2335 2316 sumit

765 2357 1020 2424 insignia,
1051 2356 1342 2425 adjuvante
1374 2354 1674 2422 Arbogaste
1712 2372 1723 2406 :
1761 2354 1853 2421 qui
1881 2353 2021 2422 quod
2071 2354 2333 2406 barbarus

763 2463 962 2516 genere
993 2456 1154 2509 esset,
1201 2447 1433 2515 imperio
1495 2462 1716 2498 manum
1774 2446 1998 2514 injicere
2049 2460 2332 2514 aggressus

765 2559 873 2595 nou
908 2551 1011 2595 est.
1062 2540 1337 2609 Eugenius
1369 2551 1550 2592 autem
1610 2539 1828 2592 Latinas
1858 2539 2088 2604 primum
2123 2537 2331 2588 litteras

761 2633 950 2687 docuit
986 2651 998 2686 :
1035 2632 1231 2687 deinde
1263 2633 1391 2685 ludo
1425 2633 1689 2685 litterario
1720 2631 1931 2689 relicto,
1984 2629 2034 2681 iu
2064 2627 2329 2696 imperiali

762 2728 886 2778 aula
916 2725 1187 2778 militavit.
1220 2726 1395 2792 Atque
1419 2723 1491 2776 ibi
1525 2723 1575 2775 in
1597 2721 1844 2774 ordinem
1872 2721 2329 2789 antigraphiario-

764 2836 884 2873 rum
915 2829 968 2872 et
995 2816 1297 2880 imperialis
1323 2815 1566 2884 pecuniae
1599 2814 1887 2868 custodum
1927 2823 2200 2879 receptus,
2235 2829 2323 2863 ee-

761 2911 930 2964 lebris
981 2909 1211 2961 maxime
1245 2917 1300 2960 et
1346 2906 1488 2974 apud
1543 2907 1931 2973 imperatorem
1985 2904 2037 2955 in
2071 2918 2325 2971 maguum

761 3002 1023 3055 honorem
1057 2998 1180 3062 fuit,
1220 2999 1600 3066 magistrorum
1627 2998 1788 3049 etiam
1823 2995 2142 3064 dignitatem
2199 3009 2328 3045 cou-

759 3104 1001 3148 secutus.
1050 3090 1183 3146 Cum
1227 3099 1408 3144 autem
1467 3100 1791 3158 praesentem
1855 3088 2131 3140 fortunam
2185 3087 2326 3138 l'erre

763 3203 872 3239 non
902 3194 1106 3254 poSSct,
1129 3182 1194 3236 ad
1224 3181 1567 3253 tyrannidem
1605 3181 1906 3249 spectavit:
1967 3179 2222 3231 inductus
2262 3178 2325 3230 ad

766 3279 816 3331 id
845 3296 871 3330 a
913 3277 1265 3344 quibusdam,
1322 3274 1415 3342 qui
1446 3288 1503 3326 se
1535 3287 1599 3325 ex
1654 3271 1910 3334 victimis,
1966 3277 2220 3322 extorum
2247 3267 2329 3318 iu-

762 3371 1043 3440 spcctione
1077 3378 1133 3422 et
1181 3379 1452 3420 astrorum
1503 3359 1960 3425 scientia,lutura
1993 3370 2150 3413 certo
2189 3359 2329 3412 scire

769 3460 1185 3515 conﬁrmabant.
1216 3457 1352 3511 Cum
1409 3455 1563 3509 multi
1621 3454 1767 3507 enim
1821 3452 1912 3505 alii
1971 3466 2037 3504 eo
2083 3460 2329 3518 tempore

767 3553 931 3605 rebus
963 3551 1109 3605 hisce
1141 3557 1427 3612 vacarunt,
1448 3557 1562 3599 tum
1595 3545 1823 3598 maxime
1859 3542 2150 3596 Flavianus
2175 3541 2329 3594 urbis

767 3647 951 3699 Roma:
987 3642 1290 3712 prmfectus,
1331 3640 1413 3692 vir
1465 3638 1519 3690 in
1556 3635 1862 3705 disciplinis
1899 3634 2211 3702 praeclarus,
2243 3641 2324 3683 at-

763 3752 870 3805 que
903 3737 946 3788 si
1009 3734 1149 3786 alius
1209 3731 1524 3800 quisquam,
1577 3737 1630 3780 et
1683 3727 1800 3794 ipse
1853 3724 2094 3778 civilium
2143 3737 2327 3776 rerum

764 3829 921 3881 valde
947 3825 1178 3896 peritus,
1236 3837 1528 3890 rerumque
1561 3819 1862 3873 futurarum
1916 3817 1932 3885 (
1962 3826 2020 3869 ut
2049 3817 2144 3884 ipsi
2181 3816 2330 3867 vide-

763 3917 941 3983 batur)
976 3926 1125 3969 vates
1157 3912 1484 3982 praecipuus,
1521 3909 1751 3961 multum
1782 3909 1836 3959 in
1878 3908 1957 3960 eis
1978 3921 2158 3973 operae
2189 3907 2331 3958 loca-

761 4015 877 4063 vit:
909 4009 1072 4078 310
1098 4023 1202 4074 qua
1239 4013 1355 4056 arte
1384 4002 1683 4070 Eugenium
1718 4014 1956 4067 quoque,
2021 4007 2078 4050 ut
2123 3997 2327 4050 bellum

763 4109 1084 4170 susciperet,
1123 4095 1415 4167 permovit,
1446 4101 1596 4146 certo
1628 4091 1776 4144 illum
1811 4089 2077 4159 quidquid
2110 4104 2332 4157 aggres-

763 4211 856 4248 sus
882 4201 1046 4255 esset,
1079 4187 1452 4259 perfecturum
1491 4182 1788 4252 pollicitus.
1817 4180 1948 4234 Nam
1999 4191 2145 4244 sorte
2180 4180 2327 4232 fatali

772 4287 1140 4337 Romanorum
1179 4276 1470 4346 imperium
1501 4275 1564 4326 ad
1605 4289 1731 4326 eum
1762 4273 2056 4341 pertinere,
2094 4287 2330 4340 emnque

771 4378 898 4429 belli
957 4375 1214 4428 victorem
1285 4371 1420 4432 fore,
1485 4374 1540 4420 et
1595 4365 1910 4434 religionem
1967 4364 2328 4418 Christianam

768 4479 1102 4521 inritaturum
1135 4480 1254 4522 esse
1281 4463 1437 4517 dixit.
1462 4460 1575 4524 Qua
1607 4474 1702 4527 spe
1743 4457 2007 4512 adductus
2035 4458 2328 4525 Eugenius,

2445 629 2727 698 ζητήσεως
2773 629 3073 697 γενομένης
3100 627 3415 696 κατάφωροι
3447 628 3736 695 γένωνται,
3761 629 3819 681 τὸ
3869 633 4013 683 ὲκεί-

2445 739 2533 774 νου
2566 720 3126 789 ὴμ.ιτύμ6ιο·λ.ῶσανεὶ
3152 720 3344 788 βρόχον
3371 721 3450 787 τῷ
3484 721 3741 790 τραχήλῳ
3785 724 4013 788 περιϐα-

2445 814 2648 875 λόντες.
2685 816 2761 873 εἰς
2791 813 2920 880 ὕψος
2947 813 3204 880 ἀρτῶσιν,
3233 814 3306 872 ὡς
3335 811 3396 863 ἄν
3431 828 3492 878 γε
3531 813 3654 884 δόξῃ
3687 816 3750 880 τῇ
3776 816 4016 884 σφετέρᾳ

2444 907 2633 975 γνώμῃ
2663 904 2855 956 ἑαυτὸν
2885 906 2950 972 τῇ
2985 905 3190 972 ἀγχόνῃ
3219 902 3522 954 ἐπιϐαλεῖν.
3551 904 3684 954 Φασί
3718 921 3779 970 γε
3815 906 3924 971 μὴν
3953 908 4016 954 τὸ

2447 998 2735 1066 μειράκιον
2807 994 2966 1045 τοῦτο
3025 993 3319 1061 ὑπερψυῶς
3383 992 3530 1057 δόξαι
3583 993 3678 1061 τῆς
3736 994 4014 1062 βασιλείας

2444 1088 2614 1152 ἄξιον,
2641 1088 2714 1153 τῷ
2745 1103 2800 1137 τε
2825 1089 2915 1137 τοῦ
2952 1088 3203 1151 σώματος
3237 1079 3295 1135 εὖ
3326 1085 3493 1151 ἔχειν,
3523 1086 3614 1135 καὶ
3647 1085 3860 1135 πολλῶ]
3887 1087 4015 1152 ἀρε-

2441 1181 2550 1232 τῶν
2584 1180 2874 1247 συνδρομῇ,
2901 1174 2979 1238 οἷς
3008 1178 3034 1229 ὁ
3061 1177 3337 1244 βασιλικὶς
3385 1178 3555 1238 τύπος
3606 1179 4016 1246 χαρακτηρίζε-

2441 1291 2552 1326 ται.
2593 1273 2682 1339 Τῷ
2717 1272 2772 1324 δὲ
2833 1271 3200 1339 μεγαλοψύχῳ
3255 1270 3347 1320 καὶ
3391 1269 3466 1338 τῷ
3520 1269 3617 1338 τῆς
3667 1270 4013 1337 δικαιοσύνης

2441 1367 2596 1434 ἄκρῳ
2626 1366 2721 1416 καὶ
2754 1365 2846 1416 τὸν
2873 1364 3083 1416 ἐκείνου
3139 1362 3541 1429 ὑπερόαλέσθαι
3595 1363 3827 1432 πατέρα,
3853 1363 3907 1414 εἴ
3949 1379 4013 1428 γε

2439 1457 2796 1525 συνεχωρεῖτο
2844 1457 2980 1524 πρὸς
3033 1454 3231 1523 ἄνδρας
3270 1454 3505 1509 τελέσαι.
3549 1454 3606 1508 ὐ
3647 1454 3746 1523 μὲν
3778 1453 3870 1508 οὖν
3908 1471 4014 1506 τοι-

2439 1547 2594 1610 οῦτος
2626 1548 2721 1608 ῶν,
2752 1545 2894 1598 οὕτω
2919 1545 3200 1611 τέθνηκεν,
3228 1543 3471 1595 εἰκοστὸν
3506 1543 3612 1596 ἀπὸ
3628 1543 3724 1612 τῆς
3741 1542 4012 1610 γενέσεως

2440 1639 2556 1702 ἔτος
2588 1641 2756 1708 ἄγων.

3003 1843 3256 1894 ΚΕΦΛΛ.
3321 1842 3444 1895 AO’.

2441 1938 2576 2003 Περί
2620 1935 2730 1999 τῆς
2781 1936 2848 1986 ἐν
2894 1934 3148 2000 Ἔσπέρςν
3193 1935 3484 2000 Εὐγενίου
3509 1933 3898 2000 τυραννίδος·
3927 1934 4012 1996 ὠς

2505 2008 2600 2058 καί
2634 2005 2845 2056 τοῦτον
2877 2008 2908 2056 ὀ
2939 2003 3222 2071 θεοφιλὴς
3255 2003 3633 2070 ἑτροπὼσιντο
3681 2005 4008 2067 βασιλεὺς,

2506 2077 2678 2129 θείων
2709 2074 2944 2139 ἀνδρῶν
2966 2073 3598 2140 προκαταγγειλάντων
3622 2073 3736 2139 τὴν
3766 2074 3970 2138 νίκην.

2516 2189 2679 2258 Ἀνὴρ
2703 2189 2756 2240 δέ
2783 2205 2865 2249 τις
2895 2187 3171 2252 Εὑγένιος,
3225 2185 3423 2254 Ἕλλην
3452 2187 3510 2238 τὸ
3534 2185 3717 2248 σέϐας,
3763 2186 4012 2255 ὲπιπηδᾷ

2433 2281 2497 2348 τῇ
2533 2280 2697 2346 ἀρχῇ,
2728 2279 2819 2328 καὶ
2850 2277 2916 2326 τὰ
2943 2277 3038 2342 τῆς
3079 2273 3358 2340 βασιλείας
3391 2275 3754 2340 ἀμφιέννυται
3800 2271 4014 2338 σύμεο-

2432 2372 2519 2433 λα,
2559 2367 2949 2437 συνεργοῦντος
2999 2367 3428 2436 Ἀρουαγάστου,
3450 2366 3508 2428 ὃς
3543 2365 3817 2433 βάρόαρος
3847 2363 3925 2415 ῶν
3945 2363 4012 2415 τὸ

2431 2465 2608 2530 γένος,
2643 2462 2751 2513 οὐδ’
2809 2459 3088 2512 ἐπιϐαλεῖν
3119 2461 3183 2527 τῇ
3229 2461 3367 2526 ἀρχῇ
3410 2457 3791 2526 ἐπεχείρησεν.
3835 2457 4009 2523 Εὐγέ-

2431 2573 2543 2616 νιος
2576 2555 2630 2606 δὲ
2677 2554 3014 2619 Ῥωμαῖκοὺς
3067 2551 3260 2616 λόγους
3321 2548 3627 2602 παιδεύσων
3660 2549 3728 2600 τὰ
3785 2548 4007 2616 πρῶτα,

2431 2651 2623 2700 ἔπειτα
2651 2646 2941 2713 διαρρίψας
2969 2644 3039 2696 τὰ
3067 2643 3450 2709 παιδευτήρια,
3480 2642 3621 2693 κατᾶ
3654 2642 3720 2692 τὰ
3753 2640 4012 2709 βασίλεια

2429 2739 2803 2806 ἐστρατεύετο,
2833 2739 2925 2788 καὶ
2959 2738 3015 2786 ἐν
3048 2738 3159 2795 τοῖς
3190 2735 3583 2800 ἁντιγραφεῦσι
3609 2733 3700 2786 τοῦ
3737 2733 4010 2802 βασιλέως

2429 2828 2684 2879 ἐτέτακτο
2707 2841 2722 2857 .
2761 2812 3043 2893 ἐλλόγιμος
3073 2825 3128 2876 δὲ
3157 2825 3224 2876 τὰ
3279 2824 3517 2892 μάλιστα
3549 2823 3645 2886 ὢν,
3699 2825 3785 2876 διὰ
3834 2824 4011 2892 τιμῆς

2431 2918 2690 2984 πλείστης
2714 2917 2792 2984 τῷ
2825 2914 3037 2983 βασιλεῖ
3058 2911 3143 2982 ἦν,
3185 2915 3278 2966 καὶ
3302 2916 3357 2975 ἐς
3388 2915 3487 2979 τὴν
3531 2916 3639 2966 τῶν
3683 2915 4011 2985 μαγίστρων

2429 3011 2587 3074 ἀξίαν
2612 3009 2862 3059 διέὃαινε.
2908 3006 3018 3076 Τὴν
3051 3006 3104 3056 δὲ
3139 3007 3423 3073 παροῦσαν
3453 3006 3624 3075 τύχην
3663 3007 3738 3077 μὴ
3771 3009 4012 3076 δυνάμε-

2429 3119 2515 3162 νος
2547 3103 2807 3166 ἐνεγκεῖν,
2832 3100 2923 3150 ἐπὶ
2953 3099 3012 3149 τὸ
3040 3097 3323 3166 τυραννεῖν
3359 3096 3586 3149 ἔϐλεπεν
3627 3116 3641 3129 ·
3677 3099 3842 3168 ἤγετο
3895 3100 4009 3170 γὰρ

2433 3191 2684 3256 σφαγίοις
2721 3189 2828 3238 τισὶ
2865 3191 2958 3238 καὶ
2981 3183 3412 3252 ήπατοσκοπίαις
3442 3185 3534 3236 καὶ
3565 3186 3808 3254 ἀστέρων
3838 3188 4010 3239 τινῶν

2433 3282 2770 3348 καταλήψεσι
2811 3279 2997 3343 σαφῶς
3030 3277 3232 3329 εἰδέναι
3265 3278 3326 3329 τὸ
3364 3276 3560 3344 μέλλον
3594 3278 4010 3347 διισχυριζομέ-

2431 3389 2544 3433 νοις
2573 3371 2704 3425 τισί.
2733 3370 2920 3422 Πολλοί
2953 3385 3009 3419 τε
3041 3369 3148 3436 γὰρ
3197 3368 3292 3419 καὶ
3350 3369 3499 3421 ἄλλοι
3530 3369 3830 3436 τηλικαῦτα
3880 3371 4011 3423 τού-

2431 3481 2544 3526 τοις
2570 3461 2709 3532 ἦσαν
2739 3463 3088 3530 σχολάζοντες
3123 3477 3135 3490 ·
3174 3463 3266 3512 καὶ
3293 3460 3354 3531 δὴ
3411 3463 3502 3512 καὶ
3531 3462 3827 3524 Φλαῦιανὸς
3859 3464 4006 3515 ἐκεῖ·

2431 3573 2518 3620 νος
2557 3557 2584 3606 ὁ
2610 3556 2706 3623 τῆς
2735 3554 2954 3622 Ῥώμης
2988 3553 3251 3621 ὕπαρχος,
3282 3554 3608 3621 περιϐόητος
3627 3554 3805 3619 λόγοις
3837 3555 4006 3623 ἀνὴρ,

2432 3649 2526 3700 καὶ
2555 3648 2714 3714 εἴπερ
2744 3661 2830 3706 τις
2851 3643 3068 3710 περὶτὰ
3100 3645 3355 3695 πολιτικὰ
3390 3648 3630 3706 συνετὸς,
3662 3647 3754 3696 καὶ
3786 3645 3844 3696 τὸ
3875 3647 4006 3713 μὲλο

2431 3739 2519 3790 λον
2551 3738 2622 3797 ῶς
2653 3737 2787 3806 ᾤετο
2815 3735 3091 3803 μαντείαις
3121 3734 3546 3801 ἐξεπιστάμενος
3585 3750 3599 3764 °
3628 3730 3744 3804 ᾖδὴ
3799 3736 4009 3803 μᾶλλον

2432 3826 2526 3878 καὶ
2551 3825 2637 3875 τὸν
2669 3824 2923 3886 Εὑγένιον
2968 3821 3304 3886 ὑπηγάγετο,
3343 3823 3436 3872 καὶ
3469 3823 3602 3889 πρδς
3657 3843 3694 3890 μ
3737 3841 3838 3890 χην
3889 3827 4010 3875 ixi-

2432 3933 2511 3969 νει
2544 3935 2558 3948 ’
2631 3914 2886 3978 ἀσφαλῶς
2949 3912 3055 3980 γὰρ
3109 3913 3407 3978 κρατήσειν
3459 3912 3552 3963 τοῦ
3601 3915 4007 3983 ἐγχειρήματος

2431 4009 2736 4067 διετείνετο,
2774 4006 2865 4057 καί
2909 4021 2971 4070 γε
3031 4003 3177 4070 αὐτῷ
3224 4003 3490 4071 μοιρίδιον
3521 3998 3658 4056 εἶναι
3691 4005 3788 4074 τὴν
3823 4009 4006 4077 ἀρχὴν

2442 4100 2728 4165 Ῥωμαίων
2765 4097 3038 4161 εἰσηγεῖτο
3077 4107 3090 4121 ³
3128 4097 3370 4159 νικήσειν
3424 4110 3482 4144 τε
3519 4093 3615 4160 τὴν
3649 4095 3848 4163 μάχην,
3905 4100 4006 4147 καὶ

2431 4193 2496 4259 τῇ
2523 4189 2860 4258 Χριστιανῶν
2892 4187 3161 4253 Θρησκείᾳ
3191 4184 3490 4253 μεταϐολήν
3527 4203 3646 4236 τινα
3681 4187 3901 4237 ἔσεσθαι
3934 4188 4008 4239 δι’

2432 4274 2601 4328 αὑτοῦ
2635 4274 2899 4326 ὑπετίθει.
2931 4265 3026 4332 Ai;
3050 4271 3397 4340 δῆτ’ἐλπίσιν
3428 4273 3679 4336 Εὑγένιος
3716 4273 4007 4340 βουκολού-

2434 4383 2616 4436 μενος,
2645 4363 2889 4433 μεγάλην
2939 4361 3201 4430 ἁοροίσας
3229 4362 3484 4429 δύναμιν,
3517 4363 3615 4423 τὰς
3679 4365 3734 4412 ὲν
3800 4365 4006 4436 Ἰταλίᾳ

2434 4459 2644 4519 πύλας,
2711 4456 2777 4516 ἃς
2835 4456 3097 4522 Ῥωμαῖοι
3161 4453 3386 4512 Ἰουλίας
3451 4455 3679 4516 ’Ἄλπεις
3736 4456 4002 4520 καλοῦσι,

769 4561 1117 4631 multitudine
1145 4556 1349 4624 ingenti
1383 4565 1590 4615 coacta,
1623 4551 1904 4619 angustias
1935 4551 1987 4602 in
2025 4551 2326 4617 Italiaquas
2363 4558 2402 4610 ο
2433 4567 2458 4600 τ

2315 4546 2864 4618 κοπροκαταλαϐὼν
2931 4546 3208 4614 ἐφρούρει.
3269 4547 3412 4596 Μίαν
3479 4548 3589 4616 γὰρ
3657 4552 4004 4618 στενωτὰτην

767 4653 996 4708 Romani
1037 4652 1197 4715 Alpes
1262 4647 1434 4700 Julias
1487 4654 1705 4709 vocant,
1771 4644 2082 4712 occupavit,
2136 4643 2324 4708 eisilue

768 4745 1076 4813 praesidium
1107 4739 1383 4809 imposuit.
1416 4737 1645 4792 Unicum
1679 4737 1844 4795 enim,
1869 4749 2105 4802 cumque
2137 4736 2328 4787 arctis-

762 4842 959 4889 sinmm
993 4834 1306 4893 transitum,
1364 4828 1659 4896 prchractis
1699 4827 2000 4897 ingentium
2062 4827 2325 4878 montium

765 4926 1010 4993 rupibus,
1049 4931 1278 4987 utraque
1309 4934 1371 4970 ex
1397 4925 1547 4985 parte
1582 4915 1812 4967 ﬁrmiter
1845 4914 2068 4967 munita:
2098 4914 2322 4968 habent.

765 5020 828 5070 lit
864 5015 1136 5081 liugeuius
1187 5011 1252 5062 ad
1283 5009 1624 5080 tyrannidem
1684 5017 1925 5068 evectus,
1972 5022 2035 5059 ea
2079 5006 2129 5058 in
2175 5007 2329 5059 Occi-

761 5108 1067 5162 dentalibus
1105 5104 1346 5173 partibus
1373 5108 1584 5169 agebat,
1617 5116 1736 5168 quze
1758 5114 1882 5152 eum
1911 5099 2090 5151 facere
2111 5114 2325 5166 a:quum

769 5210 907 5255 erat,
974 5197 1065 5264 qui
1118 5195 1195 5247 sic
1242 5193 1530 5259 imperiqu
1588 5191 1928 5258 arripuisset.
1986 5189 2327 5241 Theodosius

768 5305 933 5361 porro
978 5289 1292 5351 imperator.
1348 5298 1409 5335 ea
1470 5297 1526 5334 re
1588 5281 1795 5343 audita,
1851 5296 1959 5332 nou
2024 5279 2328 5332 minoribus

763 5397 979 5434 rursum
1012 5393 1169 5446 quam
1204 5385 1382 5434 antea,
1420 5388 1541 5425 cum
1571 5382 1763 5425 contra
1793 5370 2083 5424 Maximum
2113 5370 2316 5422 bellum

762 5479 1026 5531 moveret,
1061 5469 1210 5522 curis
1246 5477 1329 5518 est
1361 5467 1612 5517 obrutus.
1649 5463 1746 5516 Ubi
1788 5478 1914 5514 vero
1952 5473 2007 5514 et
2043 5463 2158 5528 ipse
2210 5478 2293 5512 ma

761 5581 922 5632 gnum
951 5559 1277 5626 conscripsit
1315 5557 1634 5618 exercitum,
1669 5569 1852 5605 secum
1889 5554 2001 5621 ipse
2069 5569 2181 5605 rem
2242 5554 2328 5605 di-

765 5658 1027 5722 spiciens,
1069 5665 1252 5704 utrum
1315 5650 1575 5702 adversus
1623 5659 1905 5716 tyrannum
1934 5646 2034 5705 ire.
2068 5663 2133 5698 an
2183 5647 2327 5700 illius

766 5751 1057 5801 adventum
1088 5753 1404 5812 exspectare
1445 5740 1688 5800 deberet,
1742 5739 2118 5791 addubitabat.
2168 5739 2218 5790 lu
2265 5755 2326 5790 ea

767 5839 1151 5892 sollicitudine.
1181 5834 1409 5887 consilio
1428 5831 1647 5885 Joannis
1679 5830 1942 5885 enitentis
1968 5832 2020 5881 in
2043 5830 2323 5881 'l‘hebaide

2432 4641 2549 4692 λίαν
2571 4640 2755 4708 ἔχουσι
2788 4639 2979 4703 δίοδον,
3005 4637 3286 4706 ἀπορρῶξι
3323 4639 3578 4705 μεγαλοις
3603 4640 3773 4707 ὀρέων
3807 4643 4005 4692 ἐκατέ·

2433 4732 2604 4801 ρωθεν
2627 4729 2880 4797 ἀσφαλῶς
2913 4729 3321 4796 πεφραγμέναι.
3373 4730 3479 4780 Καὶ
3528 4731 3553 4779 ὁ
3593 4730 3692 4797 μὲν
3741 4732 4004 4796 Εὺγένιος

2432 4817 2616 4886 ἀρθεὶς
2654 4819 2913 4884 τύραννος
2942 4820 3078 4867 κατα
3107 4816 3171 4866 τα
3195 4815 3444 4883 ἑσπέρια,
3478 4818 3704 4870 το·αῡτα
3728 4819 4001 4886 ἔπραττεν

2429 4911 2526 4961 ὅσα
2557 4905 2622 4976 ἦν
2656 4909 2800 4970 εἰκὸς
2828 4908 2917 4958 τὸν
2947 4907 3121 4967 οὕτως
3142 4906 3240 4972 τὴν
3274 4908 3445 4974 ἀρχὴν
3494 4908 3829 4976 δραξάμενον
3882 4913 4002 4963 δια-

2851 4999 3126 5061 Θεοδόσιος
3173 5000 3228 5051 δὲ
3268 5000 3506 5061 ἀκούσας
3552 5004 3578 5052 ό
3636 5001 3914 5064 βασιλεὺς,
3945 5009 4005 5055 ἐν

2432 5094 2714 5161 φροντίσιν
2738 5091 2891 5154 αὖθις
2914 5093 3266 5160 καθειστήκει
3286 5093 3508 5155 πολλαῖς
3537 5110 3550 5125 ο
3589 5096 3646 5145 οὐ
3681 5098 3867 5160 μείους
3895 5099 4005 5166 γαρ

2429 5182 2589 5255 ἦσαν,
2623 5185 2652 5251 ἢ
2688 5187 2776 5236 ὅτε
2811 5184 2950 5236 κατὰ
2981 5186 3236 5252 Μαξίμου
3263 5187 3542 5252 κεκίνητο.
3578 5188 3790 5256 Πολλὴν
3818 5191 3876 5240 δὲ
3911 5193 4006 5243 καὶ

2429 5272 2582 5338 οὗτος
2619 5277 2916 5343 ἀξιόμαχον
2954 5278 3210 5344 στρατιὰν
3237 5279 3483 5346 ἀγείρας,
3516 5280 3707 5339 διττῶς
3742 5283 4004 5348 ἐμερίζε-

2430 5387 2490 5422 το
2527 5387 2539 5399 ·
2583 5369 2810 5436 πότερον
2846 5370 2934 5418 ἐπὶ
2967 5369 3058 5419 τὸν
3088 5369 3351 5430 τύραννον
3388 5371 3553 5437 ὁμόσε
3585 5373 3802 5437 χωρεῖν,
3835 5371 3870 5438 ἢ
3908 5388 4007 5422 πε-

2431 5001 2763 5069 πράττεσθαι
2801 5018 2813 5030 ·

2434 5461 2670 5528 ριμὲνειν
2707 5461 2926 5509 ἐπιόντα
2953 5461 3176 5511 ἐκεῖνον.
3217 5459 3370 5510 Οὕτω
3399 5461 3442 5510 δ’
3497 5462 3635 5527 ἔχων
3693 5462 4006 5529 φροντίδος,

2431 5552 2569 5616 ἔγνω
2590 5551 2694 5600 δεῖν
2718 5549 3007 5615 συμϐούλῳ
3037 5553 3164 5616 περὶ
3213 5551 3402 5602 τούτου
3429 5553 3734 5620 χρήσασθαι
3779 5553 4010 5622 Ἰωάννῃ

2431 5643 2506 5708 τῷ
2530 5642 2832 5709 ὲνωηὸαἲδι
2877 5641 3236 5704 διαλάμποντι
3281 5645 3499 5711 μοναχῴ
3527 5662 3540 5674 ο
3565 5645 3621 5694 ὃν
3655 5648 3711 5694 ἐν
3766 5644 3844 5710 τῷ
3901 5653 4010 5711 προ

2434 5734 2661 5802 βραχέος
2699 5733 2986 5797 καταλόγῳ
3010 5736 3116 5782 τῶν
3143 5735 3301 5795 ὁσίως
3340 5735 3599 5800 βιούντων
3632 5740 4008 5802 ἐπιεξανέσταο

2432 5845 2522 5878 τον
2548 5827 2827 5892 γεγοιιέναι
2857 5830 2948 5876 καὶ
2989 5828 3044 5877 ἐν
3078 5827 3258 5888 ἄλλοις
3286 5829 3381 5895 μὲν
3415 5828 3756 5896 περιϐοήτοις
3797 5829 4007 5892 ἔργοις,
