4278 6438
256 395 356 459 881

1216 386 1823 450 ECCLESIASTICAl
1863 385 2266 447 HISTORle
2293 386 2441 446 LIB-
2486 383 2620 445 ΧΠ.

3423 377 3527 441 882

260 508 506 575 μάλιστα
563 506 621 558 δὲ
661 507 726 575 τῇ
776 505 978 572 γνώσει
1026 502 1134 556 τῶν
1187 502 1466 573 ἐσομένων
1521 506 1843 572 εἰρήκαμεν.
1879 505 1922 557 Α

1840 545 1843 551 .
1879 505 1922 557 Α
1957 501 2234 564 monachi,
2274 499 2539 555 utendum
2601 496 2707 553 sibi
2743 511 2862 552 esse
2895 495 3110 559 statuit,
3145 507 3307 563 quem
3369 507 3529 560 supra

257 601 366 661 Τῆς
400 600 512 666 γὰρ
551 598 704 660 Θείας
742 597 1065 668 μεταλαχὼν
1111 597 1335 667 χάριτος
1387 596 1416 649 ὂ
1464 597 1624 663 ἀνὴρ,
1677 592 1847 646 πολλᾶ

265 695 380 753 ταῖς
434 691 868 759 πυνθανομένοις
904 688 1208 760 προῦλεγεν
1238 681 1338 741 ὀῦ
1387 689 1454 758 δὴ
1500 692 1696 754 πεῖραν
1755 688 1850 737 καὶ

258 786 356 837 ἐπὶ
391 785 472 854 τῷ
523 785 716 855 πρώην
763 786 886 854 ἔσχε
909 785 1182 855 τυράννῳ,
1235 784 1508 852 ἀναιμωτὶ
1549 784 1650 850 τὴν
1695 783 1851 849 νίκην

259 877 926 945 ἐι.είνηνπροαγορεύσας
978 877 1222 930 ἔσεσθαι.
1268 876 1382 930 Καὶ
1434 876 1498 945 δὴ
1550 875 1852 945 Εύτρὸπιον

264 971 360 1021 τὸν
388 969 666 1039 εὐνοῦχον,
691 969 748 1031 ὃς
775 965 842 1040 ἦν
865 971 1057 1040 ἐκείνῳ
1093 970 1437 1031 πιστότατος,
1488 970 1589 1021 άνά
1628 969 1727 1038 τὴν
1761 969 1853 1021 Δῖ-

262 1079 475 1128 γυπτον
513 1063 888 1128 ἔπεμπενοεί
955 1063 1056 1131 μέν
1117 1063 1340 1132 εὐχερὲς
1398 1063 1628 1130 γένοιτο,
1692 1061 1854 1114 αὐτὸν

266 1151 476 1202 ἐκεῖνον
504 1151 593 1201 τὸν
627 1151 776 1202 ὅσιον
811 1149 931 1219 μεθ’
963 1149 1160 1203 ἐαυτοῦ
1194 1150 1394 1214 ἄξοντα
1429 1165 1443 1180 ⁸
1492 1151 1540 1200 εί
1600 1149 1649 1201 δ’
1705 1149 1854 1216 ίοχυ-

270 1243 381 1311 ρῶς
411 1243 756 1310 ἀπαγορεύοι
783 1243 882 1312 τὴν
914 1244 1120 1310 ἄφιξιν,
1149 1243 1210 1297 τὸ
1245 1242 1497 1311 ποιητέον
1532 1243 1624 1296 ἐπὶ
1652 1245 1721 1311 τῇ
1753 1243 1856 1309 μά-

265 1353 338 1405 χῃ
364 1337 560 1403 μαθεῖν
595 1337 914 1405 βιάσασθαι.
947 1339 1058 1390 Καὶ
1101 1339 1129 1390 ὁ
1157 1337 1257 1403 μὲν
1305 1336 1611 1406 Εὑτρέπιος
1655 1337 1734 1398 εἰς
1766 1335 1856 1387 Αἵ·

263 1442 476 1492 γυπτον
515 1428 693 1496 ἥκων,
723 1428 977 1496 οὐδαμῶς
1005 1426 1224 1480 ἔπειθεν
1263 1428 1520 1496 Ἰωάννην
1545 1428 1602 1489 ἐς
1631 1427 1858 1496 βασιλέα

266 1517 446 1570 ἐλθεῖν
480 1536 492 1549 ·
528 1520 828 1588 παρηγγύα
852 1520 911 1573 δὲ
936 1519 1116 1586 λέγειν
1157 1522 1386 1576 ἐκεῖνος.
1423 1518 1499 1581 ὡς
1525 1520 1665 1586 μετὰ
1691 1520 1858 1572 πολὺν

265 1612 430 1678 φόνον
478 1616 695 1680 νικήσει
729 1613 830 1682 μὲν
869 1613 960 1666 τὸν
995 1613 1267 1680 τύραννον
1291 1628 1304 1642 ⁸
1346 1611 1482 1680 μετά
1513 1611 1565 1663 δὲ
1619 1612 1716 1681 τὴν
1780 1611 1859 1663 νί-

267 1721 396 1772 κην,
418 1705 480 1756 οὐ
515 1704 698 1771 πολλῷ
733 1703 961 1771 ὕστερον
993 1705 1136 1757 κατὰ
1166 1706 1266 1771 την
1306 1701 1539 1753 Ἰταλίαν
1565 1703 1659 1754 καὶ
1696 1700 1859 1763 αὐτὸς

271 1794 692 1862 μετολλάξειτὺ
725 1795 846 1865 ζῇν.
894 1796 1208 1863 ’Λμφότερα
1265 1793 1320 1845 δὲ
1365 1795 1413 1846 εί
1464 1794 1614 1857 τέλος
1678 1794 1856 1863 ἔσχον,

267 1887 301 1952 ἠ
338 1886 552 1954 ίστορία
577 1885 834 1956 δηλώσει.
886 1886 1042 1938 Ἐπεὶ
1071 1889 1178 1955 γὰρ
1239 1886 1554 1954 ἀρκούντως
1591 1885 1740 1952 αὐτῷ
1790 1885 1857 1937 τά

267 1975 411 2041 πρὸς
443 1976 534 2027 τὸν
564 1976 802 2046 πόλεμον
829 1978 1262 2045 παρεσκεύαστο,
1291 1975 1854 2046 ἀναγορεύειβασιλὲα

267 2063 369 2115 καὶ
407 2063 499 2115 τὸν
540 2063 655 2116 υἱὸν
680 2065 892 2117 ἐκείνου
924 2064 1184 2133 Ὁνώριον
1213 2077 1230 2094 °
1275 2063 1561 2133 ’Λρκάδιον
1587 2065 1696 2134 γάρ
1719 2062 1857 2134 ἔφθη

270 2153 544 2224 πρότερον
598 2158 678 2218 είς
707 2155 808 2225 τὴν
863 2155 1142 2224 βασιλείαν
1195 2154 1509 2224 ἀναγαγών.
1551 2156 1786 2218 Τούτους
1814 2154 1860 2207 δ’

267 2247 444 2314 ἄμφω
473 2250 539 2316 τῇ
577 2249 993 2301 Κωνσταντίνου
1039 2247 1236 2310 λιπὼν,
1301 2250 1462 2310 αὐτὸς
1523 2250 1705 2301 πᾶσαν
1761 2246 1860 2318 τὴν

269 2339 546 2406 πρὸςἘω
571 2340 1034 2410 περιϐαλλόμενος
1053 2341 1302 2410 δύναμιν,
1323 2341 1458 2410 πρὸς
1478 2341 1575 2411 τὴν
1589 2341 1861 2411 Ἑσπέραν

270 2431 564 2498 ἠπείγετο.
601 2433 742 2488 Πολὺ
775 2433 830 2486 δέ
858 2452 911 2485 τι
949 2432 1156 2499 πλῆθος
1210 2435 1306 2486 καὶ
1354 2433 1466 2486 τῶν
1525 2435 1862 2502 παριστρίων

274 2522 579 2592 βαρϐάρων
616 2524 900 2592 ἐφείπετο,
941 2525 1161 2587 ἐκύντες
1187 2528 1499 2595 συμμαχεῖν
1535 2525 1684 2596 αὐτῷ
1729 2527 1865 2597 ᾑρη-

279 2615 464 2685 μένοι.
492 2616 613 2668 Τῶν
638 2617 696 2669 δὲ
722 2619 1049 2685 στρατηγών
1080 2618 1298 2685 ὀλίγους
1338 2614 1617 2680 εἶναιτοὺς
1645 2620 1862 2688 συμμάο

271 2725 406 2777 χους
433 2710 749 2778 φησάντων,
779 2713 873 2763 καὶ
903 2712 1099 2778 ἀργεῖν
1137 2712 1238 2779 τὴν
1271 2711 1488 2778 κίνησιν
1543 2710 1866 2780 βουλευομέ-

272 2815 407 2860 νων,
431 2796 508 2861 ὡς
544 2798 610 2851 ἂν
633 2796 769 2868 ἦρος
793 2799 1099 2869 ἀρχομένου
1146 2800 1243 2851 καὶ
1282 2797 1454 2867 ἄλλην
1505 2797 1863 2864 ἐπιλέξωνται

275 2889 570 2957 στρατιάν,
610 2891 677 2943 Iv‘
705 2891 794 2961 εῖη
821 2892 900 2961 τῷ
953 2892 1154 2961 πλήθει
1216 2891 1526 2961 ἀνακράτος
1581 2891 1865 2958 περιγενέ-

275 2982 408 3035 σθαι
433 2983 545 3035 τῶν
577 2985 885 3050 δυσμενῶν,
952 2985 1157 3053 ἥκιστα
1211 2987 1331 3046 ταῖς
1370 2983 1481 3036 τῶν
1540 2982 1862 3054 στρατηγῶν

275 3076 603 3146 είσηγήσεσι
637 3077 995 3147 προσέσχενδ
1052 3077 1329 3139 θειότατος
1377 3075 1629 3147 βασιλεύς
1657 3093 1673 3107 ο
1728 3076 1862 3146 μηδὲ

1957 595 2012 648 in
2065 609 2261 648 eorum
2317 594 2411 663 qui
2476 603 2719 646 sanetam
2764 588 2932 642 vitam
2975 595 3226 657 egerunt,
3289 584 3534 651 catalogo

1955 685 2348 748 clarissimum,
2406 695 2460 738 et
2501 699 2626 739 cum
2687 681 2811 737 aliis
2857 679 3200 735 admirandis
3251 676 3532 747 operibus,

1955 789 2069 833 tum
2109 779 2346 833 maxime
2387 777 2700 833 futurorum
2754 774 2984 830 scientia
3036 772 3311 829 celebrem
3366 770 3535 827 fuisse

1954 872 2214 926 diximus.
2252 871 2388 926 Cum
2425 873 2570 924 enim
2631 870 2677 924 is
2729 868 2957 940 gratiam
3011 867 3252 920 divinam
3307 864 3536 917 sortitus

1955 975 2124 1025 esset,
2153 963 2322 1016 multa
2353 979 2476 1017 eum
2511 961 2926 1016 consulentibus
2964 958 3237 1028 pradixit.
3267 956 3437 1023 Cujus
3460 958 3535 1014 rei

1956 1055 2261 1126 perieulum
2292 1063 2347 1106 et
2370 1055 2649 1122 specimen
2679 1054 2732 1107 in
2753 1053 3004 1120 proximo
3029 1060 3259 1121 tyranno
3286 1048 3535 1117 prtehue-

1958 1165 2062 1208 rat.
2112 1147 2456 1202 incruentam
2512 1146 2657 1200 illam
2701 1146 2988 1200 victoriam
3045 1141 3415 1198 Theodosium
3455 1157 3537 1194 rc-

1958 1248 2306 1308 portaturum
2371 1252 2496 1292 esse
2557 1236 2911 1290 vaticinatus.
2971 1235 3157 1304 Itaque
3214 1233 3534 1287 ﬁdissimum

1958 1332 2063 1386 sibi
2104 1331 2421 1384 eunuchum
2455 1327 2783 1399 Eutropium
2829 1328 2884 1382 in
2915 1326 3208 1398 Egyptum
3271 1327 3440 1388 misit,
3481 1335 3538 1376 ut

1956 1435 2051 1478 aut
2105 1424 2283 1476 virum
2343 1433 2620 1487 sanctum,
2671 1423 2718 1477 si
2774 1421 2932 1476 facile
2983 1423 3036 1475 id
3083 1420 3197 1474 lieri
3236 1428 3437 1488 posset.
3471 1417 3535 1472 ad

1958 1531 2016 1569 se
2041 1515 2344 1569 adduceret
2386 1535 2398 1569 :
2429 1525 2523 1569 aut
2553 1515 2620 1568 ab
2659 1514 2771 1580 illo,
2815 1514 2864 1568 si
2891 1521 3213 1568 constanter
3242 1511 3536 1565 adventum

1960 1605 2314 1667 detrectaret,
2345 1606 2475 1675 quid
2505 1607 2571 1659 de
2605 1607 2747 1660 bello
2798 1604 3108 1660 faciendum
3141 1614 3307 1665 esset,
3342 1616 3537 1672 cogno-

1961 1713 2116 1753 scere
2165 1709 2484 1753 conaretur.
2529 1699 2825 1767 Eutropius
2877 1714 2944 1752 eo
2997 1699 3294 1767 profectus,
3336 1711 3541 1765 nrqna-

1961 1807 2123 1862 quam
2159 1791 2355 1847 Joanni
2395 1803 2453 1845 ut
2484 1790 2550 1844 ad
2593 1793 2984 1860 imperatorem
3029 1792 3263 1852 veniret,
3311 1803 3539 1853 persua-

1962 1882 2054 1936 sit.
2089 1881 2435 1950 Quapropter
2463 1881 2634 1944 illum,
2670 1892 2727 1936 ut
2750 1891 3008 1936 eventum
3042 1881 3164 1935 belli
3195 1879 3536 1948 praediceret.

1962 1976 2195 2045 rogavit.
2229 1976 2402 2043 Atque
2433 1974 2545 2039 ille,
2576 1973 2950 2029 Theodosium
3001 1973 3220 2042 quidem
3281 1982 3404 2041 post
3435 1989 3539 2025 ca:-

1961 2067 2084 2119 dem
2127 2066 2378 2130 multam,
2413 2067 2700 2120 victoriam
2728 2067 2797 2120 de
2832 2075 3064 2137 tyranno
3080 2072 3536 2120 consecuturum:

1963 2172 2072 2210 non
2135 2158 2307 2212 multo
2357 2166 2540 2211 autem
2597 2167 2720 2227 post
2773 2157 2950 2227 ipsum
3012 2171 3232 2225 quoque
3288 2155 3342 2208 in
3391 2153 3539 2209 Italia

1965 2249 2295 2304 moriturum
2333 2265 2454 2304 esse
2486 2250 2788 2319 respondit.
2826 2248 3127 2318 Utrumque
3153 2249 3255 2304 hoc
3283 2265 3347 2302 an
3378 2264 3543 2303 even-

1965 2353 2081 2399 tum
2109 2342 2271 2397 talem
2316 2342 2593 2402 habuerit.
2621 2342 2850 2395 historia
2880 2341 3205 2396 declarabit.
3246 2341 3539 2410 Postquam

1963 2435 2109 2490 enim
2147 2449 2212 2488 ea
2239 2433 2437 2502 quibus
2464 2433 2517 2487 in
2564 2433 2708 2486 bello
2735 2448 2874 2502 opus
2929 2445 3034 2496 est,
3072 2432 3290 2487 abunde
3323 2447 3542 2503 compa-

1967 2524 2147 2582 ravit.
2191 2521 2495 2576 llonorium
2550 2523 2714 2575 etiam
2773 2519 2943 2574 lilium
3015 2523 3400 2590 imperatorem
3460 2534 3549 2575 re.-

1966 2615 2598 2672 nuntiavit:Areadium
2659 2631 2896 2684 namque
2956 2625 3116 2669 antea
3149 2617 3214 2670 ad
3255 2616 3544 2685 imperium

1962 2717 2240 2766 evexerat.
2304 2707 2464 2778 311
2522 2706 2808 2761 Ambohus
2891 2707 3015 2763 ﬁliis
3068 2707 3545 2778 Constantinopoli

1964 2801 2192 2864 relictis,
2256 2800 2372 2870 ipse
2429 2814 2551 2854 cum
2595 2798 2770 2867 copiis
2849 2799 3224 2854 Orientalibus
3290 2803 3547 2857 omnibus

1964 2894 2019 2949 in
2043 2892 2393 2948 Occidentem
2424 2900 2508 2946 est
2535 2890 2834 2960 prolectus.
2873 2890 3065 2961 Ingens
3101 2901 3284 2946 autem
3345 2893 3521 2949 Barba

1963 3001 2173 3048 rorum,
2196 2984 2288 3054 qui
2319 2983 2385 3037 ad
2425 2982 2622 3040 Istrum
2667 2985 2875 3048 colunt,
2911 2979 3546 3049 tnultitudo,.voluntate

1964 3093 2061 3132 sua
2103 3079 2369 3132 atnilium
2404 3079 2612 3141 lerens,
2667 3093 2792 3132 eum
2857 3086 3180 3131 secutaest.
3215 3077 3386 3130 Porro
3415 3093 3541 3132 eum

273 3166 390 3234 γὰρ
417 3168 620 3233 χρῆναι
666 3166 939 3233 τοσαύτην
976 3172 1078 3234 μεν
1150 3164 1436 3218 ἀσθένειαν
1469 3164 1548 3233 τῷ
1606 3166 1866 3217 παντοδψ
1893 3179 1934 3236 c

1855 3193 1866 3204 ’
1893 3179 1934 3236 c
1968 3171 2225 3223 ordinum
2256 3171 2424 3224 duces
2455 3170 2788 3239 paucitatem
2851 3169 3127 3223 sociorum
3158 3179 3544 3233 causarentur,

278 3253 445 3320 νάμῳ
484 3252 638 3321 ὅπλῳ
698 3251 796 3305 τοῦ
849 3251 1087 3322 σταυροῦ
1134 3254 1440 3321 μαρτυρεῖν
1470 3269 1485 3283 ο
1539 3253 1865 3322 ἀντίρροπον

274 3342 324 3396 δ’
355 3346 421 3395 ἐκ
457 3343 551 3394 τοῦ
581 3343 829 3395 ἐναντίου
856 3343 1091 3411 δύναμιν
1114 3345 1179 3411 τῇ
1203 3340 1297 3394 τοῦ
1345 3341 1642 3411 Ἡρακλέος
1671 3343 1861 3393 εἰκόνι.

284 3455 307 3488 ε
333 3435 442 3488 Τοῦ
474 3435 583 3505 γὰρ
609 3433 745 3502 ἐμοῦ
771 3437 800 3487 ὁ
830 3434 1085 3505 σταυρὸς.
1122 3435 1337 3487 ἐκείνου
1368 3434 1422 3486 δὲ
1453 3435 1668 3502 ἡγεῖται
1699 3434 1727 3484 ὁ
1775 3432 1866 3484 Ἦ-

282 3528 516 3598 ρακλῆς.
552 3547 570 3578 ι
602 3526 792 3590 Οὕτως
834 3527 1027 3590 είπὼν,
1076 3527 1380 3598 ἀπεχώρει.
1424 3527 1576 3579 Ἐπεὶ
1612 3525 1659 3580 δ’
1709 3524 1869 3590 ἐξιὼν

278 3623 382 3689 τῆς
419 3621 837 3674 Κωνσταντίνου
891 3622 1030 3690 πρὸς
1082 3620 1163 3690 τῷ
1228 3619 1478 3689 Ἑϐδόμῳ
1521 3620 1762 3686 ἐγένετο,
1801 3620 1869 3688 τῇ

281 3713 476 3766 ἐνθάδε
511 3712 803 3783 ἐκκλησέᾳ,
835 3713 900 3783 ἣν
955 3713 1144 3775 αὐτὸς,
1181 3712 1548 3781 διαφερόντως
1621 3711 1870 3780 Ἰωάννην

280 3807 376 3859 τὸν
400 3805 713 3874 Βαπτιστὴν
755 3805 956 3873 τιμῶν,
985 3804 1332 3874 ἀνεδείματο,
1393 3805 1571 3874 εἰσῄει
1635 3805 1872 3874 προσεύ-

281 3897 483 3963 ξασθαι
519 3898 618 3964 μὲν
670 3897 789 3966 Θεῷ
820 3915 834 3929 ο
868 3898 950 3959 εἰς
1006 3897 1232 3968 ἀρωγὴν
1283 3897 1341 3949 δὲ
1398 3897 1870 3965 μετακαλέσασθαι

281 3991 508 4044 καὶτὸν
548 3989 886 4058 Βαπτιστὴν,
921 3988 1054 4042 ὥστ’
1109 3992 1296 4042 αίσίαν
1332 3989 1480 4058 αὑτῷ
1531 4006 1592 4041 τε
1661 3993 1756 4042 καὶ
1802 3992 1871 4059 τῇ

283 4085 523 4153 στρατιᾷ
561 4083 849 4146 Ῥωμαίων
865 4083 964 4152 τὴν
996 4081 1224 4135 ἔκϐασιν
1253 4082 1351 4150 τῆς
1380 4083 1564 4153 μάχης
1589 4082 1870 4150 γενέσθαιο

285 4179 382 4230 καὶ
396 4176 462 4243 δὴ
497 4175 559 4225 τὸ
588 4175 734 4234 elato;
782 4173 1259 4242 ἀφοσιωσάμενος,
1294 4175 1375 4238 είς
1429 4175 1658 4228 Ἰταλίαν
1693 4177 1877 4242 ἐγένε-

284 4286 371 4324 το.
427 4266 723 4336 Ἑξαπίνης
781 4266 840 4318 δὲ
900 4268 1020 4329 ταῖς
1072 4267 1306 4320 Ἄλπεσι
1372 4269 1724 4338 προσϐαλὼν,
1774 4269 1874 4332 τὰς

289 4364 520 4432 πρώτας
552 4361 719 4414 ἐσύλα
736 4361 984 4430 φυλακάς
1016 4359 1112 4413 τοῦ
1155 4362 1448 4430 τυράννου.
1477 4361 1550 4414 Τὸ
1602 4362 1658 4415 δὲ
1705 4361 1875 4433 ἄκρον
1913 4433 1920 4437 ῧ

285 4456 392 4523 τῆς
428 4454 667 4522 παρόδου
695 4451 1072 4521 παραμείψας,
1111 4453 1236 4505 ἐπεὶ
1262 4455 1320 4516 ἐς
1359 4453 1420 4506 τὸ
1453 4455 1715 4517 κάταντες
1746 4456 1875 4524 ἥγε-

1969 3271 2026 3315 ct
2058 3261 2465 3330 expeditionem
2499 3259 2860 3313 dillerendam
2892 3261 3210 3327 suaderent,
3239 3271 3297 3315 ut
3332 3261 3546 3315 scilicet

1971 3353 2149 3422 primo
2179 3365 2310 3405 vere
2351 3351 2631 3406 exercitus
2665 3351 2808 3404 alius
2862 3353 3311 3414 contraheretur,
3351 3363 3407 3406 et
3445 3353 3518 3405 mi

1971 3444 2126 3497 litum
2176 3457 2410 3496 numero
2455 3442 2644 3497 hostes
2670 3427 3050 3508 vincerentur,
3113 3460 3458 3513 nequaquam
3492 3445 3544 3498 in

1970 3537 2264 3590 ductorum
2302 3535 2534 3588 consilio
2589 3534 3037 3604 religiosissimus
3071 3537 3343 3605 acquievit
3377 3537 3522 3605 impe

1970 3638 2139 3681 rator.
2171 3625 2393 3680 Minime
2439 3641 2676 3696 namque
2739 3634 2950 3680 tantam
3015 3627 3367 3681 tribuendam
3425 3641 3548 3682 esse

1973 3711 2408 3772 imbecillitatem
2440 3717 2582 3772 dixit
2628 3718 2992 3786 omnipotenti
3024 3721 3202 3772 crucis
3229 3727 3544 3782 armaturae,

1971 3824 2091 3878 qua:
2135 3824 2202 3862 ex
2224 3807 2456 3861 adverso
2522 3807 2770 3862 Herculis
2818 3809 3040 3877 imagini
3096 3805 3344 3878 opposita
3379 3819 3546 3864 esset.

1980 3919 1998 3949 ε
2048 3899 2320 3953 Exercitui
2369 3900 2514 3952 enim
2555 3913 2700 3961 meo,
2764 3899 2962 3967 inquit,
3001 3915 3136 3953 crux
3173 3901 3361 3968 praeit;
3401 3901 3549 3954 illius

1974 4001 2159 4046 autem
2192 3993 2380 4060 ecpias
2417 3989 2685 4045 Hercules
2718 3991 2891 4045 ducit.
2927 4011 2944 4042 ι
2987 3991 3111 4047 lltce
3152 3993 3316 4046 verba
3368 3993 3550 4061 prolo-

1975 4095 2158 4148 cutus,
2191 4084 2297 4137 iter
2330 4084 2612 4152 ingressus
2670 4093 2774 4138 est.
2830 4083 3314 4154 Constantinopoli
3365 4096 3548 4140 autem

1976 4177 2277 4245 prolectus,
2310 4177 2400 4229 ubi
2435 4165 2487 4229 in
2556 4175 2803 4244 Septimo
2845 4179 2921 4243 (t)
2950 4176 3015 4229 ad
3047 4176 3338 4230 ecclesiam
3377 4179 3548 4243 venit,

1975 4284 2138 4339 quam
2175 4270 2290 4338 ipse
2333 4267 2529 4322 Joanui
2596 4268 2851 4337 Baptista
2879 4271 3025 4338 (eum
3077 4269 3225 4323 enim
3279 4272 3550 4339 praecipue

1975 4360 2313 4429 honorabat)
2364 4370 2768 4423 construxerat,
2816 4375 2935 4413 eam
2987 4370 3070 4415 est
3126 4366 3424 4430 ingressus,
3494 4373 3552 4416 ut

1978 4452 2140 4506 simul
2167 4461 2224 4505 et
2253 4453 2629 4518 precationem
2666 4451 2733 4505 ad
2775 4451 2945 4506 Deum
2999 4453 3227 4516 faceret,
3272 4465 3327 4508 et
3361 4455 3548 4525 Bapti-

284 4569 374 4613 το,
402 4549 508 4618 ὁρᾷ.
541 4549 602 4600 τὸ
641 4547 825 4599 πεδίον
858 4545 1082 4616 σύμπαν
1127 4545 1400 4616 άμυθήτῳ
1447 4546 1639 4618 πλήθει
1687 4548 1870 4610 πεζῶν
1902 4537 1947 4594 D

1858 4537 2110 4599 iDstam
2191 4544 2256 4596 ad
2330 4543 2612 4597 ferendum
2659 4544 2761 4596 sibi
2813 4544 3072 4598 auxilium
3124 4545 3402 4602 invocaret
3449 4548 3547 4620 (2),

288 4639 390 4691 καὶ
429 4638 643 4690 ἱππέων
677 4638 1115 4704 πεπυκνωμένον
1148 4655 1160 4668 ·
1188 4638 1248 4689 οὐ
1282 4637 1425 4690 πάνυ
1463 4637 1511 4690 δ’
1550 4638 1713 4690 αὑτοῦ
1744 4639 1877 4709 πόρ-

287 4735 376 4800 ῥω
407 4732 554 4783 κατά
585 4730 759 4782 νώτου
786 4729 880 4782 καὶ
911 4730 1108 4792 ἄλλους
1133 4731 1244 4783 τῶν
1299 4731 1576 4799 πολεμίων
1610 4733 1746 4784 κατὰ
1778 4733 1877 4798 τὴν

288 4823 548 4893 κορυφὴν
585 4823 882 4890 ἑστηκότας
917 4821 1013 4874 τοῦ
1041 4821 1229 4893 ὅρους.
1276 4824 1372 4876 καὶ
1391 4824 1456 4876 τό
1484 4840 1547 4890 γε
1576 4822 1669 4876 νῦν
1692 4825 1875 4894 ἡρέμα

287 4919 433 4977 τέως
458 4916 682 4985 ἔχοντας
722 4931 736 4945 ·
767 4914 846 4976 ώς
888 4913 935 4965 δ’
996 4915 1029 4980 ἡ
1083 4914 1275 4985 πρώτη
1342 4915 1558 4982 φάλαγξ
1612 4915 1876 4968 κατιοῦσα

288 5012 410 5070 τοῖς
446 5011 504 5060 ἐν
524 5009 604 5077 τῷ
626 5005 796 5077 πεδίῳ
817 5007 1148 5077 προσέϐαλε,
1190 5011 1335 5077 μάχη
1363 5006 1610 5077 κρατερὰ
1639 5008 1735 5061 καὶ
1773 5010 1879 5077 ἅμα

290 5103 562 5171 φήριστος
594 5102 991 5171 ἀνερρήγνυτο.
1035 5101 1189 5153 Ἐπεὶ
1217 5099 1261 5153 δ’
1295 5102 1418 5152 ὅσον
1474 5102 1542 5154 τὰ
1573 5102 1631 5164 ἐς
1663 5102 1874 5172 ᾁνθρω-

293 5195 465 5259 πίνην
486 5177 718 5257 δύναμιν
752 5190 828 5256 μὴ
887 5187 1088 5258 εὐχερῆ
1127 5187 1227 5257 τὴν
1275 5188 1553 5257 σωτηρίαν
1606 5184 1746 5242 εἶναι
1800 5189 1878 5256 τῷ

293 5278 527 5350 στρατῷ·
549 5278 958 5348 κατελάμϐανε,
986 5279 1150 5346 μέσον
1182 5279 1294 5332 τῶν
1322 5279 1417 5332 δύο
1445 5281 1876 5350 στρατευμάτων

291 5368 696 5437 ἐπειλημμένῳ
720 5383 736 5398 ·
759 5367 1005 5437 ηδηὶγάρ
1038 5369 1131 5420 καὶ
1164 5369 1383 5422 οἱκατὰ
1430 5369 1529 5440 τὴν
1559 5369 1876 5439 ἀκρώρειαν

288 5454 638 5529 ἠρεμοῦντες
673 5460 815 5512 κατὰ
850 5459 1020 5512 νώτου
1080 5461 1451 5532 προσέϐαλλον
1481 5477 1495 5492 ο
1546 5463 1639 5514 καὶ
1683 5461 1804 5515 καθ’
1847 5462 1876 5514 ὅ

293 5552 401 5621 μέν
426 5553 598 5624 μέρος
631 5549 895 5622 Ῥωμαῖοι
951 5552 1246 5624 Ῥωμαίοις
1300 5554 1586 5625 ἐμάχοντο,
1641 5556 1876 5624 ίσοπαλῆ

367 5689 448 5761 (l)
502 5688 794 5759 Ἕϐδομον,
843 5691 947 5744 hoc.
984 5700 1102 5750 est.
1137 5691 1441 5761 Septimum
1487 5707 1554 5745 ex
1597 5692 1877 5746 suburbiis

286 5761 921 5833 Qonstantiuopolitanre
965 5762 1204 5815 civitatis
1238 5778 1402 5815 unum
1443 5773 1544 5816 est.
1592 5763 1873 5833 (Procop.)

293 5831 474 5886 Secti
492 5831 668 5886 etalia
691 5831 812 5902 ejus
837 5831 994 5888 urbis
1017 5833 1164 5902 regio
1197 5842 1276 5890 est
1309 5833 1449 5902 apud
1473 5831 1872 5905 cumdeniasﬁé

1979 4649 2088 4705 quo
2150 4644 2396 4704 optatum
2444 4635 2549 4690 sibi
2609 4646 2663 4690 et
2721 4635 2972 4691 Rm‘nano
3024 4639 3292 4694 exercitui
3341 4642 3550 4697 exitum

1979 4742 2160 4798 pugna
2212 4728 2458 4781 haberet.
2502 4726 2577 4782 Re
2631 4729 2705 4782 ibi
2760 4729 2971 4794 divina,
3036 4732 3106 4784 ita
3161 4741 3218 4785 ut
3278 4749 3377 4803 par
3411 4745 3550 4804 erat,

1980 4829 2221 4890 peracta,
2261 4832 2447 4888 postea
2498 4823 2552 4876 in
2599 4822 2808 4875 Italiam
2843 4826 3096 4892 pervenit
3133 4842 3145 4878 ε
3177 4835 3239 4899 et
3258 4827 3549 4882 confestim

1978 4913 2046 4966 ad
2090 4913 2257 4983 Alpes
2281 4917 2645 4978 contendens,
2684 4919 2858 4984 prima
2910 4919 3126 4987 tyranni
3169 4919 3426 4988 praesidia
3457 4937 3550 4975 ce-

1980 5009 2079 5076 pit.
2112 5006 2290 5076 Atque
2316 5007 2410 5061 ubi
2435 5007 2667 5060 transitu
2723 5007 2990 5074 praecipiti
3022 5012 3323 5077 praeterito,
3357 5011 3551 5066 acclivi

1980 5102 2177 5154 itinere
2214 5100 2268 5152 in
2304 5099 2500 5152 collem
2535 5099 2827 5168 quemdam
2880 5101 3221 5161 conscendit,
3266 5103 3549 5168 planitiem

1979 5205 2198 5244 onmem
2235 5189 2625 5243 innumerabili
2668 5189 2916 5258 peditum
2980 5200 3037 5244 et
3068 5193 3316 5260 equitum
3370 5195 3554 5248 multi-

1981 5281 2170 5335 tudine
2212 5281 2409 5342 teneri,
2454 5297 2555 5335 nec
2593 5282 2665 5334 ita
2701 5281 2858 5349 longe
2897 5298 2925 5334 a
2965 5292 3118 5352 tergo
3147 5283 3280 5337 alias
3311 5285 3550 5338 hostium

1981 5383 2191 5425 turmas
2228 5371 2282 5424 in
2314 5372 2521 5426 vertice
2553 5373 2778 5436 montis,
2814 5377 2906 5441 qui
2945 5385 3075 5426 tunc
3110 5374 3330 5436 quidem
3380 5380 3552 5444 qucti

1978 5472 2157 5525 erant,
2187 5463 2292 5516 sibi
2323 5464 2615 5518 imminere
2643 5465 2798 5518 vidit.
2833 5463 3128 5534 Postquam
3163 5476 3349 5520 autem
3376 5468 3551 5530 prima

1979 5555 2126 5609 acies
2181 5570 2240 5610 se
2269 5555 2337 5610 de
2400 5557 2540 5611 colle
2601 5557 2920 5622 demittens,
2981 5573 3078 5612 eos
3124 5558 3217 5627 qui
3270 5558 3551 5628 planitiem

1979 5710 2156 5763 τερον,
2189 5695 2290 5748 hoc
2319 5702 2423 5759 est,
2455 5695 2786 5753 Secundum.

2051 5764 2128 5837 (2)
2165 5764 2470 5837 Σύμμαχον
2507 5767 2656 5837 αὑτῴ
2715 5769 3147 5823 ἐπικαλέσασθαι
3200 5769 3290 5824 τὸν
3349 5768 3551 5823 Βαπτι-

1984 5835 2134 5903 στήν.
2167 5838 2383 5892 Sozom.
2418 5836 2512 5892 lib.
2549 5835 2640 5906 vn,
2675 5856 2792 5909 cap.
2831 5842 2919 5893 23.
