4278 6438
781 401 886 464 883

772 613 1017 701 praelium
1053 616 1127 684 (l)
1155 622 1504 677 commissum
1538 637 1642 681 est.
1698 628 1762 684 Et
1819 630 1915 695 ibi,
1951 645 2216 701 quantum
2275 637 2327 690 in

772 700 1026 756 humanis
1052 707 1263 764 viribus
1284 712 1443 766 situm
1471 726 1575 778 est,
1606 733 1716 773 non
1747 721 1907 777 facile
1931 700 2137 778 servari
2171 741 2329 793 posse

768 794 956 857 copias
984 811 1126 860 snas,
1161 815 1186 850 a
1219 802 1434 859 duobus
1472 806 1711 862 hostium
1743 814 2078 869 exercitibus
2095 818 2332 872 circum-

768 895 982 950 ventas,
1018 890 1304 948 intellexit.
1331 894 1447 950 Jam
1483 901 1630 953 enim
1660 911 1715 955 et
1752 903 1850 964 illi.
1891 908 1984 972 qui
2009 909 2064 961 in
2116 925 2331 965 summo

769 987 955 1068 monte
987 982 1155 1049 quieti
1189 987 1572 1055 constiterant,
1622 1009 1650 1045 a
1693 1004 1846 1063 tergo
1885 1011 2014 1051 suos
2048 1001 2334 1068 aggredie-

768 1066 968 1123 bantur
1005 1089 1018 1125 :
1053 1083 1108 1128 et
1162 1092 1265 1144 qua
1318 1080 1369 1131 in
1404 1093 1557 1147 parte
1621 1085 1850 1140 Romani
1884 1104 2007 1142 cum
2072 1066 2333 1146 Romanis

768 1162 1100 1230 pugnabant,
1129 1170 1299 1237 mquis
1322 1171 1528 1227 viribus
1551 1176 1958 1234 decertabatur.
1994 1181 2096 1235 Ubi
2146 1195 2329 1238 autem

763 1253 1056 1309 auxiliares
1088 1258 1310 1315 Barbari
1342 1265 1752 1330 przeliabantur,
1781 1272 1952 1325 multo
1986 1272 2096 1326 illis
2152 1275 2330 1343 Euge-

761 1345 840 1397 nii
875 1347 1073 1402 milites
1100 1356 1414 1419 superiores
1440 1369 1617 1413 erant.
1672 1363 1972 1431 Imperator
2007 1366 2097 1419 tibi
2129 1367 2328 1422 auxilia

761 1452 857 1489 sua
890 1439 968 1492 sic
994 1443 1228 1510 concidi,
1255 1454 1312 1498 ut
1343 1448 1477 1512 dixi,
1517 1452 1675 1517 vidit,
1709 1453 1859 1507 humi
1890 1467 2210 1524 prosuatus,
2253 1459 2332 1512 la-

761 1531 964 1598 crymis
1022 1535 1198 1588 solum
1278 1538 1495 1607 rigavit,
1578 1543 1689 1597 Deo
1747 1547 2078 1613 supplicans,
2134 1565 2202 1603 ne
2249 1551 2329 1605 sic

761 1618 1130 1678 Romanorum
1216 1629 1505 1697 imperium
1555 1635 1608 1687 in
1668 1651 1884 1689 summo
1941 1639 2331 1697 internecionis

759 1713 1008 1780 periculo
1035 1718 1361 1786 despiceret.
1390 1725 1525 1779 Eum
1562 1743 1689 1781 vero
1725 1731 1869 1785 Deus
1922 1735 2326 1803 quamprimum

758 1808 982 1861 exaudit
1019 1827 1032 1862 :
1068 1811 1227 1882 312
1251 1816 1298 1869 id
1338 1819 1482 1886 quod
1514 1813 1640 1875 belli
1670 1835 1902 1879 eventus
1922 1829 2321 1895 comprobavit.

759 1899 1064 1957 lntervcnit
1100 1922 1227 1971 nox,
1260 1919 1314 1962 et
1340 1913 1615 1967 exercitus
1648 1917 1889 1970 animum
1921 1918 2318 1987 despondebat,

760 1989 1062 2061 Imperator
1111 2007 1288 2051 autem
1323 2001 1490 2055 animi
1525 2003 1720 2058 anxius
1766 2015 1821 2059 et
1872 2010 2085 2062 consilii
2140 2010 2318 2079 inops,

759 2085 813 2136 in
840 2101 1053 2140 summo
1077 2092 1296 2157 montis,
1329 2094 1381 2147 in
1411 2109 1518 2163 quo
1554 2107 1730 2151 castra
1765 2107 1819 2150 et
1869 2101 2167 2154 exercitum
2226 2104 2324 2154 ba-

763 2177 946 2237 bebat.
980 2184 1212 2245 vertice,
1241 2186 1605 2252 precatoriam
1651 2188 1875 2242 domum
1912 2191 2138 2245 invenit.
2176 2193 2231 2246 ln
2260 2209 2320 2247 ea

763 2283 976 2326 noctem
1013 2284 1203 2338 totam.
1234 2293 1452 2332 rursum
1490 2295 1674 2333 rerum
1722 2283 2102 2338 universarum
2133 2285 2322 2339 Domi-

763 2377 890 2414 num
923 2363 1246 2431 suppliciter
1269 2382 1452 2430 orans,
1513 2370 1871 2436 consumpsit.
1924 2370 2156 2424 Circiter
2193 2386 2322 2424 vero

761 2454 887 2522 galli
955 2465 1197 2520 cantum,
1270 2469 1462 2513 contra
1529 2462 1695 2514 animi
1752 2463 2079 2516 sententiam
2129 2479 2322 2516 somno

761 2560 1078 2614 oppressus,
1111 2555 1164 2600 et
1219 2547 1272 2600 in
1314 2551 1460 2603 nudo
1491 2553 1605 2604 solo
1637 2553 1979 2619 provolutus,
2009 2554 2156 2606 viros
2186 2554 2322 2608 duos

759 2638 946 2693 videre
971 2639 1120 2694 visus
1148 2651 1250 2705 est,
1273 2642 1504 2696 candida
1530 2655 1684 2697 veste
1718 2643 1961 2704 indutos.
1990 2655 2045 2697 et
2073 2645 2323 2699 candidis

758 2732 926 2783 etiam
959 2732 1118 2800 equis
1160 2743 1365 2788 vectos.
1408 2735 1511 2798 Qui
1547 2736 1611 2786 ad
1646 2750 1770 2786 eum
1812 2735 2159 2795 accedentes,
2194 2737 2320 2789 forti

756 2838 878 2884 esse
911 2823 1118 2886 animo,
1156 2835 1211 2878 et
1250 2815 1456 2879 metiim
1497 2827 1754 2895 abjicere,
1811 2837 1976 2896 atque
2018 2844 2141 2881 cum
2175 2828 2320 2881 dilu-

755 2917 879 2969 culo
904 2917 1076 2970 aciem
1111 2918 1213 2972 rite
1237 2919 1527 2982 instruere,
1557 2919 1894 2974 etadversus
1940 2921 2122 2974 hostes
2150 2919 2322 2974 conii-

755 3013 950 3065 denter
989 3010 1192 3065 ducere
1237 3012 1565 3081 jusserunt:
1623 3012 1870 3066 subsidio
1924 3027 1982 3066 se
2037 3028 2066 3065 a
2123 3012 2233 3066 Deo
2270 3013 2321 3066 ei

765 3109 979 3161 missos.
1015 3116 1068 3157 et
1099 3106 1151 3156 in
1189 3106 1367 3172 prima
1409 3105 1528 3159 acie
1556 3115 1897 3173 pugnaturos
1937 3118 2079 3164 esse,
2111 3103 2320 3156 adden-

1993 429 2415 496 NICEPIIORI
2457 440 2540 498 CA
2557 443 2798 504 LLlSTl

773 534 1196 588 occupaverant,
1267 544 1513 601 aggressa
1570 547 1672 598 est.
1736 537 1925 609 ingens
1982 554 2038 596 et
2103 544 2328 599 dubium
2362 554 2407 608 Α
2440 563 2462 601 τ

1578 547 1672 598 est.
1736 537 1925 609 ingens
1982 554 2038 596 et
2103 544 2328 599 dubium
2362 554 2407 608 Α
2440 551 2503 601 τὰ
2524 552 2616 603 τοῦ
2651 555 2890 623 πολέμου
2913 551 3055 626 ἦσαν
3090 558 3267 625 ζυγά·

3902 457 4009 523 884

3325 561 3445 614 καθ’
3471 562 3500 614 ὃ
3548 562 3604 617 δὲ
3635 565 3684 617 οἱ
3725 566 4004 639 σύμμαχοι

2437 641 2726 715 βάρϐαροι,
2756 648 3093 718 ὑπερτέρουν
3131 654 3380 706 πλεῖστον
3417 659 3468 707 οἱ
3502 657 3786 722 Εὐγενίον.
3828 661 3886 712 Ὀ
3910 662 4007 730 βα-

2435 735 2619 799 σιλεὺς
2686 739 2746 790 τὸ
2809 746 3155 812 συμμαχικὸν
3219 746 3393 809 οὕτως
3449 749 3590 817 ὁρῶν
3643 750 4006 821 διολλύμενον,

2433 829 2646 898 πρηνὴς
2676 831 2881 896 πεσὼν,
2925 835 3157 903 δάκρυσι
3209 838 3270 889 τὸ
3333 839 3560 891 δάπεδον
3607 841 3825 912 ἐϐρεχε,
3874 847 4008 898 Θεὸν

2433 918 2678 988 λιπαρῶν
2711 923 2784 991 μὴ
2817 923 2960 977 οὕτω
3004 926 3102 995 τὴν
3141 929 3431 996 Ῥωμαίων
3484 931 3657 1000 ἀρχὴν
3704 934 4010 1002 ἀπολλυμέ-

2433 1028 2530 1080 νην
2569 1015 2850 1083 περιιδεῖν.
2893 1017 3022 1078 Θεὸς
3049 1017 3092 1070 δ’
3125 1021 3325 1091 αὐτίκα
3358 1023 3647 1090 ἐπήκουεν,
3685 1025 3758 1086 ὡς
3815 1027 3909 1078 καὶ
3948 1027 4010 1078 τὸ

2434 1103 2644 1155 ἀποϐάν
2685 1106 2874 1171 ἔδειξε.
2923 1109 3133 1172 Νυκτὸς
3175 1113 3282 1180 γάρ
3333 1115 3750 1183 ἐπιγενομένης,
3806 1116 4006 1185 ἠθύμει

2437 1194 2535 1262 μὲν
2561 1195 2588 1246 6
2623 1200 2850 1265 στρατός
2873 1215 2886 1228 ·
2916 1202 2974 1252 ὲν
3005 1203 3196 1272 ἀπόρῳ
3217 1205 3262 1256 δ’
3281 1203 3355 1256 ὢν
3384 1209 3411 1258 ὁ
3437 1208 3679 1276 κρατῶν,
3708 1211 3849 1260 κατὰ
3906 1211 4006 1275 τὴν

2433 1286 2782 1357 ἀκρωνυχίαν
2813 1291 2904 1343 τοῦ
2933 1292 3091 1361 ὅρους
3125 1298 3184 1348 ἐν
3210 1289 3255 1363 ᾧ
3285 1299 3378 1349 καὶ
3401 1301 3460 1350 τὸ
3497 1299 3862 1368 στρατόπεδον
3913 1318 4008 1351 πει

2437 1378 2768 1448 ριήθροιστο,
2806 1384 3095 1453 εὐκτήριον
3133 1383 3279 1439 οἶκον
3311 1387 3506 1457 εὑρὼν,
3543 1389 3813 1457 πάννυχος
3839 1389 4010 1442 διετέ-

2431 1470 2512 1524 λει
2541 1471 2633 1524 τὸν
2660 1473 2767 1525 τῶν
2789 1475 2926 1528 ὅλων
2954 1478 3234 1547 Δεσπότην
3284 1480 3442 1543 αὖθις
3493 1481 3815 1534 ἀντιϐολῶν.
3873 1483 4010 1548 Περὶ

2430 1563 2486 1615 δὲ
2517 1563 2892 1633 ἀλεκτρυόνων
2915 1566 3076 1636 ᾠδάς,
3115 1571 3267 1636 παρᾶ
3321 1572 3547 1640 γνώμην
3579 1572 3731 1641 ὕπνῳ
3777 1573 4008 1633 κλαπεὶς

2433 1654 2524 1706 ἐπὶ
2543 1654 2699 1723 ψιλοῦ
2733 1659 2984 1725 κείμενος
3008 1660 3100 1712 τοῦ
3137 1662 3386 1729 ἐδάφους,
3442 1664 3616 1716 ἐδόκει
3657 1664 3748 1716 δύο
3807 1664 4008 1731 ἄνδρας

2433 1747 2587 1815 ὁρᾷν,
2634 1747 2801 1801 λευκὰ
2833 1749 2935 1816 μὲν
2975 1753 3471 1822 ἀναϐεϐλημένους,
3538 1755 3750 1817 λευκοῖς
3797 1757 3854 1808 δὲ
3911 1758 4007 1807 καὶ

2434 1841 2545 1898 τοῖς
2583 1838 2768 1898 ἵπποις
2818 1842 3133 1907 χρωμένους
3163 1858 3178 1873 ⁶
3223 1843 3272 1895 οἳ
3308 1845 3648 1912 προσιόντες,
3694 1846 3917 1916 θαρρεῖν
3947 1863 4006 1896 τε

2425 1926 2695 1993 ἐκέλευον,
2723 1927 2816 1979 καὶ
2853 1929 2914 1980 τὸ
2943 1928 3058 1991 δέος
3084 1929 3326 1982 ἐλαύνειν
3351 1948 3363 1961 ·
3399 1931 3518 1999 ἅμα
3540 1932 3584 1984 δ’
3617 1933 3693 2002 ἓῳ
3720 1934 3779 1984 ἐν
3811 1934 4004 2000 κόσμῳ

2426 2017 2752 2070 καθοπλίσαι
2774 2019 2868 2088 τὴν
2894 2022 3168 2089 στρατιὰν,
3192 2023 3283 2073 καὶ
3304 2026 3416 2084 τοῖς
3439 2025 3718 2092 πολεμίοις
3743 2026 3980 2091 ἀντεπεξ
3997 2055 4007 2062 -

2430 2108 2564 2160 ιέναι
2615 2109 2985 2179 θαρρούντως.
3029 2111 3422 2179 Προσετίθεντό
3473 2131 3535 2179 γε
3584 2115 3712 2183 μὴν,
3781 2115 3857 2176 ὡς
3911 2117 4006 2166 καὶ

2425 2189 2572 2249 οὗτοι
2601 2199 2887 2267 ἐπίκουροι
2948 2201 3250 2268 πεμφθεῖεν
3311 2201 3460 2272 αὐτῷ
3502 2205 3639 2272 πρὸς
3699 2202 3857 2266 Θεοῦ,
3909 2207 4002 2255 καὶ

2426 2290 2704 2358 πρόμαχοι
2756 2292 3133 2361 συνεσόμενοι.
3191 2295 3298 2346 Καὶ
3327 2297 3354 2347 6
3399 2296 3498 2363 μὲν
3547 2296 3802 2364 Ἰωάννην
3861 2292 4003 2348 εἶναι

2423 2381 2511 2433 τὸν
2545 2381 2933 2452 εὑαγγελιστὴν
2985 2383 3166 2451 ἔλεγεν
3201 2399 3216 2415 ⁶
3269 2384 3461 2456 ἅτερος
3527 2387 3573 2438 δ’
3617 2383 3755 2439 εἶναι
3804 2389 4000 2439 Φίλιπ-

2422 2489 2523 2532 πος
2565 2475 2591 2525 ὁ
2620 2474 2936 2536 ἀπόστολος.
2971 2475 3053 2528 Τὰ
3076 2477 3167 2530 ῐσα
3197 2476 3252 2528 δὲ
3281 2481 3372 2530 καί
3401 2466 3486 2540 τίς
3515 2479 3706 2532 ἐθεᾶτο
3736 2479 4004 2549 στρατιτῖι-

2422 2582 2521 2636 της
2551 2583 2566 2597 ⁶
2593 2565 2651 2627 ὃς
2689 2567 2766 2635 τῷ
2800 2568 3015 2636 λοχαγῷ
3043 2570 3142 2634 τὴν
3173 2571 3297 2638 ὄψιν
3336 2570 3609 2640 δηλώσας,
3643 2572 3720 2639 τῷ
3779 2571 4002 2641 χιλιάρ-

2423 2674 2503 2726 χῳ
2533 2657 2790 2726 ἐμήνυεν,
2820 2663 2848 2710 6
2880 2658 2924 2710 6’
2953 2659 3108 2722 αὖθις
3161 2660 3242 2729 τῷ
3298 2664 3613 2731 στρατηγῷ.
3669 2663 3907 2723 Ἐκεῖνος
3945 2663 4002 2714 δὲ

2423 2750 2609 2802 καινόν
2637 2767 2690 2801 τι
2721 2750 3082 2818 ἀπαγγέλλειν
3105 2754 3249 2821 ἔχειν
3309 2754 3698 2824 ὑπεμίμνησκε
3743 2753 4000 2822 βασιλεῖ’

2425 2843 2514 2894 καὶ
2535 2840 2592 2902 ὃς
2627 2840 2836 2910 μαθὼν,
2877 2861 2894 2892 ι
2923 2844 3035 2896 Οὐκ
3064 2845 3200 2913 ἐμοῦ
3255 2847 3436 2916 χάριν,
3491 2848 3618 2916 ἔφη,
3660 2847 3865 2915 ταύτην
3891 2844 4003 2897 εἶδε

2423 2932 2518 3000 τὴν
2545 2931 2668 2997 ὄψιν
2702 2949 2714 2962 ·
2749 2933 2858 3000 ἐγὼ
2886 2934 2994 3002 γάρ
3028 2937 3122 2988 καὶ
3154 2938 3505 3008 προεώρακα,
3564 2940 3660 2991 καὶ
3704 2939 4006 2990 πεπίστευ-

2425 3040 2495 3076 κα
2525 3025 2636 3086 τοῖς
2683 3024 3084 3094 ὑπεσχημένοις
3121 3026 3220 3094 τὴν
3255 3028 3432 3097 νίκην.
3481 3028 3623 3080 Ἀλλ’
3663 3029 3748 3080 ἵνα
3801 3029 3875 3096 μή
3918 3046 4004 3088 τις

2427 3127 2495 3177 με
2521 3111 2734 3180 οἰηθείη
2779 3112 2968 3173 ἁπλῶς
3011 3111 3154 3165 οὕτω
3200 3114 3302 3179 τῆς
3349 3115 3528 3182 μάχης
3577 3115 3850 3182 ἐφίεσθαι,
3906 3120 4004 3167 καὶ

759 3206 841 3250 tes
888 3196 962 3266 (2
995 3197 1032 3261 ).
1079 3195 1145 3248 Ει
1208 3198 1347 3250 alter
1382 3196 1647 3250 Joannem
1703 3195 2116 3262 evangelistam,
2185 3195 2390 3270 altera
2425 3219 2448 3253 τ

2315 3212 2390 3270 'c
2425 3203 2678 3255 πλάττειν
2710 3205 2798 3255 τὸν
2827 3205 3055 3271 δνειρον,
3097 3207 3158 3256 τὸ
3220 3205 3338 3256 ἴσον
3389 3207 3518 3258 ίδεῖν
3577 3207 3668 3257 καὶ
3718 3207 3807 3257 τὸν
3868 3206 4004 3270 ἐμὸν

759 3299 941 3343 autem
1005 3289 1313 3356 Philippum
1347 3290 1653 3358 apostolum
1717 3305 1774 3342 se
1806 3304 1928 3344 esse
1979 3285 2138 3342 dixii.
2172 3287 2320 3340 ltlem

759 3396 885 3434 vero
913 3396 978 3434 ex
1036 3381 1304 3434 militibus
1333 3381 1498 3434 etiam
1552 3381 1771 3448 quidam
1809 3380 1962 3440 vidit,
1992 3379 2083 3446 qui
2114 3378 2323 3430 ordinis

756 3474 838 3527 sui
890 3473 1090 3527 dictori
1127 3474 1395 3527 visionem
1432 3488 1552 3527 eam
1614 3473 1896 3526 indicavit.
1955 3472 2047 3525 Ille
2083 3486 2203 3525 eam
2255 3471 2318 3522 ad

760 3567 1065 3627 tribunum.
1099 3576 1262 3634 atque
1293 3567 1338 3620 is
1368 3567 1433 3621 ad
1466 3567 1946 3621 exercitusducem
1983 3566 2189 3619 retulit.
2224 3563 2323 3620 llic

755 3676 921 3728 porro
958 3675 1069 3712 rem
1104 3660 1286 3719 talem.
1321 3670 1378 3710 ut
1411 3674 1610 3713 novum
1645 3659 1888 3726 quidem,
1917 3659 2059 3726 apud
2087 3658 2321 3725 impera-

758 3763 928 3806 torem
950 3753 1223 3820 exposuit.
1260 3751 1372 3817 Qua
1407 3752 1496 3806 ille
1520 3754 1703 3806 audita
1734 3772 1745 3805 :
1778 3770 1796 3802 ι
1841 3751 1958 3804 Non
1987 3767 2104 3806 mea
2131 3766 2318 3813 causa,

758 3849 953 3914 inquit,
1023 3846 1177 3898 miles
1229 3860 1324 3898 eos
1356 3847 1510 3898 vidit.
1579 3844 1687 3912 Ego
1714 3845 1860 3897 enim
1921 3846 2071 3912 prior
2097 3843 2230 3906 vidi,
2266 3853 2322 3896 et

757 3935 1045 3988 victoriam
1082 3936 1215 3987 milii
1259 3935 1520 4003 pollicitis
1567 3936 1796 3988 credidi.
1855 3935 2054 3988 Verum
2107 3950 2172 3987 ne
2198 3937 2321 4002 quis

759 4044 844 4081 me
881 4029 959 4081 sic
998 4038 1204 4081 temere
1237 4038 1292 4080 et
1331 4027 1531 4095 cupide
1561 4027 1628 4079 ad
1662 4042 1895 4094 pugnam
1935 4026 2184 4094 progredi
2227 4033 2322 4079 aut

758 4121 1034 4173 somnium
1071 4120 1272 4188 lingere
1301 4129 1476 4188 putet,
1516 4118 1893 4171 universitatis
1938 4117 2104 4186 hujus
2136 4117 2322 4171 Domi-

757 4226 859 4264 nus
894 4211 995 4263 lioc
1019 4210 1089 4263 ila
1127 4211 1466 4277 procuravit,
1506 4219 1565 4262 ut
1617 4208 1774 4262 miles
1813 4223 1966 4261 meus
1991 4209 2134 4261 idem
2173 4207 2322 4260 vide-

758 4312 859 4362 ret.
893 4314 948 4356 et
983 4304 1136 4356 testis
1165 4303 1410 4370 locuples
1437 4303 1706 4356 sermonis
1743 4304 1844 4354 mei
1878 4311 2042 4354 esset.
2083 4300 2321 4354 Proinde

759 4395 953 4447 timore
1032 4410 1194 4462 quam
1257 4394 1571 4463 longissime
1647 4394 1879 4462 abjecto,
1933 4394 2323 4462 antesignanos

755 4487 912 4544 istos,
951 4485 1042 4552 qui
1099 4486 1150 4538 in
1208 4485 1382 4553 prima
1425 4485 1542 4537 acie
1597 4484 1958 4544 dimicabant.
1997 4499 2316 4552 sequamur.

753 4577 830 4630 Ne
880 4578 1005 4646 quis
1052 4594 1181 4630 vero
1224 4590 1474 4631 nostrum
1540 4592 1603 4629 ex
1672 4577 1914 4630 hostium
1967 4576 2321 4628 multitudine

754 4671 1036 4724 victoriam
1091 4671 1345 4732 aestimet,
1404 4669 1499 4722 sed
1555 4672 1737 4738 potius
1793 4668 1958 4721 alacri
2006 4666 2206 4721 ﬁducia
2259 4669 2313 4721 in

753 4762 924 4815 Deum
976 4761 1098 4822 lixa,
1132 4769 1439 4827 prmeuntes
1470 4757 1638 4830 duces
1667 4765 2062 4824 consequatur.
2097 4774 2114 4804 ι
2160 4754 2314 4824 ΕῙιιε·

753 4851 965 4906 cemodi
1015 4851 1198 4903 verbis
1234 4850 1324 4902 tibi
1391 4849 1655 4902 militibus
1694 4849 1939 4902 animum
1982 4846 2216 4908 addidit,
2250 4861 2316 4898 ex

753 4947 911 4999 collis
935 4945 1140 4998 vertice
1173 4944 1346 4995 aciem
1397 4952 1662 4996 structam
1696 4944 1869 4997 duxit.
1915 4943 2190 5010 Engenius
2223 4943 2316 4995 ubi

754 5035 1050 5090 Theodosii
1087 5037 1387 5089 exercitum
1421 5035 1696 5104 pugnandi
1731 5049 1916 5087 amore
1950 5036 2124 5088 teneri
2155 5035 2313 5097 vidit,

827 5194 904 5257 (Ι)
937 5191 1048 5243 lloc
1089 5192 1330 5258 prmlium
1386 5193 1718 5245 Claudianus
1766 5202 1921 5259 poeta
1973 5193 2024 5245 in
2069 5191 2312 5259 Panegy-

753 5263 870 5316 rico
928 5263 991 5315 ail
1047 5263 1341 5314 llonoriun.
1381 5277 1569 5314 recens
1606 5263 1986 5328 imperatorem
2034 5271 2317 5314 renuntia-

756 5342 893 5398 tum,
932 5333 1316 5402 pulcherrimis
1345 5331 1681 5384 carminibus
1702 5340 1786 5384 est
1815 5333 2128 5400 complexus
2159 5350 2172 5383 :

1019 5453 1046 5458 —
1070 5451 1137 5459 ——
1180 5420 1404 5473 Victoria
1427 5421 1573 5472 velox

866 5491 1118 5556 Auspiciis
1153 5493 1329 5559 effecta
1358 5493 1457 5542 tuis
1483 5507 1499 5543 :
1527 5495 1796 5558 pugnastis
1823 5504 2055 5559 uterque.

865 5559 938 5630 Tu
962 5561 1108 5628 fatis,
1128 5563 1427 5627 genitorque
1450 5578 1608 5614 manu
1632 5579 1648 5613 .'
1669 5573 1716 5614 tc
1744 5573 1954 5630 iii-apter
1977 5572 2022 5613 et
2057 5562 2211 5629 Alpes

863 5629 1074 5684 Invadit
1101 5630 1301 5698 faciles,
1320 5641 1473 5682 cauto
1509 5647 1598 5684 nec
1625 5635 1821 5700 profuit
1842 5629 1983 5683 tu)in

861 5700 1072 5751 Munitis
1095 5703 1302 5754 lawsisse
1326 5702 1450 5752 locis
1477 5718 1493 5753 :
1521 5719 1635 5767 spes
1660 5704 1814 5754 irrita
1838 5703 1968 5753 valli

860 5769 1169 5831 Concidit,et
1187 5773 1409 5835 scopulis
1427 5781 1704 5838 patuerunt
1725 5773 1954 5824 claustra
1977 5771 2208 5824 rei-uisis.

865 5839 929 5896 Te
954 5849 1165 5909 propter
1190 5841 1373 5911 gelidis
1416 5843 1600 5909 Aquilo
1639 5845 1698 5893 de
1735 5854 1907 5894 monte
1936 5843 2174 5909 [thL"'HiJ

2427 3299 2770 3363 στρατιώτην
2788 3295 3142 3365 ᾠκονόμησεν
3171 3299 3197 3348 6
3238 3298 3352 3348 τῶν
3391 3297 3528 3349 ὅλων
3581 3297 3884 3364 Δεσπότης,
3925 3297 4004 3354 ὡς

2424 3385 2490 3438 ἄν
2517 3402 2578 3452 γε
2605 3387 2700 3439 καὶ⁵
2753 3387 2964 3456 μάρτυς
3013 3388 3310 3456 ἀξιόχρεως
3360 3389 3460 3455 τῆς
3514 3387 3652 3456 ἐμῆς
3697 3386 4005 3455 διηγήσεως

2423 3478 2656 3544 γένοιτο.
2686 3476 2793 3529 Καὶ
2825 3479 2890 3546 δὴ
2926 3479 2986 3530 τὸ
3024 3478 3140 3541 δέος
3183 3479 3571 3549 διαρρίψαντες
3625 3471 4000 3549 πορρωτέρω,

2423 3573 2538 3632 τοῖς
2575 3569 2885 3638 προμάχοις
2917 3569 3198 3638 ἐπώμεθει.
3236 3572 3327 3638 Μή
3361 3588 3444 3626 τις
3474 3571 3532 3624 δὲ
3561 3571 3638 3638 τῷ
3660 3571 3859 3638 πλήθει
3889 3573 4004 3620 τῶν

2422 3662 2700 3729 πολεμίων
2721 3661 2819 3729 τὴν
2871 3661 3028 3728 νίκην
3063 3661 3396 3728 σταθμάσθω
3432 3680 3446 3691 ·
3509 3662 3628 3728 θεῷ
3681 3663 3738 3714 δὲ
3794 3661 4004 3728 μᾶλλον

2425 3754 2694 3822 θαρρείτω
2720 3753 2817 3821 ὅλῃ
2857 3753 3140 3821 προθυμία
3165 3755 3278 3814 τοῖς
3301 3753 3629 3821 ἡγουμένοις
3656 3755 3920 3820 ἑπόμενος
3977 3775 3996 3804 ι

2423 3843 2579 3896 Οὕτω
2605 3843 2660 3895 δὲ
2693 3844 2752 3896 τὸ
2776 3845 3095 3912 στράτευμα
3123 3844 3431 3912 προθυμίας
3458 3845 3776 3913 ἐμπλήσας,
3807 3847 3872 3897 ἐκ
3897 3845 4003 3912 τῆς

2423 3932 2517 3985 τοῦ
2550 3932 2710 4002 ὅρους
2743 3936 2986 4001 κορυφῆς
3016 3933 3266 3996 συντάξει
3292 3933 3451 3984 τοῦτο
3509 3933 3768 4000 κατῆγεν.
3825 3935 4002 4001 Εὐγέ-

2423 4042 2532 4087 νιος
2561 4026 2607 4076 δ’
2635 4024 2845 4076 ἐκεῖθεν
2878 4023 3054 4086 οὕτως
3088 4024 3211 4076 ἰδὼν
3243 4025 3680 4094 πολεμησείοντα
3701 4026 3794 4076 τὸν
3832 4042 4005 4092 etpa-

2423 4118 2532 4180 τὸν,
2558 4116 2652 4168 καὶ
2693 4115 2853 4178 αὐτὸς
2881 4114 2980 4184 τὴν
3005 4116 3211 4168 οἰκείαν
3241 4115 3470 4184 δύναμιν
3503 4116 3862 4178 καθοπλίσας,
3919 4119 4003 4178 είς

2424 4207 2732 4276 παράταξιν
2773 4205 3021 4274 ἔστησεν.
3063 4207 3296 4268 Ἐκεῖνος
3322 4208 3366 4259 δ’
3394 4208 3488 4260 ἑπί
3516 4224 3662 4268 τινος
3713 4208 3866 4276 ἀνῄει
3895 4224 4002 4275 γη-

2422 4301 2606 4367 λόφου,
2667 4301 2900 4368 θανατᾷν
2946 4299 3036 4349 τὸν
3090 4297 3312 4367 βασιλέα
3361 4300 3607 4366 φάσκων,
3659 4297 3752 4350 καὶ
3799 4299 4002 4351 ἑκόντα

2423 4393 2519 4460 τῆς
2547 4392 2830 4460 παρούσης
2857 4389 3299 4442 ἀπαλλάττεσθαι
3325 4390 3469 4458 ζωῆς
3525 4389 3826 4459 ᾑρημένον.
3866 4390 3999 4450 Τοῖς

2425 4499 2486 4548 γε
2519 4483 2624 4552 μὴν
2666 4483 2990 4552 στρατηγοῖς
3021 4480 3188 4532 αὐτοῦ
3224 4480 3513 4541 ἐπέταττε,
3567 4480 3702 4548 μηδὲ
3737 4479 4010 4544 κτείνειν,⁸

2357 4552 2397 4604 D
2427 4575 2564 4628 ἀλλὰ
2587 4574 2765 4637 ζῶντα
2804 4575 2938 4643 πρὸς
2972 4574 3136 4626 αὐτὸν
3167 4575 3343 4641 ἄγειν.
3379 4574 3474 4634 Ὠς
3509 4574 3555 4625 δ’
3605 4574 3660 4624 at
3715 4573 4001 4640 φάλαγγες

2422 4670 2560 4719 κατὰ
2592 4667 2843 4735 μέτωπον
2891 4667 3146 4734 ἔστησαν,
3185 4668 3244 4718 τὸ
3299 4667 3396 4733 μὲν
3440 4666 3642 4733 πλῆθος
3697 4666 3999 4732 ὑπερφυῶς

2423 4758 2822 4811 πολλαπλάσιον
2880 4759 2988 4811 τῶν
3033 4759 3306 4826 πολεμίων
3354 4755 3422 4827 ἦν
3459 4774 3472 4788 ·
3525 4758 3896 4825 εὐαρίθμητον
3940 4758 3997 4808 δὲ

2421 4854 2513 4903 καὶ
2539 4851 2736 4919 κομιδῆ
2795 4851 2969 4920 βραχὺ
3017 4854 3077 4904 τὸ
3126 4855 3752 4917 ἀντιπαραταττόμενον.
3809 4852 3876 4902 'll
3940 4853 3998 4903 δὲ

2423 4943 2666 5010 συμϐολὴ
2720 4945 2842 5009 περὶ
2875 4945 2964 4994 τὸν
3010 4945 3278 5012 ποταμὸν,
3335 4943 3391 5005 ὃς
3445 4943 3689 4994 καλεῖται
3749 4943 3996 5010 Φρίνδος,

2420 5035 2648 5098 ἐγίνετο.
2681 5035 2788 5086 Καὶ
2823 5033 2886 5100 δὴ
2917 5034 3108 5102 πρῶτα
3163 5035 3262 5101 μὲν
3291 5035 3319 5086 6
3355 5035 3732 5104 στρατηλάτης
3787 5034 3998 5086 81x06-

2526 5195 2705 5248 Obruit
2736 5196 2979 5248 adversus
3012 5202 3169 5260 acies,
3203 5195 3540 5263 revolutaque
3572 5196 3678 5248 tela

2536 5266 2695 5317 Vertit
2715 5269 2766 5317 in
2795 5277 3053 5324 (turtures,
3083 5278 3129 5317 et
3157 5267 3359 5317 turbine
3388 5267 3613 5331 reppulit
3644 5267 3848 5318 hastas.

2527 5335 2567 5385 0
2599 5337 2816 5388 nimium
2847 5336 3030 5386 dilecte
3071 5336 3198 5396 Deo,
3239 5337 3321 5388 (ui
3352 5337 3523 5403 fundit
3559 5337 3622 5386 ab
3654 5338 3825 5387 antris

2523 5405 2706 5457 Jzolus
2741 5415 2976 5457 armatas
3007 5407 3198 5457 hiemes
3219 5445 3232 5460 .
3265 5407 3348 5457 cui
3381 5406 3571 5457 militat
3594 5407 3776 5463 «ether.

2530 5477 2596 5525 iit
2629 5477 2890 5543 conjurati
2923 5478 3133 5526 veniunt
3165 5476 3232 5526 ad
3264 5475 3483 5543 citissica
3512 5477 3673 5527 venti.

2527 5541 2730 5603 Alpium
2753 5547 2966 5596 rubuere
2989 5547 3148 5598 nives.
3180 5554 3225 5596 et
3265 5541 3711 5609 Frigidus-amnis

2528 5613 2742 5665 Mutulis
2768 5616 2982 5678 [uomuit
3015 5618 3199 5681 aquis:
3238 5615 3488 5676 turbaque
3526 5615 3804 5667 cadentum

2529 5685 2724 5744 Staret,
2759 5689 2810 5736 ni
2837 5686 3048 5752 rapidus
3074 5685 3290 5751 juriser
3318 5685 3537 5750 [Iumina
3571 5686 3814 5752 sanguis.

2494 5777 2566 5840 (ιζ)
2589 5777 2795 5829 ’Πευοιι
2832 5778 2921 5829 lih.
2951 5795 2998 5836 ν,
3029 5793 3146 5845 cap.
3182 5777 3269 5829 2i.
