4278 6438
271 377 378 438 885

1194 379 1802 442 ECCLESIAS'I‘ICIE
1844 386 2232 444 llfS'l'Ollle
2276 386 2421 445 LlB-
2464 387 2604 444 ΧΗ.

3429 377 3535 444 886

270 503 387 550 μσς
443 488 820 560 ἀναρῤωσθεὶς
849 489 947 556 τὴν
978 489 1178 558 ψυχὴν,
1207 491 1297 541 ἐπὶ
1320 492 1475 544 τόσον
1511 495 1716 546 ἐκλιῦνει
1747 498 1844 557 τὶς
1873 502 1918 558 Α
1950 497 1959 546 Ῐ

1873 502 1918 558 Α
1950 497 2065 565 ipse
2103 513 2325 567 quoque
2355 500 2544 568 copias
2576 515 2704 553 suas
2737 499 3032 553 instructas
3065 497 3118 552 in
3177 498 3349 556 aciem
3407 514 3535 566 pro-

269 579 586 646 φάλαγγας,
614 579 687 640 ὡς
738 580 1050 650 εἰσδραμεῖν
1091 580 1292 642 εὐθέως
1322 583 1415 635 καὶ
1449 585 1737 656 διαρῤἧξαι
1789 587 1854 639 τά

266 671 476 740 πλήθη,
501 675 594 723 καὶ
614 673 668 733 ὲς
686 673 862 742 φυγὴν
877 673 1072 743 τρέψαι
1106 675 1226 735 τοὺς
1256 673 1504 745 πρώτους
1529 677 1845 740 διώκοντας.

265 763 330 815 Οἱ
357 762 412 815 δὲ
443 755 893 830 τῆς’τυραννεκῆς
914 765 1272 834 παρατάξεως
1295 767 1582 837 ἡγεμόνες,
1606 766 1693 828 ’.ὓς
1717 770 1855 821 κατᾶ

268 855 439 907 νώτου
467 855 678 908 κεῖσθαι
721 854 813 908 καὶ
845 857 1248 926 περικαθῆσθαι
1286 858 1383 929 τὴν
1413 861 1590 929 ἄκραν
1628 860 1853 929 εξρήκα-

271 963 396 1015 μεν,
434 945 663 1016 πρέσϐιν
699 948 756 1006 ἐς
803 947 1088 1001 Θεοδόσιον
1144 949 1488 1018 πέμψαντες,
1543 957 1855 1020 συμμαχεῖν

269 1039 467 1108 ἐκείνῳ
504 1039 897 1108 κατήγγελλον,
932 1041 988 1092 εἷ
1014 1059 1077 1109 γε
1112 1043 1358 1111 μείζονος
1391 1046 1556 1114 τιμῆς
1589 1045 1719 1113 παρ’
1759 1048 1856 1099 αὖ·

266 1131 345 1199 τῷ
386 1132 618 1184 ἔσοιντο.
653 1133 914 1195 Βασιλεὺς
949 1133 1004 1186 δὲ
1044 1135 1145 1204 τὴν
1194 1135 1494 1204 πρεσόείαν
1555 1138 1812 1206 προσίετο
1840 1154 1851 1164 ·

268 1227 363 1276 καὶ
389 1227 515 1277 ἐπεὶ
548 1227 758 1296 χάρτην
790 1227 888 1297 οὐχ
916 1227 1065 1294 εὗρε,
1092 1228 1274 1280 δέλτον
1299 1228 1504 1294 λαϐὼν,
1537 1231 1604 1300 ἣν
1638 1248 1719 1291 τις
1748 1232 1856 1284 τῶν

269 1322 644 1392 παρεστώτων
676 1324 917 1391 τυχαίως
953 1325 1206 1394 ἐφέρετο,
1241 1325 1301 1376 ὲν
1359 1326 1535 1398 ταύτῃ
1591 1327 1861 1398 κατέγρα-

269 1430 398 1478 φεν,
431 1415 498 1483 ἣν
544 1415 818 1481 ἐπίσημον
871 1419 964 1468 καὶ
1009 1421 1392 1485 ’προσῄκουσαν
1437 1418 1658 1471 ἕκαστοι
1709 1419 1862 1484 τάξιν

267 1505 459 1569 ἕξουσι.
481 1506 615 1575 παρ’
646 1508 816 1576 αὐτῷ,
846 1510 900 1561 εἴ
936 1525 998 1576 γε
1033 1510 1204 1580 πέρας
1229 1514 1294 1581 τῇ
1341 1511 1630 1582 ὑποσχέσει
1683 1513 1862 1565 αἴσιον

269 1598 530 1668 θήσουσι.
565 1600 674 1653 Καὶ
699 1604 744 1652 ot
785 1600 886 1668 μὲν
924 1599 1096 1662 οὕτως
1145 1605 1208 1655 ἐκ
1255 1604 1533 1673 πολεμίων
1584 1605 1863 1674 σύμμαχοι

267 1692 468 1762 ἀθρόον
488 1693 698 1763 βασιλεῖ
715 1690 858 1764 ἦσαν
879 1708 894 1723 ’
919 1693 1000 1746 ἔτι
1027 1694 1082 1746 δὲ
1111 1695 1206 1763 τῆς
1231 1694 1409 1765 μάχης
1431 1696 1510 1765 τῷ
1537 1697 1704 1765 πεδίῳ
1735 1696 1866 1749 καθ-

271 1785 602 1853 ισταμένης,
657 1789 751 1838 καὶ
800 1787 873 1855 μή
919 1803 1003 1839 πω
1037 1787 1303 1856 κλινάσης
1359 1789 1452 1840 ἐπὶ
1505 1787 1709 1856 θάτερα
1763 1787 1863 1857 τῆς

1960 590 2136 642 duxit.
2200 591 2263 643 Et
2325 591 2375 643 in
2418 591 2687 644 tumulum
2740 590 3030 658 quemdam
3080 589 3426 652 conscendit,
3485 597 3541 642 et

1961 682 2347 752 imperatorem
2375 683 2513 736 mori
2539 697 2742 752 cupere
2767 682 2842 750 (l)
2874 696 2937 734 ac
2964 696 3058 734 sua
3081 690 3275 750 sponte
3304 682 3370 733 ad
3397 695 3540 732 trior-

1962 785 2069 829 tem
2100 775 2468 844 Oppetendaan
2505 790 2802 845 preperare
2840 774 3016 828 dixit:
3049 773 3394 839 ducibusque
3426 771 3541 824 suis

1957 868 2235 936 praecepit,
2268 877 2416 922 utne
2450 868 2600 921 illum
2627 867 2971 928 occiderent,
3011 865 3107 928 sed
3141 866 3326 919 vivum
3352 866 3537 932 potius

1959 960 2026 1012 ad
2054 975 2112 1014 se
2166 960 2530 1015 adducerent.
2597 960 2895 1028 Postquam
2955 959 3103 1013 acies
3149 959 3224 1011 ita
3292 959 3542 1012 adversis

1961 1054 2237 1108 frontibus
2292 1055 2620 1117 constitere,
2685 1053 2916 1106 miritica
2971 1051 3246 1104 variarum
3295 1050 3540 1119 gentium

1963 1145 2264 1199 multitudo
2289 1147 2344 1200 in
2378 1145 2622 1198 hostium
2684 1145 2940 1213 partibus
3001 1157 3129 1197 esse
3178 1144 3290 1194 visa
3330 1149 3435 1192 est.
3474 1139 3543 1190 At

1960 1237 2055 1304 qui
2090 1247 2285 1291 contra
2316 1253 2414 1292 eos
2463 1237 2518 1290 in
2559 1236 2733 1290 armis
2761 1237 2956 1289 ordine
2986 1250 3089 1289 suo
3139 1233 3383 1296 stabant,
3420 1247 3543 1301 per-

1961 1346 2125 1400 quam
2168 1331 2352 1400 pauci,
2395 1330 2471 1383 ita
2510 1337 2570 1383 ut
2606 1343 2800 1383 eorum
2865 1341 3128 1380 numerus
3193 1325 3354 1378 facile
3416 1324 3539 1376 iniri

1961 1433 2168 1492 posset,
2206 1431 2389 1476 erant.
2431 1420 2616 1475 Coitio
2643 1421 2818 1490 prima
2854 1419 2922 1473 ad
2961 1418 3190 1471 fluvium
3223 1415 3336 1485 qui_
3369 1414 3546 1483 Frigi-

1963 1514 2066 1568 dus
2089 1514 2316 1576 dicitur,
2352 1513 2624 1569 estfacta.
2658 1512 2820 1583 313
2867 1511 3122 1581 Magister
3169 1510 3400 1562 militum
3445 1506 3546 1559 Ba-

1961 1608 2172 1668 curius,
2210 1621 2407 1675 magno
2430 1606 2600 1659 animi
2633 1605 2835 1657 robore
2888 1609 3182 1670 concepto,
3251 1607 3541 1665 tantopere

1964 1697 2332 1766 impressione
2379 1712 2476 1751 sua
2539 1697 2781 1750 hostium
2815 1695 3112 1762 phalanges
3171 1690 3432 1750 turbavit,
3487 1698 3547 1739 ut

1967 1790 2152 1842 statim
2185 1790 2269 1842 sui
2302 1790 2777 1851 incnrrerent,.et
2809 1786 3105 1839 ordinibus
3159 1783 3334 1851 ruptis
3367 1781 3420 1834 in
3457 1779 3544 1832 fu-

268 1877 475 1962 όρμῆς,
509 1877 744 1943 ἐξαίσιός
773 1878 940 1931 ποθεν
989 1879 1289 1946 ὲπαιγίσας
1327 1881 1525 1948 ἄνεμος
1575 1885 1668 1935 καὶ
1712 1884 1860 1934 άντι-
1897 1857 1936 1912 Β

1858 1911 1860 1920 ι
1897 1857 1936 1912 Β
1962 1897 2084 1950 gam
2144 1895 2239 1934 eos
2273 1889 2574 1944 verterent,
2612 1878 2706 1947 qui
2749 1877 3023 1948 persecuti
3059 1889 3157 1928 eos
3203 1873 3382 1944 pridie
3430 1873 3547 1925 fue-

270 1969 570 2033 πρόσωπος
605 1968 848 2029 πνεύσας
878 1969 989 2029 τοῖς
1027 1968 1336 2035 πολεμίοις,
1364 1963 1477 2021 οἷον
1522 1964 1665 2021 εἶναι
1731 1971 1860 2038 μηδ’

270 2058 465 2110 ἄλλοτέ
501 2073 631 2110 ποτε
689 2059 1017 2124 ἱστορεῖσθαι
1070 2059 1318 2123 πνεῦσαι,
1370 2061 1469 2124 τὰς
1529 2061 1628 2130 μὲν
1676 2062 1862 2126 τάξεις

270 2148 474 2202 διέλυε.
511 2149 591 2201 Τά
621 2149 729 2219 γάρ
772 2149 900 2220 βέλη
928 2167 987 2203 τε
1034 2152 1126 2204 καὶ¹
1158 2153 1379 2205 ἀκόντια
1417 2153 1516 2206 ὅσα
1552 2155 1688 2207 κατὰ
1733 2155 1864 2206 Ῥω-

276 2244 462 2312 μαίων
495 2243 814 2316 ἐπέμποντο
846 2243 906 2308 ἐξ
935 2243 1232 2298 ἀντιτύπου
1262 2245 1551 2316 δυνάμεως
1601 2249 1864 2316 ἀναστρέ-

275 2352 420 2403 φων,
457 2335 600 2388 κατὰ
625 2315 1096 2405 τῶίπεμπόντων
1141 2338 1342 2408 μᾶλλον
1365 2315 1513 2406 ἠφίει
1549 2354 1565 2370 ο
1619 2341 1712 2392 καὶ
1766 2315 1865 2402 τὰς

274 2428 502 2480 ἐκείνων
528 2429 766 2490 ἀσπίδας
799 2430 898 2481 σὺν
947 2429 1130 2501 πολλῷ
1173 2431 1428 2500 συρφετῷ
1478 2432 1573 2486 καὶ
1597 2431 1864 2502 άμυθήτῳ

272 2520 427 2572 κόνει
456 2519 565 2572 τῶν
617 2523 849 2574 ἐκείνων
919 2522 1120 2592 χειρῶν
1181 2524 1543 2592 ἀφαρπάζων,
1602 2528 1696 2576 καὶ
1739 2525 1864 2586 τοὺς

279 2613 518 2682 ἱμάντας
549 2613 908 2684 διαρῤηγνὺς,
940 2614 1029 2666 ἐπ’
1053 2614 1233 2668 αὐτῶν
1269 2616 1457 2668 ἐκύλιε
1494 2617 1636 2668 κατὰ
1689 2618 1862 2685 στόμα

279 2704 517 2771 βάλλων,
547 2704 642 2756 καὶ
672 2704 806 2756 ὅπου
837 2704 901 2773 δή
945 2721 1076 2757 ποτε
1107 2721 1122 2736 ⁸
1151 2706 1219 2757 τὰ
1239 2703 1288 2758 δ”
1328 2708 1391 2758 ἐκ
1427 2705 1537 2759 τῶν
1581 2706 1862 2758 Θεοδοσίου

278 2797 640 2865 πεμπόμενα,
679 2797 1018 2866 σφοδροτέρᾳ
1045 2797 1197 2868 ῥύμῃ
1228 2797 1517 2851 καὶταῦτα
1564 2801 1684 2852 κατ’
1715 2799 1862 2852 ὲκεί-

276 2906 389 2942 νων
418 2888 590 2940 ἐκίνει
628 2904 642 2918 ⁸
675 2884 758 2951 οἷς
781 2889 843 2958 δὴ
871 2890 966 2942 καὶ
1017 2890 1415 2961 θαρρήσαντες,
1464 2893 1558 2945 ἆτε
1607 2892 1670 2961 δὴ
1718 2894 1862 2961 ἀπή-

281 2998 479 3050 μαντοι
515 2982 888 3051 διαμένοντες,
917 2982 1109 3050 θράσει
1148 2983 1332 3052 πολλῷ
1371 2984 1583 3050 ῥέοντες
1614 2987 1740 3047 τοὺς
1766 3001 1865 3037 πο-

277 3073 507 3141 λεμίους
545 3074 919 3128 κατέκτειναν.
969 3077 1029 3127 υἱ
1071 3074 1128 3127 δὲ
1189 3076 1440 3142 πολέμιοι
1472 3077 1570 3144 τὴν
1609 3079 1862 3147 προφανῆ

1965 1982 2108 2026 rant.
2145 1973 2322 2027 Porro
2367 1972 2539 2026 duces
2571 1972 2869 2042 tyrannica:
2928 1970 3052 2038 ejus
3106 1966 3266 2025 aciei.
3315 1979 3479 2034 quam
3516 1979 3547 2017 a

1966 2077 2121 2136 tergo
2153 2081 2430 2120 summum
2461 2074 2704 2119 montem
2757 2063 3027 2118 insedisse
3080 2062 3344 2119 diximus,
3379 2058 3546 2111 misso

1963 2158 2031 2212 ad
2064 2158 2442 2213 Theodosium
2479 2167 2726 2224 oratore,
2786 2157 2851 2210 ad
2895 2168 3077 2226 partes
3101 2154 3221 2224 ejus
3255 2168 3312 2205 se
3347 2153 3550 2205 transi-

1967 2261 2125 2305 turos
2186 2267 2309 2305 esse
2356 2261 2705 2322 receperunt,
2764 2252 2809 2305 si
2854 2248 3079 2319 majoris
3139 2246 3423 2316 dignitatis
3468 2247 3549 2297 eis

1964 2342 2110 2410 apud
2139 2357 2267 2396 eum
2292 2343 2452 2397 locus
2484 2351 2633 2398 esset
2670 2359 2686 2396 :
2719 2343 3022 2412 imperator
3057 2339 3386 2407 legationem
3428 2351 3547 2389 eam

1965 2437 2234 2504 suscepit.
2265 2435 2480 2489 Etcum
2515 2437 2728 2489 charta.-
2786 2433 2945 2501 copia
2985 2446 3096 2485 non
3130 2439 3296 2491 esset,
3335 2429 3545 2490 tabula,

1965 2543 2125 2596 quam
2155 2544 2219 2582 ex
2245 2527 2633 2582 assistentibus
2666 2527 2940 2580 mihtibns
2967 2524 3194 2594 quidam
3244 2539 3374 2576 casu
3413 2536 3550 2590 quo-

1965 2622 2093 2673 dam
2131 2617 2367 2684 ferebat,
2410 2629 2650 2688 arrepta,
2679 2619 2733 2671 in
2781 2633 2845 2671 ea
2869 2631 3031 2684 quem
3057 2616 3292 2684 quisque
3326 2613 3546 2666 illorum

1965 2713 2293 2783 praeclarum
2327 2710 2828 2766 etconvenientem
2859 2709 3040 2762 locum
3081 2708 3224 2776 apud
3256 2720 3317 2760 se
3386 2704 3548 2759 habi-

1969 2815 2130 2860 turus
2159 2814 2322 2868 esset,
2357 2803 2402 2858 si
2458 2803 2748 2872 promissis
2782 2806 3014 2863 starent,
3044 2815 3218 2868 eaque
3250 2797 3315 2851 ad
3383 2796 3545 2850 finem

1964 2897 2211 2952 debitum
2276 2896 2670 2966 perducerent,
2734 2894 3053 2962 descripsit.
3105 2893 3184 2945 Ad
3249 2893 3398 2945 hunc
3471 2888 3545 2940 illi

1966 2993 2188 3044 modum
2218 2989 2382 3043 simul
2422 3002 2615 3042 omnes
2640 3003 2706 3041 ex
2744 2985 2998 3040 hostibus
3023 2983 3158 3038 socii
3196 2983 3548 3051 imperatoris

1966 3093 2096 3139 sunt
2132 3083 2283 3138 facti.
2314 3082 2511 3135 Adhuc
2557 3079 2889 3148 campestris
2919 3093 3100 3147 pugna
3140 3077 3342 3129 acriter
3399 3089 3548 3128 com-

276 3167 503 3234 γνόντες
554 3169 879 3238 ἐπικουρίαν
929 3168 1004 3231 ὡς
1038 3168 1224 3222 θεόθεν
1279 3169 1552 3240 suasu-ri
1609 3171 1748 3222 ὅπλα
1784 3171 1865 3242 ρί-
1893 3197 1938 3258 c

1854 3199 1865 3209 -
1893 3197 1938 3258 ο
1970 3179 2315 3237 mittebatur,
2341 3175 2574 3229 necdum
2597 3174 2842 3226 victoria:
2875 3171 3115 3240 impetus
3143 3169 3199 3222 in
3222 3168 3543 3221 alterutram

278 3277 531 3323 πτοντες,
558 3262 774 3328 φειδοῦς
802 3261 902 3328 τῆς
925 3263 988 3313 ὲκ
1021 3262 1288 3331 βασιλέως
1312 3263 1626 3330 ἠντιϐόλουν
1656 3267 1862 3334 τυχεῖν.

290 3351 348 3400 ’0
381 3348 440 3400 δὲ
475 3348 635 3410 εὐθὺς
665 3344 780 3401 εἷκε
820 3349 914 3401 καὶ
947 3350 1282 3419 συγγνώμην
1316 3350 1509 3405 ἐδίδου.
1543 3352 1652 3404 Καὶ
1674 3353 1736 3422 δὴ
1768 3354 1865 3404 αὑ-

276 3443 396 3504 τοῖς
423 3459 484 3495 τε
524 3442 620 3495 καὶ
663 3444 778 3504 τοῖς
835 3443 1154 3509 αὑτομόλως
1202 3443 1452 3495 ἐλθοῦσιν
1511 3444 1725 3509 ἔπεμπε
1773 3447 1865 3498 τὸν

275 3535 550 3604 τύραννον
581 3537 834 3604 ἀγαγεῖν.
867 3535 934 3590 Οἱ
962 3537 1017 3588 δὲ
1052 3537 1146 3606 βοῇ
1173 3537 1408 3602 θέοντες,
1436 3539 1527 3590 τὸν
1546 3539 1707 3604 λόφον
1739 3539 1868 3609 ἀνῄ·

277 3645 438 3694 εσαν,
465 3629 551 3695 ἐφ’
575 3621 638 3681 οῦ
658 3629 966 3698 καθήμενος
995 3629 1064 3680 τὰ
1103 3629 1423 3697 πραχθέντα
1453 3631 1659 3698 ἠγνόει.
1699 3632 1866 3697 Εὐγέ-

277 3740 394 3784 νιος
424 3723 483 3776 δὲ
512 3723 593 3792 τῷ
628 3722 723 3775 τοῦ
755 3721 963 3793 δρόμου
991 3723 1151 3792 τάχει
1186 3725 1280 3776 καὶ
1311 3723 1388 3792 τῷ
1419 3723 1598 3794 συχνῷ
1619 3725 1863 3791 ἄσθματι

278 3820 472 3870 καινόν
490 3834 542 3869 τι
575 3817 865 3884 ἀγγέλλειν
897 3817 1042 3886 ἔχειν
1080 3818 1308 3886 νομίσας
1359 3819 1624 3884 ἐκείνους,
1663 3823 1756 3872 καὶ
1790 3819 1867 3870 νί-

277 3929 383 3978 κης
415 3910 685 3977 ἀγγέλους
719 3911 922 3979 μᾶλλον
957 3910 1085 3980 παρ’
1115 3910 1281 3963 αὑτὸν
1310 3910 1487 3980 ἣκειν,
1541 3911 1702 3973 εὐθὺς
1731 3915 1864 3981 ἀνη-

279 4004 455 4073 ρώτα,
496 4021 515 4053 ι
560 4003 623 4056 Et
647 4002 1030 4072 πεπεδημένος
1070 4003 1165 4055 καὶ
1224 4002 1355 4068 ζῶν,
1387 4003 1462 4068 ὠς
1494 4006 1862 4074 προσετάχθη,

277 4098 378 4150 καὶ
413 4095 692 4157 θεοδόσιος
716 4096 932 4158 ἄγεται.
984 4115 1002 4146 ι
1029 4095 1152 4147 Τῶν
1177 4095 1224 4146 δ’
1255 4095 1535 4159 εἰπόντων,
1576 4096 1696 4164 «Mi;
1725 4099 1868 4149 ἐκεῖ-

276 4206 370 4241 νον
403 4187 540 4256 πρὸς
576 4187 657 4249 σὲ,
695 4185 755 4238 σὲ
777 4185 833 4238 δὲ
867 4185 1070 4252 μᾶλλον
1112 4187 1249 4254 πρὸς
1300 4187 1510 4240 ἐκεῖνον
1577 4186 1864 4256 ἐπέμφθη-

281 4299 384 4354 μεν
409 4282 641 4347 ἀγαγεῖν
663 4294 679 4311 ο
703 4281 736 4348 ἡ
771 4280 880 4351 γάρ
899 4278 1024 4347 νίκη
1065 4277 1157 4331 τὸν
1213 4277 1475 4347 τύραννον
1527 4279 1866 4349 μυσαχθεῖσα

273 4375 380 4441 τὴν
407 4371 636 4436 ἔννομον
668 4367 953 4438 βασιλείαν
981 4366 1266 4435 ἠσπάσατο
1299 4380 1312 4394 ·
1363 4367 1525 4419 τοῦτο
1563 4368 1672 4436 γὰρ
1699 4369 1726 4419 ὁ
1758 4369 1866 4419 τῶν

274 4467 419 4519 ὂλων
451 4463 707 4516 ἐκέλευσε
749 4461 1016 4531 πρύτανις
1043 4477 1056 4489 ·
1097 4478 1116 4512 ι
1154 4459 1317 4522 εὐθὺς
1359 4459 1453 4512 τοῦ
1481 4461 1672 4527 δίφρου
1703 4462 1866 4514 αὑτὸν

1966 3279 2178 3340 partem
2217 3267 2541 3331 inclinabat,
2579 3281 2704 3318 cum
2742 3264 2950 3333 ingenti
2981 3262 3033 3315 vi
3069 3262 3324 3316 alicunde
3354 3271 3549 3314 ventus

1965 3359 2491 3416 vehementissimus
2517 3358 2785 3412 adversus
2809 3356 2998 3409 hostes
3029 3353 3286 3416 obortus,
3322 3353 3543 3420 qualem

1968 3469 2246 3523 nunquam
2270 3461 2428 3507 antea
2457 3450 2676 3504 ﬂavisse
2711 3447 2990 3502 memoriae
3015 3446 3294 3516 proditum
3330 3455 3437 3507 est,
3491 3445 3544 3498 in

1965 3563 2061 3602 ora
2093 3547 2314 3600 illorum
2350 3543 2518 3598 irruit
2553 3551 2609 3596 et
2660 3540 2887 3594 ordines
2920 3539 3100 3593 solvit.
3140 3537 3205 3591 Et
3237 3538 3343 3590 tela
3380 3546 3546 3607 atque

1965 3638 2211 3706 sagittas,
2266 3649 2390 3702 qua:
2449 3642 2642 3685 contra
2695 3631 2972 3684 Romanos
3038 3628 3457 3690 emittebantnr,
3495 3629 3544 3679 vi

1966 3728 2204 3798 quadam
2269 3725 2577 3779 reluctante
2644 3723 2698 3776 in
2765 3736 2859 3776 eos
2907 3727 3237 3774 convertens
3283 3720 3376 3786 qui
3429 3719 3549 3772 illas

1967 3821 2289 3882 emiserant,
2318 3817 2538 3887 rejicit:
2577 3823 2633 3869 et
2662 3815 2907 3884 clypeos,
2946 3828 3074 3866 cum
3127 3812 3295 3865 multa
3347 3827 3547 3879 purga-

1968 3921 2283 3967 mentorum
2313 3909 2597 3978 congerie,
2632 3917 2688 3961 et
2731 3907 2958 3976 pulvere
2987 3904 3299 3959 incredibili
3332 3905 3543 3961 illatus,

1966 4022 2034 4061 ex
2074 4020 2264 4059 eorum
2297 4002 2551 4055 manibus
2581 4000 2820 4068 rapiens,
2879 4006 2936 4051 et
2985 3997 3102 4050 lora
3151 3993 3543 4058 conscindens,

1966 4109 2062 4148 eos
2085 4094 2139 4147 in
2163 4092 2381 4146 illorum
2427 4106 2522 4143 ora
2557 4098 2613 4143 et
2669 4089 2916 4143 ntetnbra
2949 4101 3293 4156 quaecunque
3332 4101 3538 4139 concu-

1969 4190 2113 4240 tiens
2150 4182 2443 4252 provolvit.
2491 4181 2622 4247 Quae
2661 4195 2793 4235 vero
2851 4195 2880 4232 a
2941 4177 3347 4233 'l‘heodosianis
3375 4177 3544 4246 jacio.

1968 4279 2172 4332 bantur
2201 4279 2331 4340 tela,
2368 4274 2586 4327 acriore
2622 4273 2789 4326 etiam
2820 4273 2874 4325 in
2911 4271 3033 4324 illos
3064 4271 3269 4339 impetu
3297 4268 3547 4322 fereban-

1972 4379 2078 4424 tur.
2111 4368 2286 4434 Quam
2317 4367 2388 4421 ob
2428 4380 2650 4420 causam
2675 4366 2873 4419 animis
2912 4365 3121 4432 magnis
3160 4362 3465 4431 conceptis,
3491 4373 3546 4414 et

1967 4461 2116 4531 quod
2168 4460 2365 4529 integri
2400 4458 2568 4513 etiam
2622 4459 3036 4528 permanebant,
3086 4455 3293 4524 ingenti
3350 4455 3544 4508 fiducia

277 4557 747 4616 κατασπάσαντες
790 4554 886 4606 καὶ
925 4553 1102 4621 δεσμὰ
1142 4553 1477 4621 περιθέντες,
1516 4554 1867 4622 αἰχμάλωτον
1899 4548 1942 4602 ι)

1857 4548 2051 4608 νῧίιιί
2087 4555 2140 4607 in
2199 4553 2550 4607 adversarios
2610 4561 2855 4611 ruentes,
2911 4565 3006 4602 eos
3060 4548 3301 4602 cmdunt.
3359 4549 3546 4616 Itaque

273 4646 416 4720 ἦγον
443 4648 578 4717 πρὸς
617 4647 846 4716 βασιλέα
895 4647 988 4697 τὸν
1052 4645 1161 4713 πρὸ
1220 4644 1450 4714 βραχέος
1499 4647 1861 4715 μεγάλαυχον.

287 4741 352 4791 '0
376 4739 435 4790 δὲ
469 4737 538 4788 τὰ
561 4739 619 4794 ἐς
651 4731 1103 4788 Οὑαλεντινιανδν
1157 4729 1625 4801 πλημμεληθέντα
1669 4733 1865 4800 ἐκεινῳ

274 4832 540 4902 παρῆγεν
562 4829 643 4891 εις
676 4828 864 4895 μέσον,
899 4827 995 4878 καὶ
1040 4824 1138 4894 τὴν
1191 4825 1508 4895 παράνομον
1567 4824 1870 4894 βασιλείαν,

273 4925 379 4985 τάς
406 4925 455 4974 τ’
489 4919 790 4988 ἐμφυλίους
847 4919 1052 4986 μάχας,
1097 4919 1234 4988 πρὸς
1285 4917 1343 4969 δὲ
1378 4918 1472 4970 καὶ
1509 4918 1599 4970 τὸν
1649 4917 1870 4988 σύμμα-

275 5033 378 5086 χον
405 5015 604 5081 ἐκείνῳ
624 5009 952 5073 διετώθαζεν
1006 5008 1302 5077 Ἡρακλέα.
1363 5011 1429 5062 Ὃ
1482 5009 1526 5062 δ’
1579 5012 1792 5063 ἀκούων
1841 5015 1869 5065 ὁ

273 5106 572 5174 τύραννος.
605 5106 720 5163 τοῖς
756 5103 886 5154 ποσὶ
919 5100 1017 5153 τοῦ
1067 5099 1398 5167 κρατοῦντος
1460 5101 1652 5153 ἑαυτὸν
1699 5103 1868 5154 ἐλεει-

274 5195 390 5255 νῶς
418 5193 672 5264 ἔρριπτε,
703 5193 797 5243 καὶ
829 5189 1003 5242 ἐδεῖτο
1033 5187 1326 5250 σώζεσθαι.
1366 5189 1454 5240 Ἐν
1487 5181 1532 5256 ᾧ
1585 5188 1640 5240 δὲ
1686 5191 1867 5258 ἱκέτης

272 5278 370 5354 ἦν,
401 5282 512 5332 τῶν
535 5296 617 5340 τις
641 5279 990 5349 στρατιωτῶν
1007 5276 1068 5329 τὸ
1090 5276 1239 5344 ξίφος
1270 5277 1638 5345 σπασάμενος,
1656 5277 1758 5342 τῆς
1782 5295 1871 5329 κε-

275 5373 464 5442 φαλῆς
492 5372 657 5423 αὑτὸν
685 5371 1023 5439 ἀφαιρεῖται.
1069 5368 1485 5436 Ἀρουαγάστης
1537 5367 1594 5419 δὲ
1632 5368 1870 5420 ὁτοσιύ-

273 5482 392 5520 των
421 5466 517 5518 καὶ
558 5463 897 5532 τηλικούτων
937 5460 1122 5515 κακῶν
1163 5462 1356 5522 αἴτιος,
1402 5463 1547 5528 φυγῇ
1589 5461 1866 5529 χρώμενος

275 5559 377 5611 ἐπὶ
405 5558 562 5609 δυσὶν
588 5555 845 5625 ἡμέραις,
881 5556 1001 5607 ἐπεὶ
1029 5553 1103 5624 μὴ
1135 5553 1277 5617 ἔγνω
1314 5552 1409 5604 τοῦ
1467 5553 1658 5605 λοιποῦ
1720 5553 1869 5620 αὑτῴ

276 5651 528 5721 βιωσιμα
559 5644 722 5712 εἶναι,
749 5649 1006 5719 αὐτόχειρ
1043 5647 1120 5716 τῷ
1180 5647 1366 5716 οἰκείῳ
1434 5646 1576 5715 ξίφει
1631 5647 1866 5711 ἐγένετο.

1973 4647 2161 4700 hostes
2183 4644 2471 4698 manifeste
2503 4658 2663 4711 opem
2689 4657 2808 4695 eam
2838 4641 3105 4693 divinitus
3138 4642 3392 4693 accidere
3422 4658 3545 4692 cer-

1971 4748 2186 4803 nentes,
2221 4739 2390 4791 armis
2430 4737 2682 4806 abjecds,
2731 4735 2797 4789 ad
2852 4735 3200 4803 imperatoris
3238 4734 3548 4788 misericor-

1972 4831 2138 4892 diam,
2173 4830 2392 4883 veniam
2425 4829 2492 4883 ab
2530 4843 2598 4881 eo
2631 4836 2902 4896 petentes,
2937 4823 3327 4891 confugerunt.
3375 4826 3546 4891 Atque

1971 4924 2065 4978 ille
2090 4938 2207 4986 eos,
2244 4921 2506 4991 precibus
2526 4920 2747 4982 cedens,
2787 4919 2972 4973 statim
3025 4918 3078 4969 in
3121 4917 3351 4986 gratiam
3398 4933 3546 4968 recc-

1973 5017 2054 5084 pit
2112 5031 2126 5068 :
2181 5028 2388 5082 eosque
2436 5021 2492 5068 et
2555 5012 2865 5080 transfugas
2914 5009 3071 5070 alios,
3141 5016 3199 5060 ut
3254 5017 3543 5077 tyrannum

1973 5115 2193 5175 captum
2232 5106 2297 5159 ad
2328 5121 2386 5160 se
2435 5104 2790 5165 adducerent,
2831 5102 3002 5156 misit.
3044 5101 3126 5154 illi
3183 5115 3316 5154 vero
3347 5101 3549 5154 vocife-

1975 5207 2181 5259 rantes,
2218 5211 2410 5264 magna
2459 5195 2743 5249 celeritate
2787 5194 2842 5247 in
2878 5193 3147 5248 tumulum
3191 5192 3453 5252 evadunt,
3494 5193 3546 5244 in

1972 5305 2083 5355 quo
2107 5288 2197 5340 ille
2232 5302 2393 5341 casus
2433 5289 2553 5355 ejus
2583 5288 2886 5339 etiamnum
2951 5284 3172 5352 ignarus
3207 5283 3544 5336 considebat.

1975 5377 2249 5444 Eugenius
2287 5393 2354 5432 ex
2413 5378 2640 5430 incitato
2696 5391 2859 5430 cursu
2939 5386 2993 5427 et
3049 5375 3271 5428 assiduo
3328 5375 3544 5426 illorum

1973 5469 2246 5531 anhelitu,
2281 5469 2406 5522 novi
2436 5469 2737 5538 quidquam
2775 5483 2873 5521 eos
2914 5467 3133 5531 aﬂ‘erre,
3197 5477 3362 5534 atque
3407 5472 3544 5522 adeo

1971 5563 2213 5614 victoria:
2263 5561 2486 5615 nuntius
2544 5561 2645 5614 sibi
2699 5561 2960 5613 advenire
3002 5571 3177 5621 ratus,
3216 5560 3423 5620 statim,
3473 5574 3540 5609 an

1969 5649 2188 5705 vincms
2233 5663 2288 5705 et
2325 5653 2503 5712 vivus.
2537 5653 2693 5704 sicuti
2725 5661 3054 5719 prazceptum
3119 5651 3318 5714 fuerat,
3360 5650 3537 5702 Theo-

354 5770 434 5842 (l)
477 5767 913 5842 iloriturientem
945 5779 991 5822 et
1028 5784 1058 5823 e
1093 5769 1341 5838 przcscnti
1412 5769 1518 5820 vita
1588 5783 1710 5820 mox
1779 5768 2129 5826 decessurum
2186 5776 2570 5841 imperatorem
2606 5772 2720 5824 acie
2792 5786 2976 5825 secum
3025 5780 3228 5826 structa
3279 5771 3537 5842 congredi

275 5840 441 5895 dixit.
481 5839 692 5894 'l‘ltcod.
