4278 6438
721 387 824 451 837

1962 395 2374 456 NiCEPllORl
2422 397 2765 458 C’iLIJSTl

3876 404 3981 466 888

722 508 910 561 dosius
939 509 1332 577 adduceretur,
1386 513 1767 582 interrogavit.
1838 512 2000 584 314
2051 511 2152 568 Cui
2218 511 2295 565 illi
2327 514 2411 567 AT

2288 511 2295 564 i
2327 514 2368 567 A
2399 512 2652 576 Totoﬁtvi;
2682 515 2889 576 ἐκεῖνος
2906 508 2974 584 ἦν
3005 515 3031 566 ό
3055 514 3379 579 πιστότατος
3401 515 3675 587 βασιλεὺς,
3702 520 3786 573 ἀεὶ
3804 521 3896 571 καὶ
3922 520 3977 570 ἐν

723 602 1130 667 τρςμοιιάρι-υιιι
1165 623 1177 656 :
1213 623 1231 654 ι
1270 603 1384 657 Non
1416 605 1567 658 illum
1603 605 1667 657 ad
1707 613 1779 666 te,
1810 605 1902 657 sed
1943 605 2122 671 potius
2145 614 2196 658 te
2227 603 2293 657 ad

723 694 876 747 illiilli
911 705 971 748 ut
998 695 1356 760 adducamus,
1389 698 1538 751 missi
1567 713 1776 752 sumus.
1795 698 2032 752 Victoria
2059 708 2295 766 namque

722 795 1014 856 tyranuum
1030 787 1320 849 detestata,
1339 789 1643 857 legitimum
1668 790 1960 860 imperium
1980 801 2063 844 est
2082 800 2294 845 secuta.

724 879 816 932 Sic
850 880 1061 934 scilicet
1088 880 1191 933 ltoe
1224 896 1406 935 rerum
1435 885 1682 937 omnium
1725 883 2065 952 gubernator
2099 899 2298 952 procu—

723 972 884 1024 ravit.
930 970 1109 1026 rCum
1161 973 1246 1026 his
1295 974 1478 1037 dictis,
1530 985 1584 1028 et
1653 992 1821 1028 curru
1882 976 2187 1028 detractum
2243 983 2299 1028 et

722 1064 965 1146 vinctum
995 1081 1145 1126 eum,
1177 1065 1268 1132 qui
1325 1067 1488 1134 paulo
1517 1076 1642 1120 ante
1714 1083 1939 1131 magnas
1989 1069 2297 1135 spiraverat

723 1157 945 1222 glorias,
979 1162 1253 1226 captivum
1275 1160 1342 1212 ad
1372 1159 1758 1228 imperatorem
1787 1160 2088 1214 adducunt.
2119 1160 2300 1213 Theo-

723 1248 913 1302 dosius
943 1265 1007 1302 ea
1043 1250 1143 1314 illi,
1172 1267 1294 1320 (tua:
1320 1253 1373 1304 in
1420 1252 1867 1306 Valentinianum
1896 1253 2294 1312 commisisset,

722 1350 777 1400 et
815 1341 1158 1408 illegitimmn
1191 1357 1354 1412 atque
1394 1343 1649 1414 iniquum
1712 1346 2030 1415 imperium,
2082 1360 2295 1399 necnon

721 1432 904 1484 civilia
932 1435 1146 1488 bcllain
1185 1435 1425 1489 medium
1463 1437 1774 1504 proferens,
1805 1438 2029 1506 ohjecit.
2070 1439 2298 1506 Insuper

721 1537 855 1577 vero
891 1524 1059 1577 etiam
1097 1525 1424 1580 auxiliarem
1483 1528 1886 1596 tutelaremque
1920 1529 2041 1582 risit
2092 1529 2300 1582 Hercu-

719 1614 852 1669 lem.
881 1613 1011 1679 Qua-
1041 1623 1305 1686 tyrannus
1340 1618 1590 1683 audiens,
1625 1618 1691 1671 ad
1726 1619 1894 1688 pedes
1915 1634 1971 1673 se
2005 1619 2299 1688 imperato-

723 1704 802 1756 ris
828 1705 1218 1761 miserabiliter
1244 1707 1466 1774 abiecit,
1498 1716 1552 1785 et
1584 1716 1644 1762 ut
1706 1709 1873 1761 vitam
1929 1709 2030 1762 sibi
2069 1708 2301 1764 donaret

726 1797 924 1851 oravit.
961 1800 1094 1851 Cum
1126 1814 1258 1852 vero
1282 1799 1352 1853 ita
1384 1800 1458 1852 illi
1489 1802 1720 1869 supplex
1749 1811 1916 1864 esset,
1939 1801 2299 1856 esmilitibus

723 1889 946 1958 quidam
977 1905 1109 1945 ense
1137 1894 1329 1946 Stricto
1359 1902 1527 1962 caput
1560 1893 1636 1946 illi
1672 1893 1997 1961 amputavit.
2053 1893 2299 1963 Arboga-

721 1990 836 2035 stes
864 1990 1050 2036 autem
1099 1985 1288 2038 talium
1347 1994 1738 2054 tantorumque
1771 1987 2042 2040 malorum
2077 1997 2295 2054 auctor,

721 2073 815 2127 ubi
855 2073 1084 2129 biduum
1126 2076 1178 2128 in
1257 2074 1380 2146 fuga
1411 2077 1773 2146 consumpsit,
1821 2086 1877 2131 et
1908 2077 2030 2131 vitae
2077 2077 2297 2131 taedium

721 2181 849 2221 eum
876 2167 1044 2235 cepit,
1075 2183 1268 2222 manus
1306 2169 1422 2237 ipse
1454 2169 1559 2224 sibi
1591 2185 1689 2223 suo
1721 2186 1854 2223 usus
1883 2171 2062 2240 gladio
2093 2171 2297 2226 attulit.

2400 605 2622 672 πολέμῳ
2650 605 2742 655 καὶ
2776 604 2924 674 μάχῃ
2953 604 3019 656 τὰ
3043 604 3221 658 πάντα
3251 607 3349 674 τῆς
3380 607 3526 668 θείας
3556 609 3876 678 ἐπικουρίας
3903 608 3981 668 ὡς

2402 695 2579 766 χρεὼν
2611 695 3012 764 ὲξαρτώμενοῖ,
3049 698 3148 750 καὶ
3174 698 3433 752 οὐδέποτε
3478 701 3684 770 ταύτης
3736 702 3986 766 ἀποτυγ-

2404 791 2601 859 χάνων.
2639 793 2873 860 Λέγεται
2908 794 3098 861 μέντοι
3131 795 3226 846 καὶ
3256 793 3434 858 τοῦτο,
3491 795 3566 858 ὡς
3597 795 3720 847 καθ’
3767 794 3824 846 ὃν
3863 811 3982 846 και-

2405 884 2497 949 ρὲιν
2519 884 2544 934 ὁ
2573 883 2711 950 πρὸς
2753 882 3028 952 Ἑσπέραν
3056 877 3212 946 οὗτος
3265 886 3673 955 συνερρήγνυτο
3720 885 3981 952 πόλεμος,

2400 973 2479 1039 τῷ
2508 973 2602 1024 τοῦ
2638 973 2905 1041 Ἐὁδόμου
2935 972 3062 1041 νεῷ,
3088 973 3171 1039 ἐφ’
3208 972 3267 1025 οὗ
3305 975 3394 1026 τὸν
3425 974 3650 1043 βασιλέα
3679 975 3983 1044 προσεύξα-

2403 1063 2526 1115 σθαι
2560 1063 2902 1132 διελάόομεν,
2931 1065 3141 1129 ἐξιόντα
3172 1064 3271 1132 τῆς
3299 1046 3736 1128 Κωνσταντίνου,
3772 1064 3986 1132 ἄνθρω-

2404 1159 2502 1219 πός
2532 1173 2617 1218 τις
2654 1157 2874 1223 δαῖμονι
2925 1155 3383 1224 μαστιγούμενος,
3441 1159 3734 1225 μετάρσιος
3801 1159 3987 1226 ἁρπα-

2401 1251 2541 1316 γεὶς,
2595 1250 2792 1301 ὡσανεὶ
2861 1248 2999 1318 πρὸς
3032 1248 3126 1300 τδν
3173 1248 3487 1316 Βαπτιστὴν
3553 1250 3788 1302 ὲτείνετο
3834 1249 3988 1319 αὐτῷ

2399 1339 2916 1408 διαλοιδορούμενος,
2947 1339 3022 1400 ὡς
3051 1340 3384 1394 ἁποκοπέντι
3423 1344 3523 1410 τὴν
3567 1344 3814 1410 κεφαλήν
3845 1356 3859 1370 ⁸
3904 1337 3984 1394 εἴ·

2404 1449 2468 1484 τα
2501 1435 2596 1484 καὶ
2621 1434 2812 1501 ἄγριον
2832 1432 3034 1485 οὑτωσὶ
3059 1432 3259 1484 ἀνεῦόα
3286 1451 3298 1464 ’
3339 1450 3357 1480 ι
3387 1434 3458 1486 Σύ
3483 1452 3548 1504 με
3580 1437 3756 1504 νικᾷς,
3787 1436 3880 1486 καὶ
3912 1435 3990 1501 τῷ

2402 1522 2519 1591 ἐμῷ
2545 1522 2871 1593 ἐπιϐουλεύῃ
2892 1521 3129 1592 στρατῷ.
3165 1540 3183 1572 ι
3235 1523 3302 1575 Οἵ
3351 1539 3415 1590 γε
3458 1523 3566 1594 μὴν
3601 1525 3987 1591 περιτυχόντες

2400 1615 2488 1667 διὰ
2511 1615 2714 1683 πολλῆς
2778 1614 3016 1682 σπουδῆς
3063 1614 3228 1684 οὔσης
3278 1616 3577 1681 τηνικαῦτα
3624 1615 3701 1684 τῷ
3762 1615 3989 1683 πολέμῳ

2402 1709 2604 1778 τούτῳ,
2632 1703 2722 1760 οἷα
2750 1707 2816 1779 δὴ
2847 1708 3114 1776 νεώτερόν
3165 1725 3218 1760 τι
3274 1707 3457 1776 λέγειν
3511 1710 3602 1761 τὸν
3645 1709 3988 1776 δαιμονῶντα

2403 1802 2661 1869 οἰόμενοι,
2693 1801 2791 1872 τὴν
2844 1802 3300 1874 ἡμέρανοχάρτῃ
3347 1801 3664 1872 ἀνέγραψαν
3701 1816 3716 1830 ο
3773 1802 3866 1852 καὶ
3924 1800 3990 1869 δὴ

2407 1893 2656 1962 ἔγνωσαν
2682 1894 2749 1948 τὰ
2779 1896 2908 1964 περὶ
2959 1895 3051 1947 τὸν
3081 1894 3316 1964 πόλεμον
3349 1894 3426 1963 τῷ
3478 1895 3597 1947 τότε
3645 1891 3989 1962 πεπρᾶχθαι,

2407 1987 2622 2041 πολλῶν
2658 1987 2767 2040 τῶν
2796 1990 2862 2059 τῇ
2917 1988 3071 2060 μάχῃ
3125 1987 3605 2056 κεκοινωνηκότων
3640 1984 3994 2053 διαγγειλὰν-

2407 2099 2532 2133 των.
2566 2081 2675 2132 Καὶ
2702 2081 2769 2133 τὰ
2809 2081 2908 2148 μὲν
2935 2083 3066 2150 περὶ
3100 2084 3196 2150 τῆς
3228 2081 3486 2150 Εὑγενίου
3511 2080 3826 2150 τυραννίδος
3869 2077 3994 2130 τοῦ-

2407 2187 2502 2224 τον
2531 2171 2827 2242 ξυνηνέχθη
2869 2175 2959 2224 τδιν
2987 2173 3211 2244 τρόπον,

722 2259 872 2315 Talis
907 2259 996 2314 ille
1022 2259 1372 2316 fidelissimus
1405 2263 1704 2332 imperator
1730 2262 1855 2327 fuit,
1903 2273 1960 2317 ut
1994 2279 2212 2333 semper
2278 2265 2331 2318 in
2375 2263 2536 2319 bellis
2595 2274 2760 2334 atque
2791 2265 3015 2334 praeliis,
3051 2283 3150 2336 pro
3196 2282 3262 2321 eo
3307 2277 3476 2336 atque
3535 2266 3652 2320 fieri
3704 2264 3891 2327 debet,
3926 2278 3995 2317 ex

723 2356 912 2411 divino
934 2358 1202 2427 penderet
1230 2360 1507 2429 praesidio,
1534 2376 1645 2430 quo
1675 2363 1842 2415 etiam
1876 2376 2156 2431 nunquam
2207 2369 2292 2416 est
2331 2361 2653 2416 frustratus.
2721 2359 2919 2416 Fertur
2992 2378 3125 2416 sane
3156 2372 3212 2418 et
3246 2363 3409 2427 illud,
3430 2378 3552 2433 quo
3579 2374 3825 2430 tempore
3845 2373 3994 2428 pra:-

722 2451 858 2506 lium
893 2451 997 2506 hoc
1045 2453 1100 2506 in
1131 2451 1432 2508 Occidente
1466 2464 1550 2510 est
1581 2455 1959 2518 commissum;
1992 2456 2046 2508 in
2091 2456 2294 2523 templo
2336 2454 2567 2524 Septimi
2611 2454 2772 2524 (qua:
2799 2456 3118 2510 suburbana
3175 2455 3814 2525 Constantinopolitana:
3838 2451 3996 2505 urbis

724 2545 875 2615 regio
933 2553 1041 2608 est,
1105 2548 1162 2600 in
1218 2562 1330 2614 quo
1384 2557 1668 2616 pri-catum
1713 2562 1834 2602 esse
1896 2548 2288 2616 imperatorem
2330 2547 2590 2614 diximus,
2648 2563 2774 2602 cum
2803 2564 2869 2602 ex
2902 2564 2966 2603 ea
3024 2551 3160 2605 urbe
3191 2550 3247 2604 in
3269 2550 3476 2603 bellum
3516 2549 3669 2616 iret),
3705 2547 3995 2601 hominem

724 2639 1044 2706 quemdam,
1070 2639 1164 2710 qui
1201 2638 1467 2694 damonis
1499 2641 1844 2710 intemperiis
1871 2640 2204 2706 agitabatur,
2272 2641 2324 2693 in
2367 2640 2603 2694 sublime
2667 2650 2911 2709 raptum,
2932 2642 3103 2696 veluti
3137 2657 3263 2696 eum
3289 2643 3532 2712 Baptista
3552 2641 3981 2695 contendentem

725 2732 994 2788 conviciis
1029 2732 1183 2786 illum
1211 2731 1566 2801 proscidisse,
1597 2732 1743 2800 quod
1768 2734 1818 2785 ei
1862 2740 2027 2800 caput
2062 2742 2335 2784 resectum
2378 2741 2543 2792 esset.
2584 2730 2785 2784 deinde
2856 2732 3022 2785 etiam
3064 2731 3241 2786 ferum
3283 2732 3546 2801 quiddam
3611 2733 3765 2786 hisce
3806 2732 3994 2788 verbis

726 2827 1066 2881 exclamasse
1105 2843 1169 2879 ιι
1235 2825 1316 2880 Tu
1357 2841 1446 2880 me
1478 2827 1674 2888 vincis,
1705 2835 1761 2880 et
1821 2828 1959 2881 meis
2013 2825 2296 2880 iusidiaris
2336 2825 2532 2894 copiis.
2573 2845 2591 2877 ι
2642 2824 2746 2890 Qui
2815 2840 2946 2879 vero
3019 2834 3134 2879 tum
3173 2826 3227 2879 in
3281 2841 3406 2880 eum
3459 2825 3742 2880 hominem
3782 2825 3996 2880 incide-

729 2928 1193 2990 rant,propterea
1221 2919 1367 2988 quod
1389 2919 1591 2974 bellmn
1634 2919 1688 2974 id
1728 2928 1842 2972 tum
1911 2919 2100 2973 multis
2168 2933 2378 2986 magna:
2418 2933 2565 2972 cura:
2624 2926 2797 2980 esset,
2849 2919 2976 2972 novi
3017 2918 3280 2988 quiddam
3334 2918 3735 2973 daamoniacnm
3805 2916 3999 2972 dicere

729 3010 964 3080 opinati.
997 3010 1138 3062 diem
1183 3008 1236 3061 in
1275 3008 1468 3062 charta
1504 3007 1848 3076 excipientes
1924 3019 2193 3062 notarunt
2242 3025 2255 3063 :
2325 3016 2382 3061 et
2420 3007 2622 3062 deinde
2687 3024 2755 3062 eo
2815 3009 2936 3077 ipso
2987 3019 3236 3079 tempore
3291 3010 3542 3078 pra-lium
3593 3009 3798 3063 factum
3850 3024 3996 3073 esse,

735 3103 1035 3157 multorum
1073 3099 1448 3161 sermonibus,
1483 3099 1575 3168 qui
1607 3100 1658 3152 ei
1695 3115 1887 3168 pugna:
1957 3099 2349 3161 interfuerant,
2392 3109 2790 3170 cognoverunt.
2850 3101 2957 3154 Res
3014 3101 3245 3171 Eugeuii
3318 3101 3535 3172 tyranni
3589 3101 3694 3154 hoc
3740 3101 3998 3156 accidere

734 3195 920 3251 modo.

1229 3283 1388 3359 315
1437 3283 1660 3338 CAPUT
1695 3283 1804 3338 xc.

735 3383 814 3436 De
865 3384 1122 3437 seditione
1168 3391 1216 3434 et
1265 3379 1493 3432 tumultu
1541 3377 1921 3432 Thessalonica
1976 3387 2133 3438 orto,
2182 3391 2312 3445 apro-

780 3462 924 3522 'pter
962 3469 1116 3523 quem
1156 3450 1469 3505 Theodosius
1511 3458 1707 3517 septem
1757 3449 1924 3501 millia
1970 3450 2200 3502 virorum
2229 3463 2314 3500 oc-

805 3525 951 3576 cidit.

810 3636 1299 3696 Verumenimvero
1363 3651 1470 3689 non
1501 3635 1743 3704 proclive
1779 3632 1946 3689 alicui
1979 3639 2086 3694 est,
2118 3645 2314 3686 omnes

734 3731 966 3788 omnino
984 3731 1291 3784 communis
1315 3727 1614 3782 adversarii
1636 3725 1808 3779 nostri
1832 3724 2013 3794 plagas
2047 3722 2310 3793 effugere.

739 3825 798 3880 Si
830 3824 955 3894 quis
975 3823 1120 3877 enim
1149 3821 1289 3875 forte
1321 3821 1550 3889 impura:
1603 3818 1850 3871 libidinis
1877 3816 2135 3870 affectum
2168 3825 2315 3868 tran-

739 3917 912 3976 siliat,
941 3915 993 3967 in
1024 3912 1312 3968 avaritiam
1346 3911 1568 3965 incidat.
1599 3909 1749 3964 Hanc
1777 3924 1908 3962 vero
1941 3911 1984 3962 si
2016 3909 2180 3974 etiam
2221 3921 2313 3960 su-

743 4015 921 4076 peret,
945 4005 1166 4059 invidia:
1187 4003 1402 4058 lubrico
1421 4004 1926 4057 circumveniatur:
1959 3999 2101 4051 hanc
2128 4007 2313 4050 autem

741 4100 788 4154 si
844 4114 1065 4168 quoque
1123 4098 1432 4160 conculcet,
1491 4095 1720 4149 fortasse
1779 4095 1916 4148 iram
1950 4109 2056 4146 non
2110 4093 2314 4144 vincat.

747 4190 938 4245 Plures
973 4204 1211 4258 namque
1232 4188 1579 4258 perniciosus
1610 4186 1785 4240 hostis
1840 4187 2079 4238 humano
2131 4182 2315 4253 generi

740 4284 903 4339 struit
933 4283 1173 4351 pedicas,
1199 4281 1566 4350 qualicunque
1599 4277 1881 4331 vitiosiore
1907 4277 2196 4330 affectione
2225 4289 2319 4341 per

743 4387 916 4428 artem
945 4374 1240 4442 quamdam
1293 4387 1490 4439 capere
1517 4385 1793 4439 quemque
1848 4379 2118 4440 satagens,
2176 4368 2316 4421 etin

746 4464 941 4533 primis
980 4479 1086 4532 qua
1141 4462 1380 4530 aliquem
1417 4476 1481 4515 ex
1520 4469 1734 4513 naturae
1763 4458 2121 4512 inclinatione
2159 4456 2317 4511 facile

742 4557 862 4624 capi
897 4569 1058 4623 posse
1086 4553 1388 4607 existimet.
1428 4551 1602 4617 Quam
1632 4551 1721 4604 ille
1753 4566 1833 4603 ma
1876 4549 2217 4603 liinationem
2248 4549 2317 4602 ita

3006 3283 3261 3338 ΚΕΦΑΛ.
3296 3285 3389 3338 Μ’.

2416 3378 2553 3444 Περὶ
2599 3372 3286 3448 ζῆςγένλθεσσαλονίκῃ
3330 3379 3659 3446 γενομένης
3696 3383 4001 3448 στάσεως,

2484 3448 2563 3571 3f
2592 3444 2673 3512 ἢν
2703 3443 3026 3513 Θεοδόσιος
3053 3443 3554 3516 ἐπτακὶσχιλίόυς
3580 3443 3803 3519 ἆιλδρας
3838 3443 4001 3507 cii-si;

2529 3536 2614 3571 εν.

2529 3536 2614 3571 εν.

2499 3631 2664 3684 Ἀλλᾶ
2698 3631 2806 3701 γὰρ
2829 3627 2888 3686 οὐ
2925 3631 3108 3702 ῥᾴδιόν
3138 3648 3261 3684 τινα
3285 3630 3466 3694 πάσας
3489 3631 3658 3698 ἄρδην
3683 3631 3777 3684 τοῦ
3813 3632 4006 3685 κοινοῦ

2418 3724 2686 3795 πολεμίου
2745 3726 2845 3789 τὰς
2881 3723 3064 3793 ἄρκυς
3117 3723 3422 3792 διαφυγεῖν.
3463 3724 3628 3787 Ἴσως
3677 3725 3790 3792 γάρ
3822 3741 3907 3785 τις
3942 3725 4006 3776 τὸ

2416 3813 2517 3882 τῆς
2540 3814 2831 3882 ἀσελγείας
2872 3814 3044 3874 πάθος
3107 3815 3528 3883 ὑπερπηδήσας,
3578 3817 3646 3884 τῇ
3710 3815 4006 3884 πλεονεξίᾳ

2418 3905 2579 3958 ἑάλω.
2626 3907 2686 3957 Εἰ
2717 3907 2773 3956 δὲ
2802 3906 2894 3958 καὶ
2918 3906 3124 3974 ταύτης
3153 3905 3580 3974 ὑπερτερήσειε,
3632 3904 3710 3971 τῷ
3741 3906 3837 3956 τοῦ
3869 3906 4005 3972 φθό-

2419 4016 2511 4052 νου
2543 3998 2609 4051 ἂν
2633 3997 2831 4066 ὸλίσθῳ
2866 3999 3224 4067 περιπαρείη.
3273 3998 3336 4050 Εί
3370 3999 3426 4050 δὲ
3469 3998 3564 4049 καὶ
3592 3996 3782 4052 τοῦτον
3823 4001 4005 4065 πατήο

2423 4108 2528 4153 σοι,
2560 4091 2660 4143 οὐκ
2689 4090 2754 4143 ἂν
2783 4090 2928 4159 τάχα
2956 4091 3052 4142 καὶ
3077 4088 3254 4158 θυμοῦ
3284 4090 3557 4156 κρείττων
3586 4090 3824 4156 γένοιτο.
3867 4091 4007 4142 Πολ-

2419 4182 2514 4245 λὰς
2540 4185 2636 4236 καὶ
2664 4182 2772 4250 γὰρ
2805 4183 2833 4233 ό
2861 4181 3209 4249 παλαμναῖος
3252 4180 3509 4246 πολέμιος
3559 4181 3637 4249 τῷ
3666 4180 4006 4250 ἀνθρωπίνῳ

2420 4273 2777 4342 γένειτίθησι
2819 4272 2965 4340 μάλα
3013 4273 3114 4333 τὰς
3148 4270 3546 4339 ποδοστράϐαις,
3595 4271 3705 4340 ὅτῳ
3768 4271 3832 4340 δή
3870 4286 4006 4322 ποτε

2419 4368 2530 4420 τῶν
2593 4367 2782 4420 παθῶν
2842 4367 3076 4419 ἕκαστον
3117 4365 3390 4434 ἀγρεῦσαι
3449 4348 3834 4434 τεγνώμενοςο
3907 4366 4006 4416 καὶ

2425 4456 2625 4524 μᾶλλον
2656 4450 2698 4523 ᾧ
2733 4457 2793 4508 ὲκ
2822 4455 3038 4522 φύσεως
3068 4453 3350 4523 ἁλώσιμον
3382 4448 3528 4503 εἶναι
3573 4452 4006 4516 ὑποτοπάσειεν,

2423 4549 2734 4618 ἁποχρῆσαι
2759 4551 2870 4608 τοῖς
2897 4547 2990 4598 τοῦ
3024 4545 3276 4615 σώματος
3304 4544 3503 4597 πάθεσι
3527 4545 3626 4605 τὰς
3655 4545 3795 4596 κατὰ
3823 4543 4010 4612 ψυχὴν

748 4648 992 4709 molitur,
1024 4655 1083 4698 ut
1109 4644 1358 4713 corporis
1409 4643 1860 4713 perpessionibus
1895 4641 1961 4694 ad
2005 4640 2313 4693 animarum
2345 4631 2397 4690 D
2427 4662 2437 4710 ε

2345 4631 2397 4690 D
2427 4642 2596 4710 ῥοπὰς
2634 4639 3054 4709 μηχανώμενος.
3100 4637 3156 4689 '0
3211 4637 3267 4689 δέ
3293 4653 3355 4703 γε
3402 4634 3552 4701 νοῦς,
3580 4636 3742 4703 εἴπερ
3767 4638 4009 4704 ἐγρηγό-

748 4748 1024 4794 momenta
1051 4739 1333 4791 abutatur.
1367 4736 1518 4790 Meus
1553 4744 1734 4787 autem
1764 4733 2007 4787 hominis
2041 4733 2089 4787 si
2125 4731 2320 4786 sedulo

746 4832 1007 4891 excubet.
1037 4830 1224 4884 divino
1256 4828 1551 4900 adiuvante
1593 4828 1842 4888 numine,
1867 4826 2065 4880 victrix
2095 4825 2230 4887 abit,
2267 4832 2323 4877 et

750 4923 1037 4977 machinas
1070 4921 1400 4989 fraudesque
1430 4920 1581 4974 illius
1609 4919 1816 4972 evadit.
1852 4917 1927 4970 De
1957 4917 2194 4970 humana
2222 4931 2320 4968 na-

748 5030 872 5070 tura
902 5029 1027 5068 cum
1085 5025 1293 5082 partem
1324 5027 1544 5082 quoque
1605 5026 1757 5064 suam
1823 5009 2184 5063 admirandus
2219 5009 2322 5060 iste

747 5106 1052 5173 imperator
1085 5104 1414 5173 accepisset,
1434 5101 1752 5156 affectiones
1773 5115 1994 5170 quoque.
2019 5101 2140 5169 ejus
2169 5113 2322 5151 com-

750 5213 946 5252 nnmes
975 5197 1186 5251 habuit.
1217 5198 1311 5250 Irae
1352 5195 1673 5264 enimjus‘ta:
1708 5209 1815 5247 non
1839 5192 2178 5253 moderatus,
2208 5189 2322 5243 olli-

749 5291 836 5340 cio
861 5297 1026 5355 atque
1050 5285 1254 5340 decoro
1278 5287 1500 5348 excidit,
1527 5295 1582 5340 et
1608 5285 1822 5339 facinus
1840 5282 2064 5337 crudele
2092 5290 2148 5336 et
2166 5282 2329 5335 inhu-

752 5396 974 5434 manum
1005 5379 1301 5435 commisit.
1326 5380 1481 5445 Quod
1517 5394 1645 5432 sane
1665 5387 1721 5431 et
1742 5378 1920 5445 ipsum
1951 5391 2046 5443 pro
2071 5391 2137 5430 eo
2161 5385 2328 5442 atque

751 5482 969 5539 potero,
996 5472 1256 5535 referam,
1294 5487 1404 5524 non
1443 5480 1654 5523 tantum
1685 5468 1829 5538 quod
1861 5469 2052 5523 lectori
2101 5469 2152 5520 id
2185 5469 2326 5522 scire

753 5563 1102 5618 conducibile
1133 5564 1226 5627 sit,
1252 5578 1441 5617 verum
1466 5563 1628 5615 etiam
1659 5562 1711 5614 in
1747 5561 1937 5614 eodem
1979 5560 2125 5614 facto
2159 5558 2321 5612 simul

752 5663 809 5706 et
838 5658 1043 5709 crimen
1078 5665 1133 5708 et
1158 5655 1374 5709 laudem
1407 5654 1606 5708 haheat
1639 5655 1902 5722 principis
1936 5653 2163 5712 tanti,id
2192 5653 2321 5721 quid

754 5747 847 5810 sit,
879 5747 1077 5802 dicam.
1112 5746 1253 5801 Urbs
1284 5747 1813 5812 Thessalonicensis,
1855 5747 2069 5800 Achata:
2092 5753 2324 5801 cunctm.

756 5847 812 5892 et
840 5837 1156 5906 Thessaliae,
1180 5839 1395 5912 Illyrico
1427 5845 1524 5896 toti
1559 5853 1798 5908 quoque,
1839 5846 1895 5893 et
1921 5837 2043 5892 aliis
2079 5835 2326 5892 Macedo-

2429 4750 2538 4802 ρως
2569 4731 2703 4800 ἔχοι,
2733 4729 2835 4798 τῆς
2859 4729 3005 4791 θείας
3041 4727 3362 4797 ἀρηγούσης
3421 4727 3599 4796 ῥοπῆς
3635 4728 4008 4793 περιγίνεται,

2425 4825 2534 4877 τῶν
2558 4824 2766 4876 ἐκείνου
2805 4823 3221 4890 μηχανημάτων
3273 4819 3746 4888 ὑπεριπτάμενος.
3783 4816 4012 4880 Φύσεως

2426 4916 2516 4970 οὖν
2545 4918 2893 4984 ἀνθρωπίνης
2950 4914 3044 4965 καὶ
3074 4911 3102 4963 6
3153 4912 3459 4980 θαυμάσιος
3497 4910 3685 4962 οὐτοσὶ
3749 4908 4011 4978 βασιλεὺς

2431 5005 2740 5078 μετασχὼν,
2773 5009 2868 5058 καὶ
2895 5006 3004 5057 τῶν
3038 5003 3241 5070 ταύτης
3271 5001 3604 5068 ἐκοινώνησε
3643 5000 4016 5069 παθημάτων.

2445 5098 2532 5148 Ἐν
2551 5095 2707 5165 θυμῷ
2739 5094 2834 5148 καὶ
2868 5092 2975 5162 γὰρ
3004 5092 3200 5161 δικαίῳ
3235 5093 3304 5160 τῇ
3340 5088 3581 5158 ἀμετρία
3633 5092 4014 5158 χρησάμενος,

2431 5191 2624 5257 ἐξέστη
2660 5189 2758 5257 μὲν
2785 5185 2879 5237 τοῦ
2906 5185 3138 5246 εἰκότος,
3168 5183 3318 5250 ὠμὸν
3340 5182 3400 5233 δέ
3424 5199 3474 5231 τι
3504 5181 3600 5233 καὶ
3635 5181 4018 5248 ἀπάνθρωπον

2430 5281 2765 5351 διεπράξατο
2796 5280 2959 5349 ἔργον
2981 5294 2996 5309 ⁸
3027 5277 3055 5329 ὃ
3081 5277 3147 5346 δὴ
3175 5277 3269 5330 καὶ
3305 5273 3456 5328 τοῦθ’
3486 5275 3562 5336 ὠς
3601 5276 3720 5328 ινὸν
3750 5273 4018 5344 διηγήσο-

2435 5391 2557 5441 μαι,
2582 5373 2644 5424 οὐ
2673 5372 2836 5441 μόνον
2897 5372 2980 5422 ὃτι
3013 5368 3366 5435 λυσιτελήσει
3414 5368 3527 5428 τοῖς
3557 5366 4015 5434 ιντυγχάνουσιν,

2432 5461 2547 5515 ἀλλ’
2576 5461 2770 5526 ὅτιπερ
2796 5461 2854 5510 ὲν
2875 5456 3055 5525 ταυτῷ
3078 5455 3418 5524 κατηγορίαν
3453 5472 3513 5506 τε
3548 5454 3684 5522 ὁμοῦ
3713 5455 3810 5507 καὶ
3838 5457 4018 5523 εὐφη-

2439 5556 2565 5621 μίαν
2616 5554 2728 5620 ἔχει
2786 5549 2879 5601 τοῦ
2925 5547 3242 5616 θαυμαστοῦ
3312 5546 3617 5616 βασιλέωςο
3669 5545 3758 5609 τίς
3788 5547 3849 5599 δέ
3876 5549 4019 5613 ἐστι,

2436 5647 2606 5711 λέξων
2632 5646 2888 5714 ἔρχομαι.
2917 5640 3268 5708 Ιῖροκάθηται
3316 5641 3416 5709 μὲν
3451 5641 3484 5708 ἡ
3535 5639 3822 5692 Θετταλῶν
3856 5641 4018 5703 πόλις

2450 5741 2675 5810 ’Λχηαῖας
2720 5741 2900 5803 πάσης
2941 5737 3035 5786 καὶ
3075 5733 3400 5797 Θεσσαλίας,
3455 5733 3549 5785 καὶ
3579 5734 3680 5799 τῆς
3717 5731 4017 5800 Ἰλλυρίδος

2439 5839 2622 5903 πάσης
2660 5832 2848 5898 αὐτῆς,
2883 5827 2974 5880 καὶ
3009 5826 3183 5880 ἄλλων
3218 5827 3387 5880 ἐθνῶν
3417 5825 3517 5877 ὅσα
3551 5822 3615 5890 δὴ
3667 5823 4016 5888 Μακεδονίας
