4278 6438
275 384 384 448 889

1171 396 1762 464 ECCLESIASTIC.E
1803 406 2183 464 lli5'l‘t)..I.E
2222 408 2362 466 LIB.
2410 406 2545 469 ΧΗ.

3419 405 3526 470 890

273 501 431 592 ἐντός
455 518 467 532 ·
497 502 713 573 μεγάλη
739 504 794 557 δὲ
834 507 951 559 λίαν
991 510 1022 578 ἡ
1066 510 1217 573 πόλις
1265 514 1359 566 καὶ
1393 515 1840 586 πολυάνθρωπος.
1871 523 1918 580 Α
1944 531 1962 572 1

1832 557 1840 572 .
1871 523 1918 580 Α
1944 521 2048 573 nia:
2080 521 2297 590 populis
2362 530 2578 590 praeest,
2645 522 2838 590 ingens
2885 533 2940 576 et
2975 523 3239 592 pepulosa
3267 541 3282 577 :
3333 524 3387 576 in
3421 525 3521 578 hac

287 590 378 678 ξεν
399 592 465 662 δὴ
486 594 660 666 ταύτῃ
686 599 872 660 στάσις
929 601 1164 673 μεγίστη
1191 606 1430 671 ἐγένετο,
1451 609 1630 660 αἰτίαν
1649 610 1850 678 σχοῦσα

271 675 511 740 ξοιάνδε.
588 689 843 762 ῙΗνίοχος
887 694 1218 768 Βουθερίχου
1268 699 1327 764 δς
1389 675 1713 770 τηνικαῦτα
1742 704 1850 754 τῶν

273 778 411 849 παρ’
454 781 738 852 Ἰλλυριοῖς
791 788 978 857 ἠγεῖτο
1035 794 1410 860 στρατιωτῶν,
1473 796 1566 847 τόν
1612 797 1851 866 οἰνοχόον

273 870 524 942 αίσχρῶς
579 875 726 940 ίδὼν,
787 879 1066 949 ἐπείρασε.
1127 885 1420 953 Συσχεθεὶς
1473 887 1530 940 δέ
1554 887 1643 940 διὰ
1669 889 1848 950 τοῦτο,

275 965 385 1018 ὑπὸ
421 972 673 1038 φρουρὰν
717 973 955 1039 ἐγένετο.
1006 975 1163 1029 Ἐπεὶ
1205 977 1253 1031 δ’
1283 980 1555 1049 ἐπίσημος
1587 981 1850 1049 ἱπποδρο-

277 1057 379 1126 μία
408 1061 681 1115 τελεῖσθαι
711 1065 850 1117 κατά
879 1065 975 1134 τὴν
1002 1068 1159 1120 πόλιν
1184 1069 1431 1137 ἔμελλεν,
1461 1075 1489 1123 ό
1539 1072 1713 1142 δῆμος
1740 1073 1853 1126 ἐλι-

275 1152 444 1221 πάρει
504 1154 837 1227 συγγνώμης
901 1162 992 1213 τὸν
1052 1163 1270 1232 ἡνίοχον
1329 1165 1615 1228 ἀξιοῦσθαι
1663 1166 1852 1230 δεξιῶς

275 1245 473 1310 ἔχοντα
509 1248 644 1316 πρὸς
669 1250 726 1301 τὸ
749 1251 931 1320 ἔργον,
971 1255 1060 1306 καὶ
1095 1255 1354 1323 ἀφίεσθαι
1383 1257 1461 1324 τῷ
1503 1258 1700 1320 ἀγῶνι.
1763 1259 1852 1319 Ὡς

271 1339 331 1391 δέ
367 1341 538 1395 πολλὰ
567 1345 849 1413 δεηθέντες
892 1349 1044 1402 ούδέν
1074 1350 1260 1420 ἧνυον,
1301 1356 1382 1416 είς
1441 1354 1708 1424 μεγίστην
1742 1355 1855 1404 ἐκι-

272 1433 465 1485 νοῦντο
503 1437 727 1489 στάσινο
763 1442 856 1492 καὶ
888 1443 1324 1512 χαλεπήναντες,
1377 1446 1608 1508 πολλούς
1657 1462 1715 1498 τε
1745 1449 1852 1499 τῶν

277 1520 582 1584 βασιλικῶν
607 1527 817 1579 ἀνεῖλον
847 1529 1144 1598 ἀρχόντων,
1182 1534 1276 1584 καὶ
1311 1533 1635 1603 Βουθερίχον
1663 1535 1849 1587 αὐτόν.

279 1614 517 1677 Ἀλλους
549 1618 605 1669 Et
647 1617 819 1680 λίθοις
871 1622 1211 1690 κατέχωσαν.
1263 1624 1457 1676 ἔπειτα
1490 1627 1582 1678 καὶ
1616 1625 1853 1694 δημοσίᾳ

275 1709 610 1776 κατέσυρόν.
658 1712 814 1765 Ἐπεὶ
872 1717 1002 1780 γοῦν
1034 1717 1175 1783 ἔγνω
1203 1718 1376 1770 ταῦτα
1410 1723 1435 1770 ό
1468 1719 1745 1788 βασιλεὺς,
1776 1721 1856 1782 είς

275 1802 520 1871 ἄμετρον
564 1803 782 1873 ἀνήφθη
839 1808 1050 1876 όργήν³
1091 1813 1185 1862 καὶ
1215 1810 1313 1862 τοῦ
1346 1810 1519 1881 θυμοῦ
1547 1811 1643 1880 τὴν
1677 1811 1856 1880 ῥύμην

278 1895 356 1962 μὴ
386 1893 647 1961 ἐνεγκὼν,
681 1897 896 1964 παρῆκε
920 1899 1022 1959 τάς
1044 1899 1204 1964 ήνίας
1233 1899 1328 1951 τοῦ
1360 1899 1640 1968 λογισμοῦ,
1669 1901 1765 1952 καὶ
1788 1904 1852 1969 τῇ

274 1990 476 2060 ἀλογίᾳ
516 1991 617 2060 τὴν
647 1990 826 2060 ψῆφον
858 1993 1199 2061 ἐπήνεγκεν·
1259 1992 1293 2063 ἢ
1324 1992 1388 2063 δὴ
1441 1994 1541 2062 τῆς
1589 1994 1857 2062 τοσαύτης

274 2085 465 2145 ἁδείας
513 2085 926 2154 ὲπειλημμένη,
980 2082 1180 2153 οἷάπερ
1220 2086 1520 2156 αὐτόνομος
1572 2087 1853 2154 τύραννος,

274 2177 441 2229 ἄδικα
473 2179 605 2246 ξίφη
639 2175 780 2231 κατά
831 2179 1054 2231 πάντων
1112 2179 1396 2246 ἐγύμνωσε
1424 2194 1439 2209 ·
1490 2180 1582 2231 καὶ
1631 2180 1858 2247 ἀπηνῶς

275 2267 457 2330 οὕτως
485 2269 549 2322 οὐ
579 2269 705 2331 τοὺς
739 2268 1100 2334 ὑπευθύνους,
1156 2269 1290 2321 ἀλλὰ
1322 2273 1415 2321 καὶ
1468 2273 1592 2330 τοὺς
1647 2269 1858 2330 ἀθώους

276 2362 628 2415 ἀποκτείνειν
657 2362 899 2414 ἐκέλευε.
932 2363 1044 2414 Καὶ
1073 2365 1152 2425 είς
1183 2362 1347 2423 ἐπτά,
1380 2361 1454 2423 ώς
1492 2378 1648 2426 φασι,
1683 2360 1860 2429 χιλια-

275 2455 375 2514 δας
407 2453 714 2522 ἀνθρώπιον
762 2455 790 2506 ό
825 2455 985 2521 φόνος
1043 2452 1380 2524 προύχώρει,
1430 2453 1643 2521 ἀμήτου
1700 2452 1858 2520 δίκην

278 2545 391 2597 τῶν
426 2546 848 2615 προστυχόντων
885 2545 1272 2615 θεριζομένων,
1324 2544 1401 2612 μὴ
1450 2544 1685 2608 κρίσεως
1721 2544 1859 2610 μήτε

286 2639 398 2704 μὴν
421 2637 724 2700 ἐξετάσεως
778 2637 1113 2706 ἡγουμένης.
1151 2637 1269 2688 Εἰσὶ
1312 2635 1370 2687 δὲ
1425 2635 1479 2685 οῐ
1531 2649 1664 2703 φασι
1696 2633 1860 2702 ῥητὸν

279 2724 591 2792 προστάξαι
617 2723 820 2794 πλῆθος
844 2725 939 2776 τὸν
973 2722 1204 2791 βασιλέα
1235 2721 1612 2791 ἀναιρεθῆναι.
1648 2719 1862 2772 Ἐντεῦ-

281 2819 379 2870 θεν
402 2819 482 2881 δέ,
515 2813 602 2870 οἷα
625 2818 796 2885 φιλεῖ,
820 2817 917 2870 καὶ
966 2816 1133 2885 μηδὲν
1189 2815 1580 2885 προσηκόντων
1622 2813 1797 2879 φόνων
1825 2811 1860 2880 ὴ

283 2911 446 2973 πόλις
479 2910 833 2978 ἐπίμπλατο·
886 2909 946 2961 οὐ
983 2909 1091 2978 γὰρ
1121 2907 1288 2974 μόνον
1328 2906 1378 2958 oi
1414 2905 1696 2973 ἐγχώριοι,
1724 2902 1862 2955 ἀλλὰ

281 2997 380 3049 καὶ
405 2996 551 3062 ξένοι
578 2997 720 3058 τινὲς
753 2997 1262 3058 καταπλεύσαντες,
1298 2995 1428 3063 παρ’
1454 2993 1645 3046 ἐλπίδα
1682 2995 1862 3044 πᾶσαν

282 3089 557 3142 ἑάλωσαν.
590 3089 700 3141 Καὶ
725 3089 940 3158 θρήνων
966 3087 1092 3152 ἀξια
1125 3088 1416 3154 ἐπεγένετο
1459 3086 1627 3154 πάθη,
1662 3080 1773 3136 οἷον
1797 3085 1859 3151 δὴ

1954 613 2152 666 seditio
2187 614 2418 668 maxima
2443 625 2528 668 est
2549 623 2670 667 orta
2707 615 2806 667 hac
2838 617 2906 669 de
2960 631 3144 669 causa.
3180 616 3238 669 ln
3273 615 3529 670 Butheri-

1953 704 2066 764 chi,
2092 705 2184 772 qui
2220 713 2334 757 tum
2379 706 2711 759 militaribus
2751 706 2803 759 in
2866 707 3081 777 Illyrico
3128 708 3302 777 copiis
3336 708 3531 777 praefe-

1953 809 2075 853 ctus
2095 801 2292 862 fuerat,
2309 801 2625 869 pincernam
2645 803 2832 868 auriga
2850 803 3036 855 oculos
3058 801 3354 872 adjcccrat,
3377 803 3527 872 ejus-

1955 907 2060 959 que
2094 892 2416 960 pudicitiam
2467 903 2720 947 tentarat.
2757 891 2822 944 Et
2851 909 2913 945 ea
2950 894 3016 945 de
3065 909 3226 946 causa
3273 910 3528 961 compre-

1955 983 2182 1045 hensus,
2217 985 2269 1036 in
2299 985 2547 1036 custodia
2584 984 2958 1037 detinebatur.
2993 984 3156 1055 316
3181 985 3315 1039 Cum
3345 997 3528 1040 autem

1958 1077 2170 1144 insigne
2223 1075 2411 1128 curule
2437 1086 2714 1129 certamen
2766 1076 2818 1128 in
2862 1093 2924 1129 ea
2959 1077 3092 1130 urbe
3156 1068 3523 1145 peragendum

1954 1177 2121 1226 esset.
2154 1165 2482 1233 supplicavit
2520 1166 2697 1233 plebs,
2762 1177 2820 1219 ut
2846 1167 3071 1234 aurigze,
3127 1166 3220 1234 qui
3259 1167 3522 1235 singulari

1957 1257 2010 1309 in
2040 1257 2344 1310 certamine
2376 1271 2444 1309 eo
2471 1267 2591 1310 erat
2614 1257 2904 1320 industria,
2938 1258 3121 1311 delicti
3147 1258 3320 1325 gratia
3352 1259 3526 1322 fleret,

1955 1359 2011 1402 et
2048 1350 2094 1402 is
2117 1348 2337 1402 ludicro
2372 1349 2422 1402 ei
2455 1349 2724 1402 interesse
2753 1358 2958 1416 posset.
2989 1349 3094 1403 Ubi
3130 1364 3263 1403 vero
3287 1360 3393 1403 tam
3450 1365 3536 1403 se-

1957 1441 2082 1494 dula
2107 1441 2496 1508 deprecatione
2523 1440 2573 1492 id
2602 1456 2707 1492 nou
2738 1438 3125 1504 impetrarunt,
3146 1440 3212 1494 ad
3235 1442 3531 1494 maximum

1960 1533 2170 1587 incitati
2207 1541 2334 1586 sunt
2378 1532 2696 1586 tumultum.
2753 1531 2857 1584 Per
2911 1532 3249 1586 iracundiam
3295 1549 3533 1601 namque

1958 1626 2249 1692 plerosque
2304 1625 2653 1693 imperatoris
2705 1625 2986 1695 principes
3037 1626 3187 1679 viros
3239 1633 3296 1677 et
3354 1625 3533 1691 ipsum

1956 1713 2345 1767 Butherichum
2369 1725 2655 1770 necarunt.
2676 1716 2823 1768 Alios
2839 1725 3020 1768 autem
3043 1713 3320 1783 lapidibus
3336 1713 3538 1766 obrue-

1961 1812 2108 1866 runt,
2167 1812 2220 1856 et
2260 1813 2442 1870 postea
2479 1805 2643 1857 etiam
2702 1820 2800 1871 per
2827 1803 3071 1872 publicas
3103 1803 3220 1856 vias
3259 1812 3537 1871 raptantes

1961 1903 2264 1948 traxerunt.
2293 1893 2466 1959 Quam
2499 1896 2575 1948 rei
2610 1895 2989 1964 indignitatem
3020 1902 3308 1962 postquam
3360 1893 3537 1960 impe-

1961 1989 2111 2034 rator
2138 1983 2429 2046 intellexit,
2461 1983 2685 2037 immani
2723 1984 2797 2036 ira
2831 1999 3099 2038 accensus
3137 1993 3221 2038 est
3252 1999 3265 2036 :
3307 1991 3363 2037 et
3386 1981 3538 2036 iuro-

1962 2078 2036 2128 ris
2066 2076 2331 2143 impetum
2378 2091 2487 2127 non
2515 2075 2721 2138 ferens,
2748 2075 2979 2128 rationis
3011 2074 3259 2128 habenas
3308 2071 3534 2142 abjecit,

1962 2177 2017 2221 et
2070 2170 2373 2236 appetitum
2429 2169 2641 2222 calculo
2666 2177 2720 2222 et
2752 2169 3025 2221 sententia
3078 2182 3175 2220 sua
3205 2165 3537 2235 comproba-

1965 2261 2059 2313 vit.
2085 2261 2186 2324 Qui
2211 2261 2432 2315 licentia
2465 2269 2611 2313 tanta
2642 2271 2879 2328 recepta.
2908 2261 3072 2314 veluti
3107 2271 3371 2328 tyrannus
3389 2256 3540 2311 arbi-

1964 2352 2068 2404 trio
2116 2365 2217 2404 suo
2253 2352 2468 2419 legibus
2505 2351 2722 2404 solutus
2783 2351 2995 2412 vivens,
3054 2351 3271 2418 gladios
3317 2349 3539 2418 iniquos

1963 2444 2230 2497 adversus
2251 2431 2445 2498 omnes
2476 2444 2721 2508 strinxit,
2762 2455 2817 2497 et
2838 2443 3141 2497 crudeliter
3187 2458 3296 2496 non
3352 2450 3539 2495 sontes

1967 2542 2176 2588 tantum
2219 2536 2387 2601 ipsos,
2417 2550 2606 2590 verum
2656 2535 2908 2588 insontes
2947 2549 3168 2604 quoque
3198 2543 3254 2587 et
3287 2534 3540 2588 innoxios

1963 2628 2149 2680 necari
2177 2627 2364 2696 jussit.
2401 2628 2479 2681 Ad
2508 2639 2720 2695 septem
2752 2628 2923 2680 millia
2949 2628 3236 2680 hominum
3262 2625 3440 2680 caedes
3476 2640 3541 2679 ea

1967 2734 2257 2788 progressa
2292 2735 2415 2774 esse
2453 2720 2676 2784 dicitur,
2715 2736 2822 2773 non
2856 2735 3017 2773 secus
3051 2729 3218 2787 atque
3274 2719 3329 2772 in
3366 2732 3544 2772 messe

1964 2813 2222 2880 quadam,
2253 2811 2403 2866 ferro
2431 2828 2570 2878 quos
2588 2828 2708 2866 sors
2731 2811 3020 2866 obtulisset
3047 2811 3240 2866 obvios
3257 2820 3540 2879 carpente,

1967 2921 2068 2958 nec
2088 2906 2321 2974 judicio,
2349 2920 2449 2958 nec
2465 2906 2768 2972 quaestione
2798 2906 3001 2958 habita.
3034 2904 3176 2958 Sunt
3224 2906 3314 2973 qui
3350 2907 3544 2960 dicunt

1969 2995 2359 3061 imperatorem
2388 3006 2599 3049 certum
2629 2997 2914 3049 hominum
2961 2999 3053 3064 qui
3091 2997 3544 3050 interﬁcerentur

1967 3100 2261 3139 numerum
2291 3087 2571 3140 statuisse.
2630 3074 2870 3141 Proinde
2930 3089 3091 3143 sicuti
3145 3088 3265 3142 ﬁeri
3318 3089 3544 3149 assolet,

283 3186 377 3235 καὶ
415 3183 536 3235 τόδε
558 3197 572 3214 ·
617 3181 878 3252 Ἐμπόρῳ
905 3183 1012 3233 τινὶ
1063 3181 1250 3254 παῖδες
1282 3178 1702 3248 συνελήφθησαν
1734 3177 1860 3229 δύο⁶
1895 3191 1939 3250 C
1971 3192 1972 3229 1

1852 3191 1860 3206 '
1895 3191 1939 3250 ο
1971 3177 2177 3232 factum
2217 3187 2278 3231 ut
2325 3179 2490 3232 etiam
2532 3194 2724 3233 eorum
2753 3180 2846 3248 qui
2875 3195 2903 3233 a
2932 3195 3096 3233 causa
3125 3189 3314 3233 essent
3355 3177 3541 3241 alieni,

283 3275 434 3343 ὑπὲρ
462 3267 539 3327 ὧν
567 3273 895 3343 παραδιδοὺς
928 3273 1144 3334 ἐαυτὸν,
1197 3270 1440 3333 ἐκείνους
1493 3271 1661 3322 ἐδεῖτο
1694 3270 1862 3332 σώζε-

286 3367 455 3420 σθαι·
491 3367 685 3430 μισθὸν
707 3367 786 3430 δὲ,
840 3365 936 3417 καὶ
980 3366 1104 3417 ὅσον
1128 3359 1198 3432 ἦν
1240 3364 1434 3431 ἐκείνῳ
1473 3363 1695 3431 χρυσίον
1727 3377 1862 3427 προ·

286 3462 474 3530 ίσχετο
504 3460 615 3518 τοῖς
654 3456 1041 3525 στρατιώταις.
1101 3458 1163 3510 Οἱ
1196 3455 1241 3508 δ’
1273 3456 1633 3524 ἀπάνθρωποι
1667 3454 1862 3505 ἐκείνοι

284 3556 386 3623 τῆς
418 3554 707 3622 συμφορᾶς
739 3552 1080 3620 ἐλεήσαντες,
1110 3549 1337 3617 θάτερον
1361 3549 1420 3599 ὃν
1445 3547 1510 3600 ἂν
1534 3547 1722 3614 ’ἐληται
1755 3544 1863 3596 τῶν

284 3645 454 3696 υίέων
479 3643 629 3695 λύειν
660 3642 932 3707 ἐκέλευον,
956 3642 1055 3709 τὴν
1089 3641 1302 3692 ἱκεσίαν
1331 3639 1630 3707 δεχόμενοι.
1663 3639 1864 3704 Ἀμφω

285 3741 400 3805 γὰρ
450 3737 689 3802 ἀφιέναι,
746 3736 846 3787 ούκ
908 3732 1189 3784 ἀκίνδυνον
1246 3733 1430 3798 σφίσιν
1480 3730 1744 3793 ἐτίθεντο,
1789 3729 1864 3791 ὼς

286 3828 502 3889 ἐνδεοῦς
530 3826 932 3894 καθισταμένου
956 3824 1051 3876 τοῦ
1077 3824 1337 3893 ἀριθμοῦ.
1363 3822 1474 3889 Τῆς
1501 3823 1556 3876 δε
1591 3821 1865 3889 πατρικῆς

288 3921 510 3989 φύσεως
565 3919 660 3972 καὶ
719 3919 798 3979 εἰς
845 3918 1188 3986 ἀμφοτέρους
1244 3914 1482 3984 ὁρώσης,
1535 3913 1740 3966 κλαίων
1773 3916 1867 3968 καὶ

285 4014 644 4083 ὀδυρόμενος,
676 4010 783 4062 οὐδ’
817 4011 1008 4078 ἐτέρου
1041 4009 1315 4077 διέκρινεν
1348 4008 1582 4074 αἵρεσιν.
1635 4005 1791 4058 Οὕτω
1819 4005 1864 4057 δ’

287 4104 348 4155 ἐν
379 4102 572 4169 ἀπόρῳ
600 4100 1029 4166 καθεστηκότος,
1061 4097 1255 4165 ἐπίσης
1285 4098 1394 4166 γὰρ
1422 4098 1626 4164 ἀμφοῖν
1647 4098 1867 4148 ἐνικᾶτο

284 4195 366 4262 τῷ
399 4195 632 4262 φίλτρῳ,
665 4192 762 4242 καὶ
797 4191 965 4258 ἄμφω
984 4188 1111 4251 τοὺς
1147 4189 1342 4250 παῖδας
1383 4188 1655 4251 ἀπώλεσε,
1688 4188 1866 4256 ξίφεσι

284 4289 399 4339 τῶν
442 4283 795 4354 στρατιωτῶν
825 4281 1288 4350 διαχρησαμένων
1314 4282 1535 4338 αὐτούς.
1585 4281 1747 4333 Ἀλλά
1771 4284 1866 4333 καὶ

284 4379 509 4446 οἰκέτης
547 4376 782 4447 δεσπότῃ
806 4374 996 4441 ἀγαθῷ
1021 4372 1281 4442 τιμωρῶν
1317 4374 1568 4441 ἀγομένῳ
1600 4372 1738 4440 πρὸς
1768 4374 1866 4441 τὴν

289 4469 534 4537 σφαγὴν,
572 4465 767 4519 ἑαυτὸν
796 4467 874 4525 είς
901 4465 1186 4532 ἀναίρεσιν
1229 4462 1528 4529 προθύμως
1561 4464 1754 4514 ἐοὶόου.

1965 3269 2114 3323 czede
2137 3270 2332 3324 civitas
2356 3270 2426 3324 sit
2456 3272 2748 3339 completa.
2775 3271 2891 3325 Non
2918 3271 3068 3326 cives
3095 3274 3242 3324 enim
3273 3280 3327 3325 et
3349 3270 3544 3324 incola:

1967 3370 2205 3422 tantum,
2243 3361 2338 3415 sed
2374 3362 2616 3430 hospites
2645 3362 2833 3425 etiam,
2869 3364 2962 3431 qui
3005 3363 3239 3417 navibus
3261 3376 3329 3415 eo
3369 3375 3545 3430 appu-

1966 3452 2172 3517 lerant,
2200 3463 2400 3522 praeter
2422 3454 2888 3523 exspectationem
2919 3469 3137 3507 omnem
3159 3453 3545 3522 comprehensi

1967 3551 2116 3598 sunt.
2147 3544 2215 3598 Et
2247 3545 2490 3613 profecto
2519 3546 2730 3612 ploratu
2757 3544 2919 3614 digna
2978 3545 3052 3598 ibi
3091 3546 3383 3600 commissa
3414 3555 3546 3607 sunt

1967 3632 2232 3698 facinora,
2269 3636 2430 3703 quale
2457 3643 2542 3689 est
2566 3646 2620 3689 et
2646 3635 2777 3687 illud
2814 3653 2827 3688 :
2893 3636 3215 3690 Mercatoris
3258 3637 3543 3706 cujusdam

1970 3726 2064 3780 lilii
2098 3725 2209 3780 duo
2241 3735 2371 3780 sunt
2397 3727 2562 3794 capti.
2591 3726 2696 3779 Pro
2729 3727 2954 3795 quibus,
3005 3739 3063 3780 ut
3111 3729 3416 3782 incolumes
3468 3730 3548 3782 illi

1968 3826 2322 3873 servarentur
2370 3829 2640 3887 precatus,
2679 3820 2922 3888 seipsum
2979 3824 3043 3873 ad
3079 3832 3269 3873 necem
3313 3821 3546 3875 obtulit:

1967 3912 2320 3979 pretiumque
2356 3921 2619 3979 praeterea
2647 3921 2913 3978 quantum
2956 3914 3072 3965 auri
3117 3914 3364 3976 haberet,
3401 3913 3546 3966 mili-

1971 4002 2120 4055 tibus
2148 4017 2207 4055 se
2234 4001 2490 4056 daturum
2521 4002 2796 4070 pollicitus
2832 4011 2934 4056 est.
2972 4004 3096 4057 Feri
3133 4020 3263 4058 vero
3295 4014 3351 4058 et
3382 4006 3545 4058 inhu-

1970 4099 2116 4151 mani
2138 4098 2236 4163 illi,
2259 4112 2444 4152 casum
2476 4097 2575 4150 viri
2605 4098 2871 4175 miserati,
2924 4099 3155 4151 alterum
3187 4114 3349 4166 quem
3377 4099 3544 4152 vellet

1969 4204 2035 4243 ex
2062 4188 2206 4251 ﬁliis,
2245 4188 2504 4257 precibus
2534 4190 2637 4241 hoc
2670 4189 2787 4257 ejus
2819 4188 3036 4251 dantes,
3067 4190 3340 4242 redimere
3375 4190 3552 4259 jusse-

1971 4287 2120 4333 runt.
2186 4277 2242 4332 Si
2271 4278 2419 4332 enim
2457 4287 2759 4346 utrumque
2822 4279 3187 4341 dimitterent,
3245 4280 3548 4347 periculum

1970 4372 2073 4425 sibi
2114 4371 2246 4440 ipsis
2278 4382 2564 4425 creaturos
2592 4375 2736 4435 e‘sse,
2772 4388 3005 4425 numero
3030 4388 3294 4425 caesorum
3342 4373 3549 4440 aliquid

1971 4464 2294 4520 decedente.
2326 4465 2612 4519 dixerunt.
2638 4463 2774 4518 Cum
2808 4479 2987 4518 autem
3016 4474 3242 4533 paterna
3276 4473 3470 4518 natura
3497 4474 3553 4516 ι·ι

286 4566 469 4633 pietas
519 4563 572 4614 in
631 4570 927 4626 utrumque
972 4565 1322 4625 respectaret,
1393 4556 1532 4610 [lens
1600 4557 1691 4610 ille
1725 4565 1782 4610 et
1816 4556 2143 4624 lamentaus,
2201 4573 2494 4628 quemnam
2561 4575 2630 4614 ex
2665 4569 2896 4628 utroque
2957 4569 3194 4628 optaret,
3257 4560 3554 4616 decernere

286 4673 401 4712 non
439 4655 636 4726 potuit.
674 4655 850 4719 Atque
892 4653 965 4704 ita
998 4650 1166 4704 animi
1214 4651 1504 4720 ambiguus
1547 4649 1858 4719 (utriusque
1895 4652 2042 4705 enim
2108 4667 2175 4705 ex
2234 4667 2393 4720 aaquo
2455 4667 2644 4706 amore
2701 4653 3043 4707 vincebatur)
3078 4661 3376 4721 utcumque
3431 4670 3553 4723 per-

287 4750 452 4811 didit,
491 4746 714 4802 militari
741 4749 886 4799 t'erro
914 4759 1137 4797 caesum.
1175 4743 1280 4798 Sed
1315 4753 1370 4797 et
1420 4758 1613 4797 servus
1642 4743 1863 4811 quidam
1907 4745 2039 4798 hero
2061 4759 2180 4803 suo.
2206 4760 2316 4812 quo
2350 4745 2585 4816 benigno
2616 4761 2750 4800 usus
2775 4748 2971 4811 fuerat,
2996 4761 3120 4800 cum
3163 4749 3210 4801 is
3238 4749 3303 4800 ad
3346 4749 3548 4803 caedem

287 4844 610 4902 duceretur.
645 4852 806 4907 opem
841 4837 1045 4900 ferens,
1081 4836 1322 4905 seipsum
1377 4835 1442 4890 ad
1475 4851 1663 4890 necem
1695 4836 1862 4890 alacri
1903 4837 2089 4889 animo
2119 4836 2345 4891 obtulit.

866 4956 1116 5008 ΚΕΦΑΛ.
1165 4954 1300 5008 MA'.
1897 4959 1943 5013 D

290 5053 436 5120 Περὶ
464 5051 576 5120 τῆς
604 5049 710 5103 τοῦ
730 5049 1078 5120 ἐπισκόπου
1115 5048 1471 5117 Ἀμσροσίου
1505 5051 1865 5120 πσρῤησίας·

363 5118 446 5188 ὦς
476 5118 590 5174 οὐκ
634 5119 825 5184 ἀνῆκε
885 5118 1180 5181 Θεοδοσίῳ
1211 5119 1324 5184 τὴν
1351 5123 1430 5184 εις
1481 5119 1554 5172 τὰ
1580 5122 1706 5174 θεῖα
1731 5124 1874 5174 ἀνά..

364 5207 550 5259 κτορα
595 5190 842 5259 εἷσοδρν
865 5205 879 5219 ο
912 5188 1020 5259 οιαὶ
1052 5189 1184 5253 περί
1220 5188 1328 5241 τοῦ
1359 5190 1548 5256 νόμου
1577 5189 1650 5242 ὃν
1683 5192 1872 5251 ἔθετο.

365 5257 481 5317 καί
513 5262 659 5328 ,περὶ
717 5257 839 5312 τῶν
893 5257 1101 5312 ἄλλων
1148 5259 1335 5312 αὐτοῦ
1367 5261 1780 5327 παραινέσεών
1810 5277 1874 5314 τε

364 5332 466 5386 καί
485 5329 695 5399 ἔργων.

2463 4956 2624 5026 317
2655 4954 2881 5011 CAPUT
2920 4955 3056 5010 xu.

1979 5043 2056 5096 De
2087 5043 2313 5112 episcopi
2340 5045 2599 5098 Ambrosii
2625 5047 2833 5099 dicendi
2858 5057 2909 5099 et
2933 5047 3190 5115 arguendi
3215 5046 3474 5109 libertate,
3495 5057 3554 5100 ut

2050 5115 2390 5168 Theodosium
2418 5115 2482 5167 ub
2503 5118 2744 5184 ingressu
2779 5118 2960 5184 templi
2999 5117 3093 5170 Dei
3117 5119 3436 5181 prohibuerit
3460 5133 3478 5170 :
3503 5130 3550 5170 et

2047 5186 2110 5236 de
2137 5186 2265 5252 lege,
2294 5202 2454 5254 quam
2489 5188 2684 5254 pasuit,
2711 5196 2757 5238 et
2789 5188 2852 5238 de
2881 5188 3002 5240 aliis
3036 5188 3269 5255 ejusdem
3291 5188 3552 5241 Ambrosii

2049 5257 2267 5325 egregiis
2297 5256 2444 5308 (lictis
2485 5266 2531 5308 et
2559 5257 2732 5322 factis.

2052 5440 2199 5494 llanc
2241 5449 2444 5494 tantam
2485 5456 2784 5495 :crumnam
2810 5440 2970 5494 divus
3001 5441 3330 5494 Ambrosius
3358 5441 3551 5497 audie-

1977 5542 2077 5585 rat.
2113 5532 2323 5585 Etcum
2359 5541 2480 5602 post
2515 5533 2806 5587 Maximum
2841 5533 2915 5602 (ί)
2965 5533 3256 5587 devictum
3292 5533 3551 5588 Theodo-

366 5443 481 5514 Τὴν
506 5442 640 5512 γοῦν
673 5441 966 5512 συμφορὰν
997 5439 1203 5509 ταύτην
1261 5440 1589 5511 Ἀμὸρόσιος
1650 5445 1677 5495 ό
1732 5441 1874 5505 θεῖος

299 5535 517 5608 μαθὼν,
545 5535 667 5588 ἐπεὶ
702 5535 841 5605 μετά
869 5536 968 5604 τὴν
999 5535 1265 5602 Εὑγενίου
1295 5534 1452 5603 νίκην
1486 5530 1621 5605 ἧκεν
1650 5537 1726 5598 είς
1761 5537 1876 5588 Με-

371 5699 450 5760 tl)
485 5698 541 5752 In
561 5698 850 5764 Niceplmri
878 5696 1064 5749 Graeco
1087 5696 1378 5762 exemplari
1417 5694 1640 5754 Engenii
1669 5710 1870 5747 nomen
1973 5696 2502 5763 Constantinopolim
2558 5713 2834 5750 reversum
2882 5710 3017 5748 esse.
3075 5696 3395 5764 Ambrosius
3435 5695 3549 5763 epi-

297 5771 542 5838 positum
589 5763 716 5822 esti
768 5769 862 5824 sed
910 5783 1012 5834 ego
1049 5781 1236 5834 proco
1280 5767 1569 5838 Maximum
1632 5766 1872 5829 reposui,
1978 5783 2175 5833 δροίτης
2223 5767 2589 5838 Ἰςίιευιιηςῑιιιιι
2652 5769 2721 5818 ob
2775 5778 2878 5818 tam
2939 5766 3280 5837 tyrannicum
3332 5763 3550 5829 facinus

300 5835 528 5915 propter
599 5852 1028 5901 ροιιειιιιυοιιιιιι,
1097 5840 1186 5891 ubi
1244 5839 1447 5890 dieitur
1505 5835 1870 5889 'l'heouoswm
1977 5838 2177 5908 templo
2216 5837 2503 5893 Mediolani
2539 5839 2799 5892 eat-iudzt.
