4278 6438
729 403 830 466 891

1955 398 1999 452 Ν
2017 399 2202 456 lCEi’l
2218 397 2372 455 IORI
2421 399 2506 456 CA.
2521 399 2761 459 LLISTl

3881 392 3986 456 89?.

726 518 843 571 sius
904 514 1271 570 Mediolanum
1311 514 1572 577 venisset,
1621 525 1675 567 et
1711 515 1764 567 in
1796 516 2083 567 ecclesiam
2148 515 2307 567 sicuti
2340 520 2382 572 Α
2412 542 2415 558 ι

2296 516 2307 566 i
2340 520 2382 572 Α
2412 516 2676 580 διόλανον,
2714 518 2810 569 καὶ
2847 518 2928 579 εἰς
2967 516 3065 585 τὴν
3118 515 3417 583 ἐκκλησίαν
3453 516 3528 578 ὡς
3567 514 3689 579 ἐθος
3734 514 3985 584 εἰσήγετο

726 623 846 662 mos
864 616 966 667 est,
987 613 1268 674 precatum
1293 606 1421 668 iret,
1448 613 1502 658 et
1524 605 1632 673 jam
1661 604 1728 658 ad
1759 603 1904 658 fores
1926 604 2046 671 ejus
2066 606 2304 670 adesset,

726 714 1024 755 occurrens
1041 698 1088 752 ei
1113 699 1453 761 Ambrosius,
1477 706 1532 751 et
1554 713 1792 767 purpura
1810 699 1930 769 ejus
1942 699 2306 769 apprehensa,

725 795 785 846 in
819 791 1173 846 multitudine
1207 790 1410 853 media,
1435 805 1501 844 ne
1519 805 1806 845 sacrarum
1840 791 2036 845 azdium
2063 793 2309 846 vestibu-

723 886 837 941 lum
865 892 1131 953 tangeret,
1158 882 1434 952 prohibet.
1473 882 1719 936 «Resiste
1744 884 1846 952 (1),
1877 882 2093 952 inquit:
2127 885 2303 939 virum

723 979 873 1031 enim
939 977 1239 1043 impurum,
1295 986 1351 1028 et
1420 989 1618 1029 manus
1688 976 1953 1044 sanguine
2029 977 2303 1032 innocenti

722 1072 840 1125 fere
918 1070 1096 1122 adhuc
1135 1068 1423 1136 periniquo
1473 1067 1745 1121 stillantes
1803 1069 2301 1129 circumferentem.

725 1161 810 1213 fas
839 1174 946 1211 non
977 1167 1079 1220 est,
1123 1168 1249 1210 ante
1284 1158 1584 1226 legitimam
1640 1158 1994 1227 debitamque
2031 1162 2304 1228 paeniten-

727 1253 885 1310 tiam,
920 1264 1131 1303 sacram
1162 1249 1370 1317 ingredi
1409 1247 1606 1310 aedem,
1637 1248 2067 1302 autdivinorum
2099 1261 2304 1320 myste-

723 1344 934 1396 riorum
971 1342 1290 1410 participem
1320 1342 1459 1394 ﬁeri.
1493 1341 1710 1395 Videris
1737 1344 1882 1396 enim
1921 1345 2080 1406 milii,
2106 1359 2138 1396 0
2203 1345 2304 1397 im-

723 1445 962 1502 perator,
994 1449 1100 1485 non
1127 1434 1476 1487 considerare
1495 1434 1679 1486 animo
1714 1443 1922 1488 tantum
1956 1446 2033 1489 tot
2068 1437 2301 1490 caedium

732 1525 938 1579 scelus.
971 1525 1159 1594 Neque
1197 1534 1488 1594 postquam
1527 1526 1619 1580 ira:
1657 1525 1808 1580 furor
1841 1526 2139 1586 deferbuit.
2163 1530 2304 1581 ratio

726 1617 842 1685 ipsa
887 1627 1096 1670 tantum
1147 1617 1655 1686 agnoscitfacinus.
1692 1618 1943 1674 Fortasse
2001 1619 2302 1688 imperialis

725 1719 975 1779 potestas
1005 1709 1402 1779 impedimento
1437 1711 1533 1763 tibi
1559 1721 1664 1775 est,
1699 1712 1994 1778 quominus
2017 1722 2299 1782 peccatum

726 1803 1030 1870 perspicias
1056 1819 1068 1854 :
1102 1811 1159 1856 et
1189 1802 1357 1856 veluti
1386 1804 1563 1859 nubes
1593 1804 1842 1872 quaidam
1874 1807 2118 1873 potentia
2152 1815 2300 1860 tanta

723 1895 924 1946 rationi
952 1895 1165 1964 objecta
1195 1904 1301 1950 est.
1357 1896 1464 1951 Sed
1523 1912 1758 1967 peropus
1796 1907 1902 1962 est,
1961 1909 2212 1953 naturain
2246 1910 2325 1953 te

724 1995 869 2039 tuam
922 1987 1048 2041 fatis
1087 1989 1401 2051 obnoxiam,
1437 1999 1496 2042 ut
1551 1990 1765 2044 scilicet
1811 1992 2018 2045 caduca
2051 1993 2210 2045 simul
2244 2001 2299 2046 et

722 2079 866 2133 ﬂuxa
897 2083 984 2140 sit.
1013 2091 1067 2135 et
1089 2083 1297 2135 avitum
1321 2091 1487 2152 atque
1511 2098 1540 2137 a
1561 2084 1740 2152 primo
1769 2095 1993 2153 parente
2013 2099 2296 2155 acceptum

723 2171 1029 2238 pulverem,
1065 2189 1130 2226 ex
1161 2189 1271 2241 quo
1296 2174 1666 2235 constitimus,
1711 2185 1767 2229 et
1803 2177 1860 2228 in
1915 2192 2080 2245 quem
2140 2178 2296 2231 brevi

723 2263 1038 2319 difﬂuentes
1064 2276 1431 2332 revertemur,
1470 2268 1860 2322 considerare:
1902 2284 2002 2323 nec
2042 2286 2299 2338 purpura:

723 2355 880 2414 ﬂore.
914 2358 1006 2426 qui
1053 2358 1359 2412 luminibus
1401 2359 1603 2413 mentis
1632 2359 1819 2423 omcit,
1878 2361 1932 2413 in
1965 2361 2298 2417 oblivionem

723 2450 844 2518 ejus
877 2467 1038 2518 quam
1075 2451 1163 2503 illa
1201 2452 1411 2517 obtegit
1471 2454 1726 2519 corporis
1774 2453 2170 2508 imbecillitatis
2205 2457 2301 2509 ad-

725 2540 877 2596 duci.
909 2541 1158 2608 Agncsce
1196 2542 1386 2611 igitur,
1419 2552 1472 2596 te
1504 2544 1748 2613 ejusdem
1790 2559 2000 2600 naturae
2028 2556 2083 2600 et
2112 2547 2302 2600 condi-

725 2634 894 2688 tionis
965 2633 1307 2698 liominibus,
1391 2645 1556 2704 atque
1627 2636 1762 2689 adeo
1832 2640 2116 2692 conservis
2193 2640 2302 2693 tuis

725 2721 1018 2788 imperare.
1042 2722 1364 2776 Communis
1385 2724 1532 2776 enim
1557 2724 1803 2779 omnium
1830 2726 2090 2782 dominus
2119 2738 2172 2782 et
2201 2730 2304 2782 im-

724 2824 948 2881 perator
974 2821 1057 2867 est
1091 2829 1275 2866 rerum
1307 2813 1576 2868 Conditor
1646 2817 2054 2874 universarum.
2091 2822 2302 2884 Quibus

723 2919 858 2956 vero
875 2905 1120 2957 divimnn
1150 2905 1456 2959 intueberis
1481 2907 1659 2960 oculis
1690 2909 1952 2975 templum
1978 2910 2001 2961 ’ί
2031 2909 2298 2974 Qualibus

726 2994 960 3062 pedibus
1011 3004 1262 3047 sanctum
1309 2994 1442 3048 illud
1474 2995 1715 3050 calcabis
1763 2997 1984 3050 solum?
2015 3000 2300 3062 Quomodo

727 3099 922 3139 manus
960 3083 1211 3148 extolles,
1243 3099 1364 3153 quae
1411 3085 1559 3139 caede
1603 3084 1786 3153 iniqua
1828 3087 2126 3141 diﬂluunt?
2159 3089 2307 3156 Quo-

2412 607 2698 674 εὔξασθαι,
2731 608 2828 662 καὶ
2854 609 2991 677 πρὸς
3015 611 3136 670 ταῖς
3167 608 3360 678 θύραις
3395 607 3632 674 ἐγένετο,
3669 606 3988 674 ὑπαντήσας

2423 701 2773 772 Ἀμδρόσιος,
2793 703 2891 756 καὶ
2916 703 3016 771 τῆς
3041 701 3364 772 ἁλουργίδας
3383 700 3683 770 λαϐόμενος
3710 700 3803 752 ἐπὶ
3835 701 3989 771 μέσῳ

2408 788 2484 859 τῷ
2515 795 2730 863 πλήθει,
2753 794 2862 847 τῶν
2894 795 3056 864 ἱερῶν
3075 794 3378 847 ἐπιϐαίνειν
3408 792 3704 863 προθύρων
3724 791 3982 845 ἐκώλυεν*

2417 906 2434 938 ι
2488 887 2768 955 Ἐπίσχες,
2793 887 3019 952 φάσκων
3043 901 3058 918 ο
3084 887 3306 955 ἀνάγνῳ
3330 885 3440 954 γὰρ
3466 885 3657 954 χεῖρας
3690 883 3867 953 ἀνδρὶ,
3893 883 3989 935 καὶ

2409 980 2642 1048 αἵματος
2674 980 3001 1044 σταζούσας,
3051 978 3239 1049 σχεδὸν
3289 977 3450 1035 ἄδικα
3497 976 3872 1047 περιφέροντι,
3912 976 3990 1046 μὴ

2409 1071 2630 1137 θεμιτὸν
2657 1065 2799 1122 εἶναι
2834 1070 2942 1137 πρὸ
2993 1070 3094 1137 τῆς
3155 1068 3467 1138 ἀνηκούσης
3532 1066 3827 1134 μετανοίας
3877 1066 3988 1120 τῶν

2411 1160 2574 1227 ἱερῶν
2599 1159 2902 1212 ἐπιϐαίνειν
2925 1157 3118 1221 ούδῶν,
3145 1157 3178 1229 ἢ
3237 1157 3557 1226 μυστηρίων
3607 1154 3768 1208 θείων
3791 1171 3989 1207 κοινω-

2409 1252 2497 1302 νὸν
2527 1251 2780 1319 ὁρᾶσθαι.
2820 1251 3046 1312 Ἔοικας
3087 1251 3196 1319 γάρ
3251 1266 3366 1317 μοι,
3397 1243 3441 1300 ὦ
3499 1246 3746 1316 βασιλεῦ,
3781 1246 3906 1316 μηδ’
3932 1248 3989 1298 ἐν

2407 1341 2481 1408 νῷ
2518 1340 2700 1407 βαλεῖν
2729 1340 2790 1392 τὸ
2831 1339 3088 1392 τοσοῦτον
3137 1341 3235 1408 τῆς
3270 1337 3590 1407 μιαιφονίας
3632 1337 3817 1406 ἔργον,
3853 1335 3991 1404 μηδὲ

2405 1431 2483 1501 τῷ
2514 1432 2672 1500 θυμῷ
2693 1431 2939 1500 λήγοντι,
2978 1431 3072 1484 τὸν
3104 1429 3368 1499 λογισμὸν
3421 1428 3724 1495 ἐπιγνῶναι
3757 1428 3816 1480 ei;
3871 1425 3994 1478 τόλο

2409 1543 2586 1594 μημα.
2630 1527 2790 1586 Ἴσως
2821 1523 2930 1591 γὰρ
2958 1525 2987 1593 ή
3025 1522 3279 1592 βασιλικὴ
3306 1520 3604 1575 δυναστεία
3628 1520 3883 1586 ἐμποδῶν
3907 1537 3993 1572 σοι

2406 1618 2731 1670 καθίσταται
2759 1617 2822 1670 τὸ
2849 1617 3162 1686 ἁμάρτημα
3202 1616 3435 1668 συνιδεῖν
3462 1629 3477 1645 ο
3505 1610 3592 1666 οἷα
3621 1613 3732 1682 γάρ
3762 1630 3847 1676 τις
3902 1630 3993 1664 νε-

2405 1710 2542 1776 φέλη
2575 1710 2610 1772 ἡ
2657 1708 2877 1774 ἐξουσία
2908 1707 2983 1777 τῷ
3041 1708 3121 1778 σῷ
3175 1708 3455 1760 ἐπίκειται
3501 1706 3774 1774 λογισμῷ.
3830 1705 3994 1757 Ἀλλὰ

2405 1801 2586 1870 χρεὼν
2627 1803 2684 1853 ἐν
2734 1801 2808 1869 νῷ
2863 1800 3049 1854 λαὸεἴν
3079 1801 3139 1853 τὸ
3172 1802 3271 1869 τῆς
3315 1804 3416 1870 σῆς
3453 1801 3723 1870 ἐπίκηρον
3749 1800 3992 1868 φύσεως,

2407 1896 2501 1946 καὶ
2533 1893 2608 1956 ὡς
2639 1893 2806 1962 θνητή
2863 1909 2918 1944 τε
2949 1891 3067 1961 διμα
3108 1892 3204 1944 καὶ
3255 1892 3478 1962 ῥέουσα,
3525 1891 3619 1944 καὶ
3649 1891 3741 1943 τὸν
3769 1892 3994 1959 προπά-

2410 2001 2543 2054 τορα
2577 1984 2726 2053 χοῦν,
2771 1985 2830 2047 ἐξ
2862 1978 2922 2038 οὖ
2958 1984 3399 2053 συνεστήκαμεν,
3437 1984 3531 2036 καὶ
3560 1986 3640 2045 είς
3668 1983 3726 2035 ὃν
3760 1983 3824 2034 οὐ
3855 1983 3997 2051 μετα

2410 2075 2545 2128 πολὺ
2608 2074 3050 2144 διαρῤεύσομενο
3109 2074 3203 2125 καί
3257 2073 3331 2142 μή
3386 2073 3464 2142 τῷ
3515 2074 3614 2140 τῆς
3671 2071 3996 2141 άλουργίδος

2409 2170 2560 2222 ἄνθει
2592 2167 2782 2237 ὥσπερ
2818 2166 3244 2236 ἐπιπροσθοῦντι
3272 2168 3353 2229 είς
3394 2167 3567 2234 λήθην
3592 2167 3774 2235 ἥκειν,
3807 2159 3869 2217 οὗ
3897 2182 3998 2216 κα·-

2411 2261 2602 2314 λύπτει
2641 2263 2891 2331 σώματος
2924 2260 3024 2330 τὴν
3055 2261 3366 2313 ἀσθένειαν.
3394 2257 3573 2311 Γνῶθι
3595 2257 3777 2311 τοίνυν
3803 2257 3877 2320 ὡς
3903 2259 3994 2309 ἀνα

2410 2351 2646 2416 θρώπων
2667 2353 2858 2422 ἄρχεις
2890 2351 3146 2421 ὁμοφυῶν
3177 2369 3235 2404 τε
3286 2351 3382 2404 καὶ
3413 2351 3744 2420 ,ὁμοδούλων
3764 2367 3778 2381 ·
3812 2350 3995 2412 κοινὸς

2411 2443 2518 2512 γὰρ
2551 2445 2807 2497 ἁπάντων
2855 2444 3123 2515 δεσπὸτης
3173 2446 3266 2497 καὶ
3321 2444 3582 2513 βασιλεὺς
3615 2447 3642 2496 ὁ
3689 2444 3804 2496 τῶν
3858 2442 4000 2496 ὅλων

2412 2537 2780 2605 Δημιουργός.
2812 2537 3001 2589 Τοίνυν
3030 2540 3206 2600 ποίοις
3239 2538 3544 2606 ὀφθαλμοῖς
3572 2538 3666 2589 τὸν
3698 2536 3844 2590 θεῖον
3874 2537 4000 2606 ὕψει

2413 2631 2586 2693 νεών;
2640 2630 2775 2681 Ποσὶ
2827 2629 2884 2682 δὲ
2915 2630 3090 2693 ποίοις
3147 2631 3208 2683 τὸ
3243 2631 3479 2684 δάπεδον
3510 2633 3690 2684 ἐκεῖνο
3726 2632 3999 2700 πατήσεις

2411 2721 2474 2771 τὸ
2499 2720 2688 2785 ἇγιον;
2724 2721 2844 2782 Πῶς
2873 2722 2928 2774 δὲ
2953 2724 3044 2776 καὶ
3071 2724 3260 2792 χεῖρας
3289 2724 3467 2791 ἀρεῖς,
3499 2724 3591 2776 τὸν
3618 2724 3804 2776 ἄδικον
3834 2725 4000 2791 φόνον

2414 2813 2827 2882 ἀπορῤεούσαςς
2874 2814 2996 2874 Πῶς
3043 2815 3101 2866 δὲ
3146 2817 3241 2867 καὶ
3281 2815 3342 2867 τὸ
3383 2815 3526 2868 θεῖον
3578 2816 3672 2867 τοῦ
3719 2819 4004 2869 Δεσπδτου

2417 2907 2577 2975 σῶμα
2612 2906 2839 2966 ταύταις
2869 2907 3158 2974 ὲνθήσεις;
3188 2905 3312 2966 Πῶς
3337 2905 3395 2957 δὲ
3431 2908 3522 2959 καὶ
3553 2908 3614 2959 τὸ
3643 2907 3830 2976 τίμιον
3857 2902 4004 2976 αἷμα

2418 2999 2731 3067 προσοίσεις
2756 2998 2833 3066 τῷ
2868 2998 3119 3066 στόματι,
3152 2997 3222 3050 δι’
3249 2989 3310 3050 οὗ
3344 2997 3504 3067 θυμῷ
3541 2997 4003 3070 βουκολούμενος,

2421 3089 2679 3144 τοσοῦτον
2703 3085 2842 3160 αἷμα
2860 3091 3086 3159 ἐξέχεας
3105 3107 3122 3153 ;
3144 3090 3310 3158 Στῆθι
3327 3091 3511 3143 τοίνυν
3536 3091 3614 3152 ὡς
3639 3093 4003 3163 πορρωτέρω,

727 3171 893 3226 modo
915 3173 1080 3226 etiam
1115 3173 1365 3226 divinum
1399 3171 1614 3227 Domini
1670 3189 1875 3242 corpus
1900 3176 1982 3229 eis
2010 3177 2300 3247 excipies?
2333 3218 2378 3278 α
2415 3204 2416 3209 η

2333 3218 2378 3278 c
2415 3186 2512 3235 καὶ
2548 3184 2622 3250 μή
2655 3182 2856 3248 διπλῆν
2885 3184 3033 3235 ποίει
3065 3180 3250 3251 σαυτῷ
3275 3182 3369 3235 καὶ
3399 3182 3752 3251 μακροτέραν
3775 3186 3876 3249 τὴν
3902 3202 4008 3235 πα-

727 3261 1014 3328 Quomodo
1032 3262 1356 3332 sanguinem
1378 3263 1681 3332 pretiosum
1715 3265 1783 3317 ad
1818 3279 1883 3319 os
1937 3265 2157 3332 all'eres,
2207 3283 2305 3336 per

730 3355 877 3423 quod
911 3355 987 3407 ira
1013 3355 1365 3408 transversim
1393 3365 1568 3421 actus,
1629 3365 1842 3410 tantum
1887 3359 2133 3414 eﬂudisti
2184 3377 2309 3414 san-

732 3448 946 3516 guinis?
979 3447 1153 3514 Quam
1190 3448 1512 3518 longissime
1548 3449 1716 3518 igitur
1745 3451 1972 3518 absiste,
2001 3468 2180 3523 neque
2212 3454 2309 3509 tibi

733 3537 836 3605 ipsi
913 3545 1200 3606 peccatum
1270 3539 1596 3609 adaugendo
1677 3540 2020 3608 iniquitatem
2099 3544 2312 3598 condu-

732 3629 877 3697 plica
898 3629 998 3698 (9.).
1039 3630 1330 3684 Vinculum
1361 3640 1545 3685 autem
1577 3632 1724 3700 quod
1757 3633 1902 3687 Deus
1954 3635 2171 3690 coalitus
2199 3637 2312 3690 cal-

733 3721 861 3774 culo
925 3737 1024 3775 suo
1055 3723 1459 3790 comprobavit,
1503 3725 1742 3793 suscipe,
1778 3725 1926 3794 quod
1953 3726 2051 3780 tibi
2101 3727 2313 3782 incolu-

733 3813 981 3867 mitatem
1043 3829 1232 3866 veram
1324 3814 1710 3868 conciliabit.»
1765 3815 2068 3884 Imperator
2126 3826 2311 3871 autem

729 3905 996 3960 antistitis
1027 3906 1247 3959 dicendi
1280 3906 1597 3960 libertatem
1621 3906 1952 3972 admiratus,
1987 3909 2175 3964 verbis
2194 3911 2313 3978 ejus

730 3999 922 4062 cessit;
945 4014 1068 4051 nam
1086 4000 1140 4052 in
1166 3998 1369 4053 divinis
1397 3998 1611 4068 legibus
1635 3999 2115 4068 educatusfuerat,
2135 4013 2316 4058 certo-

728 4106 837 4159 que
868 4091 1095 4153 sciebat,
1129 4105 1377 4160 quamam
1434 4091 1860 4160 imperatorum,
1898 4093 2064 4162 318
2092 4101 2150 4148 et
2191 4110 2313 4162 quae

729 4189 898 4236 etiam
926 4183 1313 4251 episcoporum
1348 4193 1543 4237 essent
1564 4183 1773 4236 munia.
1809 4184 1875 4238 Et
1903 4185 2312 4254 cogitabundus

729 4272 1077 4341 aliquandiu,
1109 4289 1235 4327 cum
1266 4273 1544 4343 lacrymis,
1569 4275 1912 4343 paenitentiae
1927 4277 2135 4331 aculeis
2149 4277 2310 4340 ictus,

731 4366 786 4418 iu
816 4365 1020 4432 regiam
1048 4375 1131 4418 est
1157 4381 1434 4421 reversus.
1470 4365 1540 4419 Et
1562 4376 1686 4420 octo
1715 4367 1994 4421 continuis
2025 4367 2314 4422 mensibus

730 4458 957 4527 elapsis,
1015 4459 1247 4513 illustris
1314 4461 1590 4514 Natalium
1635 4459 1839 4516 Christi
1896 4461 2120 4516 advenit
2169 4463 2311 4525 dies,

2409 3266 2701 3343 ’ρανομίαν.
2737 3273 2906 3342 Δέχου
2933 3272 2990 3326 δὲ
3017 3273 3108 3326 τὸν
3135 3273 3361 3341 δεσμὸν,
3393 3268 3438 3341 ᾧ
3469 3273 3605 3337 Θεὸς
3638 3275 3849 3329 ἄνωθεν
3904 3277 4007 3343 τὴν

2411 3366 2592 3435 ψῆφον
2628 3367 2934 3435 ἐπήνεγκεν
2957 3381 2972 3395 ο
3030 3364 3268 3435 ἀληθοῦς
3302 3365 3348 3418 δ’
3383 3366 3596 3432 ὑγιείας
3650 3368 3841 3421 οὑτοσὶ
3870 3371 4010 3436 προ-

2416 3457 2584 3523 ξενος.
2632 3476 2651 3509 ι
2701 3457 2760 3509 '0
2788 3457 2845 3510 δὲ
2904 3456 3164 3525 βασιλεὺς
3212 3457 3306 3509 τὸν
3370 3459 3527 3527 ίερία
3558 3459 3855 3526 Θαυμάσας
3901 3461 4006 3528 τῆς

2414 3552 2754 3621 παρρησίας,
2780 3555 2874 3604 καὶ
2898 3553 3012 3613 τοῖς
3043 3550 3225 3616 λόγοις
3255 3551 3406 3616 εἴξας
3431 3570 3445 3584 ο
3480 3552 3648 3616 θείοις
3674 3556 3784 3623 γὰρ
3813 3555 4007 3623 νόμοις

2413 3642 2742 3711 ἐτέθραπτο,
2776 3644 2872 3695 καὶ
2909 3641 3098 3709 σαφῶς
3119 3641 3239 3712 ᾔδει
3278 3641 3398 3695 τίνα
3431 3644 3530 3712 μὲν
3555 3644 3849 3712 βασιλέων,
3881 3648 4008 3697 τίνα

2413 3736 2470 3789 δὲ
2507 3736 2700 3805 ἱερέων
2729 3736 2797 3788 τὰ
2827 3735 2936 3788 ἴδια
2957 3749 2971 3764 ·
3013 3734 3243 3796 σύννους
3271 3735 3506 3787 ἐπιπολὺ
3534 3735 3632 3788 καὶ
3664 3734 4010 3806 δεδακρυμέ-

2415 3842 2504 3890 νος
2527 3829 2640 3888 τοῖς
2673 3827 2772 3892 τῆς
2798 3825 3091 3893 μετανοίας
3115 3824 3367 3892 κέντροις
3407 3826 3762 3891 νυττόμενος,
3798 3827 3879 3886 είς
3937 3826 4009 3877 τὰ

2417 3915 2667 3984 βασίλεια
2700 3913 3180 3983 καθυπέστρεφεν.
3228 3913 3405 3967 Ὀκτὼ
3432 3912 3478 3962 δ’
3505 3912 3708 3981 ἐφεξῆς
3740 3927 4010 3982 παρῳχη-

2414 4006 2589 4059 κότων
2621 4005 2832 4075 μηνῶν,
2862 4008 2895 4073 ἡ
2930 4005 3240 4076 περιφανὴς
3272 4005 3382 4058 τῶν
3413 4004 3715 4056 Γενεθλίων
3763 4002 4008 4072 Χριστοῦ

2415 4098 2717 4152 κατέλαϐεν
2751 4099 2934 4168 ἑορτή.
2995 4099 3054 4150 '0
3088 4098 3146 4151 δὲ
3176 4098 3420 4166 κρατῶν,
3447 4098 3507 4150 ὲν
3558 4099 3671 4160 τοῖς
3703 4096 4010 4165 βασιλείοις

2414 4191 2678 4258 καθῆστο,
2700 4189 3101 4260 ὀλοφυρόμενός
3144 4205 3205 4242 τε
3240 4194 3335 4243 καὶ
3367 4188 3622 4258 δακρύων
3657 4188 3842 4241 λιϐάσι
3875 4203 4010 4241 κατ-

2415 4283 2667 4350 αρδεύων
2707 4283 2768 4335 τὸ
2802 4283 3115 4351 πρόσωπον.
3163 4283 3322 4335 Οὕτω
3362 4281 3407 4335 δ’
3440 4282 3635 4351 ἔχοντα
3664 4280 4010 4350 θεασάμενος

2427 4371 2712 4440 Ῥουφῑνος
2733 4375 2760 4424 ὁ
2790 4373 3118 4442 μάγιστρος,
3149 4372 3291 4442 ὑπὲρ
3312 4371 3563 4434 ἅπαντας
3591 4371 3909 4439 τιμώμενος
3945 4375 4008 4441 εκ

2418 4462 2714 4530 συνηθείας
2742 4463 2820 4532 τῷ
2856 4463 3093 4532 βασιλεῖ,
3129 4464 3318 4533 ἠρέμα
3350 4463 3596 4532 προσιὼν
3629 4465 3690 4515 τὸ
3735 4462 3848 4515 τῶν
3910 4465 4006 4516 δα-

731 4559 893 4619 atque
914 4551 1211 4620 imperator
1238 4552 1293 4606 in
1325 4552 1706 4622 imperialibus
1725 4554 1939 4608 aedibus
1971 4554 2202 4609 sedebat
2227 4555 2312 4608 la-
2346 4556 2420 4611 D:

2346 4556 2389 4611 D
2415 4556 2598 4625 κρύων
2637 4556 3043 4609 ἀνεπυνθάνετο
3073 4557 3269 4610 αίτιον.
3302 4556 3364 4608 '0
3403 4555 3448 4608 δ’
3481 4558 3546 4607 ἐκ
3588 4554 3787 4625 βάθους
3828 4555 4008 4624 βίαιόν

733 4655 1007 4705 meutans.
1041 4653 1095 4698 et
1128 4645 1495 4716 laerymarum
1546 4647 1782 4702 humore
1835 4648 2029 4702 faciem
2097 4648 2308 4717 rigans.

732 4736 906 4801 Quem
963 4737 1021 4790 in
1059 4748 1214 4794 tanto
1247 4740 1397 4795 luctu
1440 4741 1626 4796 vivere
1654 4741 1748 4796 ubi
1795 4740 2027 4796 Ruﬁnus
2054 4742 2316 4810 magister

735 4833 908 4894 (hunc
954 4843 1135 4886 autem
1164 4848 1329 4901 supra
1363 4833 1501 4888 alios
1532 4849 1726 4888 omnes
1766 4834 1857 4888 ille
1886 4844 2115 4904 propter
2145 4835 2312 4889 lami-

732 4929 926 4983 liarem
987 4929 1447 4984 consuetudinem
1506 4927 1832 4995 honorabat)
1893 4927 2051 4990 vidit,
2092 4928 2310 4997 placide

733 5023 800 5076 ad
831 5037 956 5076 eum
990 5023 1243 5084 accessit,
1270 5031 1328 5075 et
1353 5021 1718 5091 laerymarum
1740 5034 1960 5074 causam
1988 5021 2307 5088 inquisivit.

735 5116 796 5168 Et
830 5116 942 5178 ille,
962 5116 1126 5177 altius
1142 5115 1451 5168 vehementi
1474 5123 1528 5168 et
1549 5113 1662 5168 acri
1693 5113 1860 5168 ducto
1881 5114 2146 5182 suspirio,
2177 5129 2310 5180 pro-

735 5207 896 5260 lixius
926 5205 1096 5260 ﬂevit.
1132 5206 1340 5261 Deinde
1370 5205 1438 5260 ad
1463 5205 1616 5259 illum
1642 5220 1982 5260 conversus:
2027 5225 2046 5257 ι
2073 5205 2154 5258 Tu
2184 5205 2310 5273 qui-

734 5298 881 5358 dem,
939 5295 1137 5366 inquit,
1210 5295 1432 5359 Ruﬁne,
1487 5294 1632 5349 ludis
1687 5313 1700 5348 :
1774 5309 2115 5363 nequaquam
2169 5297 2313 5347 enim

737 5391 1003 5443 malorum
1037 5404 1286 5443 meorum
1314 5403 1510 5442 sensus
1536 5387 1603 5441 ad
1631 5397 1683 5441 te
1737 5386 2007 5456 pervenit.
2058 5386 2188 5439 Mihi
2216 5401 2316 5438 au-

737 5493 845 5535 tem
908 5497 1007 5534 cur
1039 5496 1249 5551 gemam
1303 5490 1359 5534 et
1407 5480 1644 5548 lugeam,
1707 5493 1887 5532 causa:
1935 5486 2172 5540 exstant,
2224 5477 2317 5545 qui

739 5582 949 5626 tantam
982 5588 1105 5642 quze
1141 5571 1274 5626 mihi
1298 5571 1518 5634 accidit,
1556 5583 1859 5624 aerumnam
1883 5569 2139 5623 sentiam.
2173 5569 2320 5633 Quo-

740 5667 903 5721 modo
935 5679 1064 5719 vero
1097 5680 1198 5735 ego
1229 5678 1336 5718 non
1371 5663 1600 5733 aﬂligar,
1627 5677 1751 5716 cum
1791 5659 1967 5716 servis
1999 5670 2052 5714 et
2102 5659 2316 5714 mendi-

812 5779 1049 5905 (l)“l)lanc
1097 5777 1265 5833 verba
1314 5777 1680 5833 Tlieodoritus
1725 5791 1833 5830 non
1890 5775 2073 5838 habet,
2134 5775 2225 5830 ltb.
2259 5791 2308 5837 v,

812 5871 859 5905 ll.
963 5891 974 5905 .

740 5870 859 5923 cup.
893 5870 974 5905 ιυ.

2409 4666 2463 4702 τι
2489 4651 2584 4702 καὶ
2611 4650 2971 4718 σφοδρότερον
3001 4648 3338 4717 ἀνοιμώξας,
3377 4650 3705 4717 συχνὸτερον
3738 4648 4007 4718 κατέρρει

2411 4741 2471 4794 τὸ
2499 4741 2771 4811 δάκρυον·
2817 4742 3080 4809 καὶπρὸς
3134 4742 3344 4792 ἐκεῖνον
3383 4740 3675 4809 στραφεὶς,
3713 4757 3731 4789 ι
3775 4739 3850 4790 Σὺ
3882 4740 4005 4806 μὲν,

2410 4831 2536 4899 ἐφη,
2582 4829 2849 4898 Ῥουφῖνε,
2878 4830 3094 4894 παίζεις
3115 4844 3130 4860 ’
3161 4827 3419 4897 αἴσθησις
3451 4827 3560 4895 γάρ
3595 4843 3680 4880 σοι
3713 4827 3824 4878 τῶν
3851 4828 4007 4896 ἐμῶν

2409 4921 2602 4975 δεινῶν
2632 4921 2886 4990 οὐδαμῶς
2913 4936 2926 4948 '
2960 4921 3084 4986 ἐμοὶ
3129 4918 3187 4972 δὲ
3245 4920 3454 4971 στένειν
3486 4919 3578 4971 καὶ
3630 4917 4006 4986 ὀλοφύρεσθαι

2420 5015 2709 5084 πάρεστιν,
2750 5013 3203 5082 ἐπαισθανομένῳ
3234 5013 3443 5081 σφόδρα
3487 5011 3589 5080 τὴν
3622 5011 4004 5077 ἐπεισφρήσα-

2425 5119 2524 5156 σαν
2554 5102 2861 5172 συμφοράν.
2900 5103 3009 5154 Καὶ
3044 5101 3162 5164 πῶς
3213 5104 3323 5170 γὰρ
3349 5101 3448 5152 οὐκ
3490 5101 3548 5150 ἐν
3571 5099 3764 5161 δεινοῖς
3800 5099 4002 5167 ἔγωγε,

2421 5197 2619 5263 ὅτιπερ
2650 5196 2766 5256 τοῖς
2794 5194 2895 5262 μὲν
2925 5193 3167 5254 οἰκέταις
3200 5191 3298 5243 καὶ
3328 5191 3661 5260 προσαίταις
3697 5190 3819 5242 κατ’
3854 5190 3998 5254 ἐξου-

2425 5288 2546 5337 σίαν
2601 5287 2807 5352 ἐφεῖται
2862 5287 3044 5338 πᾶσαν
3092 5286 3174 5347 είς
3226 5283 3317 5335 τὸν
3372 5283 3516 5336 θεῖον
3563 5282 3739 5344 ἀδεῶς
3771 5283 4004 5335 εἰσιέναι

2424 5379 2558 5430 νεών
2580 5395 2594 5410 ⁶
2627 5382 2752 5447 ἐμοὶ
2787 5380 2832 5430 δ’
2860 5381 2920 5431 οὐ
2957 5380 3122 5448 μόνον
3153 5372 3310 5439 οὗτος
3340 5378 3400 5430 οὑ
3434 5377 3687 5447 βάσιμος,
3725 5377 3866 5430 ἀλλὰ
3913 5383 4006 5430 καὶ

2424 5471 2655 5539 οὐρανὸς
2705 5472 2869 5530 αὐτὸς
2925 5470 3386 5534 ἀποκέκλεισταις
3421 5469 3563 5522 Οὑδέ
3612 5469 3722 5538 γὰρ
3755 5470 4003 5538 ἀμύητος

2424 5565 2521 5632 τῆς
2554 5564 2700 5626 θείας
2728 5565 2946 5634 ἐκείνης
2981 5564 3195 5632 φωνῆς,
3223 5563 3256 5632 ἢ
3280 5560 3580 5633 διαρρήδην
3610 5560 3914 5630 ψηφίζεται
3940 5565 4004 5612 τα

2427 5658 2516 5708 ἐπὶ
2548 5656 2652 5725 γῆς
2681 5656 2940 5726 δεδεμένα
2961 5658 3074 5719 τοῖς
3104 5654 3315 5725 ἱερεῦσι
3347 5654 3485 5706 Θεοῦ
3517 5655 3658 5706 κάπὶ
3695 5657 3813 5716 τοῖς
3841 5654 4005 5724 ούρα-

2494 5773 2569 5839 (2)
2605 5774 2939 5834 Ambrosius,
2972 5773 3068 5828 lib.
3109 5771 3278 5842 Epist.
3323 5787 3374 5835 v,
3405 5785 3494 5839 cp.
3531 5767 3624 5822 ‘28.
