4278 6438
283 325 390 390 393

1202 333 1786 394 ECCLESIASTlC/E
1826 336 2202 396 IllS'FOlllE
2242 339 2383 398 LIB.

2430 341 2567 398 ΧΗ.
3411 337 3524 402 894

282 442 398 502 νοῖς
450 443 510 494 ὲν
565 441 642 510 τῷ
689 442 927 510 ἀσφαλεῖ
980 445 1336 501 καθεστάναι.
1374 466 1392 498 ι
1464 448 1522 500 '0
1574 450 1619 500 δ’
1670 450 1853 512 εὐθὺς,
1890 461 1971 512 At

1830 470 1853 512 '.
1890 461 1927 512 Λ
1961 453 2041 505 cis
2071 453 2258 516 etiam,
2303 454 2510 521 absque
2553 461 2698 506 metu
2744 452 2914 515 omni,
2978 450 3222 506 divinum
3261 450 3519 518 templum

287 550 307 582 ι
360 531 499 584 Ἀλλ’
532 533 689 602 εἰτῷ
720 534 820 602 σῷ,
860 536 1014 604 φησὶ,
1065 539 1256 606 κράτει
1314 540 1480 600 δοκεῖ,
1538 539 1854 609 δραμοῦμαι

279 623 348 688 δὴ
380 623 517 691 πρὸς
540 623 630 712 ’τὸ-ν
663 626 835 693 ἱερέα,
861 627 956 678 καὶ
975 628 1167 680 στάντα
1197 629 1376 682 κάλων
1424 632 1633 699 κινήσω
1667 632 1855 700 δεόμε-

279 731 374 778 νος
402 713 548 767 ὥστε
575 733 656 769 σοι
679 716 832 769 λύσιν
864 718 1144 782 ἐπιϐαλεῖν
1167 725 1280 784 τοῖς
1301 721 1535 790 δεσμοῖς.
1553 743 1571 774 ι
1592 753 1661 764 -
1685 725 1854 777 «Ἀλλ’

280 808 620 862 οὐπείσεταί
646 826 749 872 σοι,
769 806 828 862 εὖ
858 808 996 873 οἶδα,
1035 814 1200 879 φησιν
1224 814 1251 864 ὁ
1287 817 1519 883 κρατῶν.
1559 816 1674 868 Ἐπ’
1701 821 1856 886 ἀκρι-

283 898 380 957 δὶς
410 899 518 967 γὰρ
571 902 874 967 ἐπίσταμαι
918 903 1018 968 τῆς
1066 904 1396 974 ’Δμὸροσίου
1451 907 1636 977 ψήφου
1688 910 1748 962 τὸ
1778 911 1854 963 δί-

283 1007 465 1043 καιον.
489 992 626 1044 Οὐδὲ
658 992 767 1062 γάρ
795 1011 924 1046 ποτε
959 997 1051 1047 τὸν
1084 999 1182 1065 τῆς
1239 996 1519 1064 βασιλείας
1563 1000 1726 1064 ὄγκον
1755 1007 1853 1066 τῆς

281 1076 438 1139 θείας
477 1083 811 1150 προτιμήσει
843 1085 1031 1152 τιμῆς.
1064 1103 1084 1134 ι
1145 1085 1236 1148 Ὠς
1259 1087 1315 1138 δὲ
1346 1088 1518 1141 πολλὰ
1547 1089 1721 1156 λέγων
1752 1092 1855 1143 ὑπ-

284 1173 526 1238 ισχνεῖτο
576 1175 788 1228 πείθειν
813 1177 841 1227 ὁ
883 1179 1164 1244 Ῥουφῖνος
1211 1178 1558 1248 ’Λμϐρὸσιον,
1592 1181 1853 1250 πράττειν

281 1261 348 1313 τὸ
381 1265 791 1334 παριστάμενον
824 1268 975 1337 ἠφίει
1007 1273 1034 1320 ὀ
1060 1269 1336 1337 βασιλεύς.
1365 1272 1518 1324 Καὶό
1538 1273 1638 1341 μὲν
1661 1274 1848 1344 ἀπῄει·

279 1357 403 1417 ταῖς
436 1356 492 1408 δὲ
522 1359 780 1426 σφοδραῖς
812 1360 921 1412 τῶν
951 1361 1302 1429 ὑποσχέσεων
1352 1362 1853 1433 βουκοληθεδςΘεο-

278 1446 482 1509 δύσιος,
521 1449 658 1515 μετὰ
711 1449 908 1519 βραχὺι
938 1453 1168 1504 κατόπιν
1218 1453 1312 1504 καὶ
1343 1429 1505 1515 αὐτὸς
1537 1429 1848 1522 ἠκολούθει.

292 1536 384 1600 Ὦς
436 1539 482 1591 δ’
531 1540 610 1600 είς
669 1540 859 1609 λόγους
918 1543 1230 1614 Ἀμϐροσίῳ
1293 1544 1568 1612 Ῥουφῖνος
1614 1547 1848 1615 ἐγένετο,

281 1629 576 1681 ὑπολαϐὼν
624 1632 653 1682 ὀ
687 1633 830 1695 θεῖος
870 1637 1029 1703 ἀνὴρ,
1060 1655 1076 1686 ι
1121 1634 1266 1688 Ἀλλ’
1322 1637 1505 1698 ἔοικάς
1545 1655 1654 1707 μοι,
1702 1638 1852 1690 Ῥου-

280 1722 428 1787 φῖνε,
459 1722 638 1790 ἔλεγε,
664 1727 725 1776 τὸ
759 1726 866 1779 τῶν
897 1729 1074 1780 κυνῶν
1095 1730 1312 1791 ἀναιδὲς
1340 1729 1415 1792 ὡς
1445 1730 1692 1782 πλεῖστον
1720 1730 1851 1798 ὲζη-

1963 547 2304 614 ingrediendi
2365 547 2534 601 libera
2571 547 2642 600 sit
2671 555 2946 614 potestas:
3015 544 3146 598 mihi
3201 557 3362 612 porro
3412 557 3522 594 non

1964 640 2126 692 modo
2160 640 2212 691 id
2277 650 2500 709 tangere
2539 654 2649 692 non
2695 637 2843 698 licet,
2883 651 3071 690 verum
3107 635 3271 686 etiam
3325 633 3522 686 caelum

1961 732 2138 800 ipsum
2171 733 2415 785 clausum
2473 732 2601 786 est?
2629 731 2816 800 Neque
2835 729 2980 783 enim
3016 726 3185 780 divini
3224 726 3370 779 illius
3401 740 3522 777 ora-

1961 823 2069 876 culi
2100 838 2206 876 non
2271 823 2520 888 memini,
2575 824 2719 891 quod
2775 819 2997 874 disertis
3056 817 3240 870 verbis
3297 815 3520 869 statuit:

1960 916 2309 983 Quzrcunque
2358 930 2385 967 a
2422 913 2796 968 sacerdotibus
2848 911 2941 964 Dei
2981 908 3144 977 ligata
3196 907 3401 962 fuerint
3469 906 3523 958 in

1962 1011 2142 1065 terris.
2181 1023 2244 1061 ea
2274 1006 2436 1059 etiam
2481 1007 2534 1059 in
2587 1006 2741 1060 cmlis
2787 1013 2939 1059 certo
2978 1018 3095 1057 esse
3153 1001 3338 1068 ligata.
3383 996 3521 1051 Tum

1959 1099 2246 1153 confestim
2273 1099 2362 1152 ille
2395 1116 2408 1150 :
2449 1115 2467 1148 ι
2493 1099 2561 1152 At
2613 1099 2680 1161 si,
2720 1097 2815 1158 ait,
2876 1094 3105 1163 imperio
3159 1103 3251 1145 tuo
3288 1090 3523 1147 videtur,

1959 1191 2284 1243 conveniam
2332 1189 2742 1258 quamprimum
2769 1186 3104 1244 antistitem,
3131 1190 3186 1235 et
3246 1180 3378 1234 nihil
3417 1190 3526 1231 non

1960 1280 2203 1342 tentabo,
2238 1289 2297 1334 ut
2326 1281 2544 1334 vincula
2596 1286 2687 1332 tua
2742 1278 2935 1332 solvat.
2962 1295 2980 1328 ι
3011 1303 3080 1313 -
3117 1292 3134 1324 ι
3164 1271 3366 1327 Verum
3415 1283 3527 1321 non

1959 1370 2312 1437 obsequetur,
2373 1370 2671 1436 imperator
2705 1367 2904 1434 inquit.
2965 1363 3054 1416 ille
3085 1362 3204 1424 tibi,
3247 1367 3330 1413 sat
3385 1358 3522 1412 scio.

1960 1459 2304 1528 Perspectam
2337 1460 2484 1514 enim
2515 1458 2746 1512 maxime
2782 1457 2959 1509 habeo
2989 1451 3265 1508 Ambrosii
3297 1459 3518 1504 senten-

1961 1553 2047 1606 tiae
2074 1552 2406 1621 aequitatem.
2439 1551 2725 1619 Nunquam
2748 1549 2839 1602 ille
2859 1545 3075 1616 imperii
3103 1541 3523 1613 amplitudinem

1958 1645 2145 1698 divino
2169 1645 2418 1714 praeferet
2444 1643 2660 1697 honori.
2687 1661 2705 1694 ι
2769 1643 3065 1709 Postquam
3118 1646 3300 1690 autem
3354 1632 3524 1687 multa

1957 1739 2277 1803 prolocutus
2305 1734 2556 1796 Rufinus,
2602 1733 2880 1803 pollicitus
2933 1739 3022 1785 est
3077 1744 3138 1783 se
3172 1724 3522 1780 Ambrosium

281 1810 520 1864 λωκέναι
549 1831 562 1842 ·
596 1817 812 1884 σφαγῆς
834 1818 941 1887 γὰρ
969 1819 1238 1888 τοσαύτης
1270 1822 1419 1890 παρὰ
1438 1821 1597 1889 δίκην
1631 1816 1709 1881 (ὦ
1738 1821 1854 1875 θεία
1887 1813 1930 1867 Β
1964 1830 1970 1883 i

1835 1841 1854 1874 ι
1887 1813 1930 1867 Β
1964 1830 2022 1883 in
2048 1829 2374 1882 sententiam
2409 1842 2562 1881 suam
2597 1827 2964 1879 adducturum
2991 1861 3005 1885 ,
3037 1822 3339 1887 imperator
3371 1831 3524 1878 eum,

281 1903 483 1972 δίκηί)
517 1912 918 1980 γεγενημένης,
979 1915 1073 1965 καὶ
1128 1915 1217 1965 ἐπὶ
1260 1914 1513 1966 τοσοῦτον
1540 1913 1680 1982 ὑμᾶς
1714 1913 1854 1966 κατὰ

280 1997 384 2065 τῆς
419 1998 570 2059 θείας
609 2003 816 2064 εἰκόνος
877 2003 1272 2071 λυττησαντας,
1319 2004 1442 2057 οὕτε
1488 2006 1602 2065 δέος
1644 2005 1854 2072 εἰστρέ-

280 2105 392 2157 χει,
424 2089 536 2142 ούτ’
566 2093 727 2155 αἰδὼς
764 2096 988 2148 ἐπανθεῖ
1043 2099 1152 2159 τοῖς
1210 2098 1556 2165 προσώποις·
1608 2097 1744 2151 ἀλλὰ
1794 2096 1854 2149 τδ

279 2177 385 2242 τῆς
406 2180 669 2250 αἰσχύνης
699 2184 1063 2247 ἁποξέσαντες
1097 2187 1384 2254 κάλυμμα,
1413 2186 1619 2238 τοιαῦτ’
1643 2187 1852 2238 αἰτοῦν-

278 2281 376 2322 τες
407 2267 656 2334 πρόσιτε.
690 2288 708 2320 ι
767 2271 854 2333 Ὠς
881 2272 926 2323 δ’
959 2273 1039 2324 ἔτι
1082 2274 1362 2336 Ἰὀυφῖνος
1393 2275 1650 2327 ἐπέκειτο
1688 2276 1852 2326 λιπα-

281 2355 415 2420 ρῶν,
471 2360 566 2409 καὶ
594 2359 718 2410 ὅσον
768 2360 924 2414 οὗπω
951 2363 1112 2431 ἦκειν
1167 2365 1318 2430 ἔλεγε
1354 2366 1564 2416 καὶτὸν
1601 2365 1847 2432 βασιλέα,

279 2445 429 2515 ζήλῳ
457 2450 586 2519 θείῳ
613 2453 987 2522 πυρποληθελς
1030 2455 1379 2524 Ἀμϐρδσιος,
1437 2475 1456 2507 ι
1507 2456 1671 2524 Ἐγὼ,
1707 2459 1849 2525 μέγα

278 2538 573 2607 ἁνέκραξε,
604 2542 876 2610 Ῥουφῖνε,
903 2547 1178 2614 προλέγω,
1200 2547 1273 2609 ὡς
1292 2547 1540 2617 ἁπείρξω
1573 2549 1665 2600 καὶ
1694 2544 1850 2610 αὖθις

265 2632 579 2698 ,προσιόντα
616 2636 723 2687 τῶν
755 2637 917 2705 ἱερῶν
948 2638 1281 2707 περιϐόλων.
1325 2639 1385 2690 Εἰ
1429 2639 1475 2691 δ’
1506 2640 1697 2709 ἐκείνῳ
1721 2657 1847 2693 σκο-

279 2722 382 2782 πὸς
407 2731 689 2792 τυραννεῖν
741 2729 1098 2799 μεταθεμένῳ
1159 2734 1260 2800 τὴν
1306 2732 1607 2800 βασιλείαν,
1659 2732 1770 2799 ἐγὼ
1794 2735 1849 2785 δὲ

276 2812 417 2864 ἀλλὰ
444 2815 564 2881 μεθ’
589 2817 784 2885 ἡδονῆς
809 2819 903 2871 τὸν
952 2820 1040 2873 διὰ
1067 2821 1226 2874 τοῦτο
1284 2823 1652 2892 προσοίσομαι
1683 2823 1849 2876 θάνα-

273 2919 390 2956 τον.
425 2925 444 2954 ι
468 2905 631 2957 Ταῦτ’
661 2909 902 2971 ἀκούσας
940 2910 1240 2980 Ῥουφῖνος,
1273 2915 1350 2982 τῷ
1381 2914 1598 2982 βασιλεῖ
1619 2916 1849 2982 διεπέμ-

277 3012 414 3047 πετο
449 3001 735 3067 παραινῶν
770 3001 881 3054 τῶν
914 3006 1232 3074 ἀνακτόρων
1262 3007 1338 3075 μὴ
1376 3009 1647 3074 προϊέναι.
1701 3006 1762 3059 '0
1793 3007 1849 3058 δὲ

275 3089 406 3138 καθ’
435 3089 556 3141 ὀδοῦ
613 3094 679 3144 τε
729 3095 1047 3162 ἠγγελμένα
1116 3099 1326 3165 μαθὼν,
1369 3118 1386 3148 ι
1433 3101 1684 3168 Ἀπειμι,
1719 3099 1846 3166 ἔφη,

277 3178 514 3242 ἐκδίκως
569 3182 668 3244 τὰς
705 3154 994 3251 παροινίας
1059 3154 1494 3256 εἰσδεδεγμένος.
1535 3207 1552 3240 ι
1602 3154 1772 3243 ,Ἐπεί
1803 3154 1846 3244 δ;
1875 3154 1918 3212 C

276 3271 515 3339 ἔγγιστα
548 3273 641 3324 τοῦ
673 3273 778 3325 νεὼ
799 3277 1068 3342 ἐγεγόνει,
1089 3279 1221 3331 εἵσω
1249 3282 1348 3348 μὲν
1377 3281 1553 3333 ἐλθεῖν
1575 3282 1675 3333 οὐκ
1699 3282 1850 3334 ιτόλ-

276 3379 390 3432 μα’
426 3367 562 3434 πρὸς
593 3367 636 3419 δ’
667 3367 998 3436 Ἀμὸρόσιον
1030 3372 1386 3439 ἀφικόμενος,
1417 3372 1496 3440 τῷ
1528 3373 1638 3440 γὰρ
1667 3375 1846 3426 ἀσπα-

275 3454 450 3524 στικῷ
512 3457 647 3526 οῖκῳ
699 3459 963 3526 καθῆστο,
1019 3461 1129 3513 τῶν
1185 3462 1399 3515 ἁλύτων
1459 3462 1578 3532 ᾔτει
1619 3464 1846 3534 λυθῆναι

274 3547 518 3616 δεσμῶν.
560 3550 616 3601 Ὀ
647 3550 704 3602 δὲ
736 3552 874 3604 ἀλλὰ
923 3555 1051 3614 τοὺς
1107 3553 1286 3616 θείους
1348 3554 1590 3624 θεσμοὺς
1650 3558 1847 3609 πατεῖν

276 3645 488 3695 ἐκεῖνον
520 3643 799 3712 διήλεγχε,
830 3647 1163 3715 τυραννικήν
1211 3662 1270 3698 τε
1299 3647 1484 3700 ἐκάλει
1513 3649 1614 3717 τὴν
1643 3665 1847 3717 παρου-

278 3735 408 3787 σίαν
438 3737 533 3788 καὶ
589 3738 710 3807 Θεῷ
765 3740 851 3793 διὰ
900 3740 1078 3809 μάχης
1124 3740 1284 3795 ἰέναι.
1344 3741 1402 3794 '0
1438 3741 1514 3804 δὲ,
1550 3759 1570 3792 ι
1615 3741 1755 3795 Ἀλλ’
1784 3745 1846 3796 ού

270 3827 430 3883 ταῦτ’
464 3831 610 3898 ἐμοὶ,
642 3830 717 3893 ὡς
743 3833 868 3901 φῂς,
922 3832 1392 3902 περισπούδαστα,
1431 3835 1568 3900 μετὰ
1612 3834 1849 3902 θράσους

268 3917 385 3967 τῶν
424 3916 587 3984 ἱερῶν
637 3917 898 3984 ἐπιϐῆναι
953 3917 1264 3987 προθύρων.
1315 3919 1381 3970 Σὲ
1410 3920 1466 3973 δὲ
1522 3920 1680 3988 μόνον
1712 3922 1847 3973 αίτῶ

270 4007 434 4061 λῦσαί
461 4025 565 4076 μου
595 4011 692 4069 τὰς
728 4008 915 4072 πέδας,
965 4012 1060 4061 καὶ
1090 4011 1189 4076 τὴν
1215 4013 1401 4074 κοινὴν
1436 4010 1533 4062 τοῦ
1585 4011 1847 4066 δεσπότου

264 4100 702 4168 φιλανθρωπίαν
755 4101 1101 4169 μιμήσασθαι
1129 4117 1142 4130 ·
1198 4102 1289 4152 καὶ
1316 4100 1391 4171 μὴ
1418 4103 1541 4170 ἐμοὶ
1574 4105 1719 4172 μόνῳ
1747 4103 1849 4172 τὴν

272 4189 667 4256 φιλάνθρωπον
721 4189 1062 4255 ὲπιζυγῶσαι
1113 4189 1259 4242 κατὰ
1287 4190 1385 4241 τοῦ
1435 4191 1730 4260 προσώπου
1752 4192 1846 4244 θύ-

272 4296 402 4348 ραν,
436 4281 504 4349 ἢν
543 4283 693 4348 κοινῇ
729 4281 866 4332 πᾶσι
901 4283 1182 4348 μετανοεῖν
1216 4279 1513 4349 ᾑρημένοις
1548 4283 1643 4333 καὶ
1669 4281 1846 4351 πολλῷ

268 4372 586 4442 χρωμένοις
630 4371 708 4439 τῷ
764 4372 1058 4441 μεταμέλῳ
1107 4374 1134 4424 ὁ
1184 4372 1280 4423 τοῦ
1340 4372 1522 4434 ὲλέους
1576 4374 1846 4442 δεσπότης

1961 1919 2104 1986 quod
2139 1919 2533 1977 constituisset,
2566 1916 2748 1970 facere
2782 1912 3055 1979 permisit.
3101 1909 3250 1964 Abiit
3302 1909 3415 1969 ille,
3471 1915 3526 1958 et

1957 2007 2305 2061 Theodosius
2338 2006 2651 2074 ingentibus
2705 2004 2849 2057 illius
2894 1999 3181 2070 promissis
3231 1996 3521 2058 adductus,

1954 2103 2117 2169 paulo
2145 2109 2263 2167 post
2288 2115 2415 2153 eum
2445 2109 2530 2152 est
2561 2097 2912 2150 subsecutus.
2949 2093 3216 2147 Czeterum
3249 2089 3340 2142 ubi
3374 2087 3527 2141 Ruti-

1952 2207 2057 2244 nus
2087 2206 2208 2243 cum
2240 2190 2530 2243 Ambrosio
2547 2196 2631 2242 est
2655 2187 2978 2247 collocutus,
3020 2183 3185 2237 verba
3205 2182 3324 2252 ejus
3353 2180 3524 2232 inter-

1953 2281 2164 2350 pellans
2213 2281 2298 2332 vir
2331 2281 2586 2332 divinus:
2652 2277 2780 2331 «Tu
2840 2290 2996 2336 vero.
3052 2275 3252 2342 inquit,
3303 2270 3521 2342 Ruﬁne.

1953 2388 2152 2427 canum
2208 2371 2597 2439 impudentiam
2660 2367 2956 2437 plurimum
2997 2364 3240 2419 aemulari
3298 2361 3520 2414 videris.

1951 2462 2088 2517 Cum
2119 2476 2353 2528 namque
2369 2469 2570 2528 praeter
2604 2459 2709 2520 ius,
2730 2473 2763 2510 ο
2791 2457 2972 2509 divina
3001 2453 3280 2507 vindicta!
3316 2459 3521 2503 tantam

1954 2554 2159 2608 caedem
2190 2551 2660 2622 perpetraveritis,
2687 2555 2742 2602 et
2777 2558 2922 2602 tanta
2951 2547 3102 2600 rabie
3129 2545 3183 2598 in
3229 2543 3520 2611 imaginem

1952 2645 2050 2699 Dei
2081 2644 2392 2706 saevientis,
2439 2657 2616 2708 neque
2647 2651 2822 2693 metus
2855 2639 3012 2692 vobis
3064 2636 3307 2699 incessit,
3341 2649 3522 2701 neque

1952 2735 2196 2790 ruborin
2223 2751 2319 2788 ore
2347 2741 2534 2788 vestro
2563 2731 2891 2787 etilorescit:
2931 2729 3024 2784 sed
3040 2725 3392 2782 verecundiae
3418 2740 3519 2790 pu-

1950 2829 2085 2882 dore
2117 2827 2355 2892 deterso,
2396 2842 2520 2880 cum
2547 2826 2810 2892 petitione
2841 2825 2928 2877 tali
2955 2821 3243 2875 advertitis.
3263 2818 3426 2888 319
3447 2816 3518 2872 Ut

1951 2935 2084 2974 vero
2114 2920 2347 2975 Ruﬁnus
2372 2919 2448 2973 illi
2480 2920 2651 2986 magis
2676 2933 2738 2970 ac
2778 2917 2947 2984 magis
2979 2910 3516 2982 supplicandoinsti-

1954 3012 2036 3076 tit,
2075 3021 2130 3066 et
2166 3011 2550 3078 imperatorem
2579 3024 2798 3078 quoque
2820 3007 3042 3077 jamjam
3076 2996 3334 3057 advenire
3357 3000 3516 3060 dixit.

1952 3106 2138 3160 divino
2204 3104 2402 3158 ardore
2457 3105 2715 3156 incensus
2802 3097 3148 3156 Ambrosius.
3216 3110 3340 3148 cum
3409 3092 3518 3146 cla-

1951 3211 2105 3251 more
2200 3209 2430 3263 magno:
2519 3211 2539 3244 (
2579 3190 2688 3260 Ego
2783 3190 2882 3244 tibi
2967 3187 3227 3256 praedico,
3299 3182 3514 3242 Ruﬁne,

1954 3288 2157 3356 inquit.
2190 3300 2276 3340 me
2311 3285 2509 3338 iterum
2533 3282 2914 3336 advenientem
2940 3280 3090 3332 illum
3120 3275 3291 3330 sacris
3309 3272 3518 3326 aedibus

1951 3377 2356 3447 prohibiturum
2393 3389 2534 3428 esse.
2568 3376 2638 3425 At
2689 3371 2735 3425 si
2769 3371 2860 3424 ille
2893 3369 3123 3437 imperio
3146 3381 3302 3435 atquo
3366 3373 3517 3432 post-

1950 3469 2162 3533 habito,
2194 3467 2540 3539 tyrannidem
2599 3477 2860 3517 exercere
2915 3460 3125 3518 statuit,
3181 3455 3517 3526 perlibenter

1950 3577 2052 3631 ego
2086 3562 2187 3614 hac
2221 3560 2288 3614 de
2323 3573 2486 3613 causa
2513 3565 2744 3610 mortem
2783 3554 2964 3607 adibo.
2992 3571 3008 3602 ι
3065 3551 3162 3605 His
3207 3548 3392 3602 verbis
3414 3562 3515 3599 an-

1949 3654 2100 3711 ditis.
2133 3651 2365 3705 Rufinus
2393 3665 2489 3718 per
2521 3647 2948 3706 internuntium,
2977 3659 3044 3698 ne
3103 3641 3313 3696 aedibus
3347 3640 3517 3706 impc-

1951 3743 2180 3799 ratoriis
2213 3740 2662 3812 progrederetur,
2689 3737 3006 3806 imperatori
3037 3732 3388 3802 signiﬁcavit.
3416 3731 3513 3780 At-

1947 3849 2056 3904 que
2095 3833 2209 3896 ille,
2236 3832 2327 3886 ubi
2352 3832 2495 3884 inter
2526 3827 2769 3882 eundum
2797 3827 3052 3878 nuntium
3105 3821 3232 3878 eum
3263 3819 3511 3886 accepit:

1954 3945 1972 3978 ι
1998 3927 2097 3991 Eo,
2128 3926 2328 3993 inquit,
2357 3923 2554 3976 merito
2578 3936 2698 3976 meo
2729 3918 3161 3988 objurgationem
3209 3923 3265 3966 et
3317 3919 3514 3965 contu-

1947 4016 2165 4071 meliam
2189 4025 2540 4084 excepturus.
2567 4031 2586 4064 ι
2611 4013 2677 4066 Ει
2725 4011 2818 4064 ubi
2852 4009 3102 4078 proxime
3147 4004 3212 4057 ad
3244 4004 3506 4069 templum

1948 4107 2435 4176 accessit,ingredi
2493 4106 2546 4160 id
2572 4104 2794 4174 quidem
2851 4115 3015 4155 ausus
3076 4114 3182 4151 non
3246 4096 3370 4150 fuit.
3407 4095 3509 4150 Ubi

1949 4210 2129 4255 autem
2159 4199 2224 4252 ad
2265 4199 2633 4255 Ambrosium.
2658 4197 2751 4263 qui
2791 4196 2844 4246 in
2867 4195 2982 4246 aede
3016 4191 3331 4243 salutatoria
3372 4202 3506 4238 con-

1948 4289 2182 4344 sederat.
2220 4287 2391 4350 venit,
2426 4293 2486 4339 ut
2520 4283 2836 4339 insolubilis
2867 4281 3086 4335 vincula
3116 4292 3212 4331 sua
3247 4275 3508 4332 solveret,

1949 4398 2072 4436 eum
2100 4381 2328 4449 rogavit.
2364 4379 2685 4434 Ambrosius
2706 4393 2837 4429 vero
2870 4375 3021 4428 illum
3074 4371 3391 4424 sanctiones
3424 4369 3508 4420 di-

267 4462 538 4530 ἁνέῳξεν.
584 4481 602 4512 ι
635 4461 964 4531 Ἀμϐρόσιος
999 4463 1080 4523 δὲ,
1116 4482 1133 4514 ι
1185 4463 1347 4517 Ἀλλὰ
1382 4467 1557 4527 ποῖος,
1596 4467 1779 4533 φησὶν,
1815 4469 1841 4517 ὁ
1876 4478 1919 4531 ι)
1949 4491 1956 4505 π

1819 4469 1841 4517 5
1876 4478 1919 4531 D
1949 4475 2106 4527 vinas
2132 4474 2451 4540 proculcare
2489 4469 2690 4536 arguit,
2716 4476 2771 4521 et
2818 4467 3117 4518 adventum
3148 4463 3287 4529 ejus,
3313 4460 3403 4525 qui
3438 4449 3508 4510 ita

271 4555 586 4626 μετάμελος
648 4556 786 4623 μετά
818 4554 1094 4624 τοσαύτην
1143 4556 1493 4624 παρανομίαν
1545 4561 1637 4608 καὶ
1669 4557 1842 4625 θυμιλῦ

267 4649 516 4717 ἀκράτου
547 4648 876 4713 ἀσέλγειαν;
939 4641 1086 4712 Ἀρα
1116 4646 1174 4697 δὲ
1206 4647 1382 4708 ποίοις
1430 4649 1747 4716 φαρμάκοις
1776 4651 1843 4701 τὰ

263 4736 500 4790 δυσίατα
526 4735 712 4786 ἐκεῖνα
740 4734 1114 4802 ὲθεράπευσας
1144 4734 1292 4803 πάθη
1317 4752 1331 4799 ;
1364 4754 1381 4786 ι
1426 4734 1484 4788 '0
1506 4737 1565 4788 δὲ
1590 4737 1843 4806 βασιλεὺς

265 4829 482 4899 ἡρέμα,
513 4845 532 4878 ι
574 4825 735 4878 ’Λλλὰ
768 4827 859 4878 σὺν
881 4826 1068 4894 ἔργον,
1091 4819 1135 4878 ὦ
1155 4827 1261 4879 θεῖε
1287 4828 1435 4898 ἄνερ,
1469 4829 1638 4881 ταῦτα
1672 4831 1841 4896 δεῖξαι

267 4924 370 4975 καὶ
403 4922 635 4986 κεράσαι
692 4936 785 4987 μοι
813 4921 910 4987 τῆς
964 4919 1113 4982 θείας
1147 4921 1394 4989 ἰατρείας
1435 4924 1504 4974 τὰ
1532 4923 1838 4992 φάρμακα.

265 5014 407 5082 ὲμὸν
436 5014 492 5065 δὲ
519 5012 576 5064 τὸ
604 5011 862 5073 δέξασθαι
895 5011 1092 5077 ταῦτα,
1123 5013 1223 5065 κᾶν
1249 5015 1346 5066 καὶ
1374 5014 1510 5067 πολὺ
1545 5017 1603 5066 τὸ
1637 5018 1840 5084 στύφον

263 5105 583 5176 δριμμύσον
628 5106 964 5172 ὲπίγωνται.
1031 5124 1048 5156 ι
1114 5107 1248 5157 Τότε
1315 5106 1462 5159 θείου
1521 5108 1840 5175 Πνεύματος

265 5198 538 5276 πλησθεῖς
569 5198 595 5249 ὁ
620 5197 968 5267 Άμϐρόσιος,
998 5216 1016 5247 ι
1065 5199 1238 5259 Ἐπεὶ,
1273 5200 1428 5267 φησὶ,
1456 5201 1529 5268 τῷ
1563 5200 1719 5268 θυμῷ
1742 5203 1837 5267 τὴν

263 5291 430 5358 δίκην
457 5289 676 5357 ἐκείνην
700 5291 1032 5359 ἐπέτρεψας,
1065 5290 1157 5342 καὶ
1187 5290 1284 5358 τὴν
1314 5291 1493 5359 ψῆφον
1515 5295 1612 5360 οὐχ
1635 5295 1661 5344 ὁ
1693 5293 1838 5358 λογι-

266 5384 408 5449 σμὸς
461 5384 518 5432 ἐν
558 5380 634 5447 τῷ
674 5381 982 5432 καθεστῶτι
1052 5382 1228 5450 μένων
1284 5383 1619 5451 ἐξήνεγκεν,
1674 5384 1838 5438 ἀ).λ’ὁ

265 5473 442 5542 θυμὸς
503 5473 771 5540 ἀλογίστῳ
825 5473 1018 5542 θράσει
1074 5466 1413 5541 φερόμενον
1463 5477 1736 5545 ἐγγράψαι
1779 5494 1835 5528 σε

264 5568 482 5618 κελεύω
518 5565 703 5631 νόμον,
740 5567 1254 5634 καταψηφιζόμενον
1285 5568 1379 5617 τοῦ
1409 5567 1583 5636 θυμοῦ
1610 5569 1703 5627 tit;
1732 5569 1837 5637 ψή-

266 5674 427 5724 φους,
457 5659 550 5708 καὶ
573 5660 699 5718 τοὺς
723 5661 835 5719 τοῖς
867 5660 978 5720 σοῖς
995 5659 1448 5720 διακονουμένους
1473 5662 1833 5728 προστάγμα-

267 5768 354 5800 σιν
375 5752 734 5803 ἐπιτάττοντα
761 5754 815 5813 ἐς
845 5753 1172 5820 τριακοστὴν
1203 5754 1412 5822 ἡμέραν
1435 5755 1830 5807 αναὸάὶλεσθαι

1952 4567 2061 4618 Deo
2088 4572 2433 4634 repugnaret,
2472 4560 2819 4629 tyrannidum
2856 4555 3168 4626 appellavit.
3220 4553 3297 4604 lbi
3327 4552 3509 4602 Theo—

1945 4658 2166 4712 dosius:
2211 4658 2308 4709 «At
2337 4671 2452 4723 ego,
2489 4653 2686 4722 inquit,
2721 4667 2830 4704 non
2868 4650 2917 4701 id
2970 4647 3151 4700 studio
3200 4645 3395 4698 habeo.
3451 4651 3510 4693 ut

1945 4763 2068 4801 cum
2099 4747 2386 4803 temeraria
2410 4743 2738 4798 conﬁdentia
2769 4755 2983 4792 sacrum
3015 4736 3290 4790 ingrediar
3339 4733 3507 4785 vesti-

1943 4840 2153 4893 bulum.
2200 4838 2274 4891 Te
2293 4846 2472 4890 autem
2525 4849 2646 4896 oro,
2686 4829 2986 4885 utvincula
3028 4842 3144 4880 mea
3189 4825 3390 4884 solvas,
3454 4830 3509 4874 ct

1943 4944 2291 4986 communem
2353 4925 2564 4980 Domini
2639 4925 3027 4991 benignitatem
3078 4909 3341 4974 imitatus.
3394 4931 3504 4966 non

1944 5024 2043 5076 soli
2092 5021 2221 5074 mihi
2254 5023 2304 5072 in
2336 5019 2529 5071 faciem
2596 5014 2986 5068 misericordia:
3049 5012 3197 5063 fores
3255 5007 3502 5063 claudas,

1942 5129 2077 5183 quas
2103 5111 2469 5165 communiter
2504 5107 2758 5160 omnibus
2795 5102 3266 5172 resipiscentibns.
3301 5106 3356 5150 et
3387 5112 3506 5166 pte-

1944 5205 2174 5258 nitentia
2237 5202 2404 5254 multa
2449 5198 2752 5258 utentibus,
2805 5192 3193 5248 misericordia”:
3245 5190 3505 5244 Dominus

1941 5297 2176 5366 aperuit.
2204 5317 2220 5344 ι
2259 5294 2582 5348 Ambrosius
2615 5306 2775 5352 vero,
2826 5308 2842 5338 ι
2874 5289 3078 5342 Verum
3112 5287 3195 5340 dic
3243 5300 3362 5354 age,
3423 5286 3475 5335 in

1940 5389 2080 5455 quit,
2110 5401 2228 5453 quae
2255 5393 2342 5436 tua
2394 5384 2578 5442 fuerit,
2627 5391 2748 5449 post
2809 5388 3008 5430 tantam
3059 5375 3402 5444 iniquitatem
3448 5382 3504 5423 et

1938 5477 2153 5532 cil‘renis
2185 5476 2276 5528 ir.c
2299 5475 2671 5542 petulantiam.
2703 5469 3042 5532 omnitentia.
3074 5467 3262 5532 Qualia
3284 5465 3502 5518 tandem

1941 5569 2337 5623 incurabilibns
2400 5567 2787 5620 aﬂecttonthus
2819 5560 3114 5615 adhibuisti
3175 5556 3496 5610 remediah

1937 5663 2187 5716 thha’c
2221 5659 2431 5730 placide
2471 5661 2762 5726 imperator
2802 5654 2938 5708 dixit
2972 5669 2985 5705 ε
3034 5672 3049 5702 ι
3084 5653 3210 5704 ’l'ua:
3262 5663 3412 5707 vero.
3467 5663 3498 5700 ο

1940 5757 2018 5809 vir
2052 5755 2254 5814 divine,
2289 5754 2336 5805 id
2375 5762 2451 5805 cst
2478 5766 2673 5820 operm,
2711 5749 2954 5802 indicare
2990 5744 3145 5810 mihi,
3204 5750 3260 5797 et
3287 5752 3493 5811 tempe-
