4278 6438
811 389 920 452 895

2040 385 2442 446 NICEPllOlU
2488 384 2825 445 CALLISTI

3938 382 4049 447 896

815 517 939 554 rare
960 514 1126 554 sacrae
1161 499 1445 552 medicina:
1476 499 1737 552 remedia.
1774 499 1953 554 Meum
1971 510 2155 553 autem
2185 499 2373 560 fuerit.
2402 496 2453 555 Δ
2478 512 2504 545 τ

2366 536 2373 559 ,
2402 496 2453 555 Α
2478 499 2575 557 τὰς
2600 496 2907 564 δημοτικὰς
2942 496 3036 548 καὶ
3066 496 3174 549 τῶν
3226 500 3319 553 ἐπὶ
3347 498 3566 567 Θανάτῳ
3620 496 4055 562 καταδικαζομέ-

814 608 877 647 ea
910 592 1212 659 suscipere,
1242 592 1455 645 etiamsi
1494 591 1724 644 multum
1782 591 2016 646 habeant
2064 592 2375 646 acrimonia:

812 690 868 734 et
898 681 1233 745 asperitatis.
1277 700 1294 730 ι
1327 682 1402 733 lbi
1433 690 1545 734 tum
1582 682 1903 736 Ambrosius
1949 682 2136 736 divino
2166 682 2373 751 Spiritu

812 774 1008 843 plenus
1053 791 1067 826 :
1109 793 1127 824 ι
1160 773 1642 843 Ouandoquiden‘n,
1677 776 1775 839 ait,
1808 776 1887 829 ira
1919 776 2229 829 concitatus
2252 776 2375 829 viu-

814 864 1014 917 dictam
1055 866 1215 918 aliam
1268 868 1597 935 pr-rcepisti,
1645 877 1701 921 et
1734 870 2058 921 sententiam
2090 869 2231 921 illam
2265 884 2372 921 non

812 957 952 1010 ratio
976 960 1029 1010 iu
1060 959 1361 1026 tranquillo
1395 969 1539 1012 statu
1571 975 1668 1012 suo
1722 962 2053 1023 consistens,
2099 961 2191 1013 sed
2224 960 2375 1013 furor

814 1048 1000 1101 insana
1029 1057 1083 1101 et
1112 1051 1330 1103 vecordi
1368 1051 1590 1103 audacia
1620 1052 1920 1119 productus
1953 1054 2096 1114 tulit,
2124 1066 2177 1104 ut
2200 1054 2372 1121 legem

811 1144 865 1187 et
898 1138 1343 1191 constitutionem
1385 1140 1458 1205 (l)
1496 1140 1808 1210 promulgcs
1852 1142 2083 1210 impero,
2128 1158 2249 1210 quae
2280 1144 2375 1196 ira

813 1228 1049 1280 calculos
1073 1230 1415 1294 οοιιιίιιιιιιιει,
1452 1232 1829 1299 etjussiouum
1869 1242 2087 1286 tuarum
2138 1234 2374 1287 admini-

813 1318 943 1371 stris
987 1320 1249 1390 iujungat.
1309 1332 1365 1374 ut
1418 1325 1632 1391 publica
1684 1326 1889 1392 judicia
1948 1338 2003 1380 et
2051 1326 2371 1394 capitalium

814 1422 1101 1462 causarum
1135 1426 1322 1479 pteuas
1366 1416 1429 1466 ad
1466 1416 1795 1469 tricesimant
1831 1433 2000 1485 usque
2039 1418 2182 1470 diem
2218 1416 2375 1471 diﬂ'e-

814 1513 937 1554 rant
968 1503 1067 1570 (‘2).
1105 1505 1170 1558 Et
1202 1515 1260 1558 ut
1305 1509 1593 1560 sententiae
1624 1510 1885 1576 capitales
1910 1508 1961 1559 iu
1998 1510 2258 1576 scriptum
2291 1524 2374 1561 re-

814 1594 951 1658 latae,
992 1604 1198 1648 rectum
1224 1609 1277 1648 et
1306 1610 1557 1661 pacatmn
1616 1600 2133 1667 rationisjmlicimu
2178 1617 2376 1669 exspe-

814 1694 985 1738 ctent.
1057 1686 1219 1755 320
1276 1689 1447 1741 Porro
1500 1690 1695 1742 diebus
1759 1691 1845 1743 his
1886 1692 2119 1758 elapsis.
2174 1692 2374 1760 quibus

810 1777 1281 1845 judiciorumcura
1310 1782 1598 1835 commissa
1627 1792 1732 1843 est,
1762 1783 2027 1850 scriptum
2066 1784 2370 1851 proferant,

818 1876 875 1920 ut
903 1868 1117 1921 scilicet
1171 1886 1293 1921 cum
1342 1872 1452 1939 jam
1486 1873 1563 1924 ira
1600 1874 1954 1937 deferbuerit,
1983 1882 2037 1926 ct
2078 1874 2215 1926 ratio
2265 1873 2370 1926 sibi

816 1954 917 2021 ipsi
962 1957 1209 2011 restituta
1242 1958 1429 2020 luerit,
1470 1962 1797 2014 sententiam
1839 1963 2002 2015 latam
2035 1978 2133 2029 per
2163 1963 2374 2031 disqui-

815 2046 1065 2099 sitionem
1108 2050 1465 2117 perpendam,
1526 2052 1739 2120 justane
1800 2055 1889 2115 sit,
1925 2070 1990 2106 au
2049 2056 2257 2123 iniqua.
2299 2056 2373 2108 Ac

812 2136 1085 2205 siquidem
1112 2148 1299 2191 contra
1329 2139 1416 2206 jus
1440 2154 1501 2192 ea
1529 2152 1790 2210 concepta
1813 2144 2000 2207 fuerit,
2020 2146 2201 2197 statim
2249 2159 2369 2198 eam

812 2230 1167 2283 conscindct:
1199 2233 1281 2284 sin
1316 2245 1524 2291 contra,
1558 2235 1727 2285 multo
1780 2235 1942 2287 etiam
1975 2239 2142 2305 magis
2171 2236 2372 2289 contir-

814 2320 1005 2373 mabit.
1058 2321 1123 2374 Et
1158 2322 1371 2375 dierum
1415 2325 1643 2376 istorum
1684 2341 1943 2377 numerus
1998 2328 2062 2377 ad
2121 2327 2171 2378 id
2224 2329 2367 2395 quod

812 2410 1085 2465 conducat
1128 2413 1360 2465 maxime
1390 2415 1825 2482 cognoscendum
1859 2417 2120 2482 proderit.
2190 2420 2369 2473 Pene-

810 2516 983 2569 quum
1015 2502 1161 2554 enim
1194 2516 1298 2563 e.-t,
1345 2513 1555 2571 tempus
1584 2505 1634 2557 id
1674 2508 2033 2565 intercedere,
2066 2510 2208 2575 quod
2242 2525 2364 2562 cum

811 2592 1162 2661 imperatoris
1189 2594 1322 2646 iram
1357 2596 1552 2661 placet,
1605 2605 1722 2649 tum
1758 2598 1941 2649 furore
1986 2600 2367 2663 languescente

811 2684 1131 2738 humanitati
1160 2695 1213 2738 et
1244 2686 1633 2739 misericordiae
1657 2688 1835 2740 locum
1863 2689 1977 2741 det.
2018 2708 2033 2739 ι
2064 2687 2367 2758 Imperator

810 2776 976 2844 igitur
1038 2776 1204 2830 divini
1258 2778 1517 2831 antistitis
1566 2779 1939 2847 prescriptum
1994 2782 2255 2849 suscepit,
2312 2792 2369 2835 et

807 2869 1076 2934 optimum
1110 2868 1161 2921 id
1192 2883 1311 2922 esse
1335 2869 1491 2922 dixit.
1522 2868 1822 2925 Confestim
1859 2873 2021 2925 etiam
2056 2873 2133 2942 (3)
2162 2874 2368 2928 consti-

807 2958 1074 3011 tutionem
1108 2960 1452 3028 conscripsit,
1480 2971 1535 3015 et
1564 2971 1624 3015 ut
1652 2964 1703 3014 in
1732 2965 2123 3031 sempiternum
2194 2966 2366 3019 robur

2477 604 2586 638 νων
2632 590 2731 648 τὰς
2766 588 3074 656 τιμωρίας·
3144 592 3239 643 καὶ
3293 590 3681 658 γεγραμμέναι
3740 588 4055 655 μενέτωσαν

2475 677 2573 745 τὴν
2606 674 2777 745 ὀρθὴν
2808 676 2904 729 καὶ
2930 678 3209 748 ἀτάραχον
3237 680 3343 731 τῶν
3374 679 3655 747 λογισμῶν
3692 678 4054 745 ἐκδεχόμεναι

2476 766 2680 832 κρίσιν.
2707 766 2828 817 Τῶν
2858 765 2904 817 δ’
2934 767 3155 836 ἡμερῶν
3184 768 3391 823 τούτων
3411 769 3760 833 διελθουσῶν,
3786 763 3867 831 οἷς
3894 766 4055 820 τοῦτο

2479 859 2661 926 μέλον,
2723 862 2790 911 τὰ
2842 862 3212 930 γεγραμμένα
3258 862 3669 917 δεικνύτωσανο
3710 863 3785 925 ὡς
3842 864 3910 916 ἂν
3960 864 4053 915 τοῦ

2476 949 2653 1018 θυμοῦ
2683 951 2965 1019 λήξαντος.
2997 953 3121 1005 καθ’
3149 954 3339 1007 ἑαυτὸν
3385 958 3412 1007 ὁ
3442 957 3704 1024 λογισμδς
3735 956 4052 1024 γενόμενος,

2475 1041 2722 1105 ἐξετάσει
2749 1042 2867 1111 δοίη
2896 1045 2961 1095 τὰ
2999 1046 3341 1111 ἐγνωσμένα.
3397 1048 3496 1100 εἴτ’
3528 1052 3585 1099 ὲν
3634 1049 3761 1116 δίκῃ
3797 1049 3905 1113 εἴη.
3943 1049 4051 1098 εἴτε

2476 1131 2569 1181 καὶ
2597 1131 2757 1184 ἄδικα
2779 1147 2792 1161 ·
2840 1134 2944 1185 κᾶν
3003 1136 3100 1203 μὲν
3129 1138 3279 1205 παρὰ.
3322 1138 3502 1208 δίκην,
3537 1138 3700 1199 εὐθὺς
3729 1137 4048 1207 διαρρήξεν

2475 1223 2523 1274 εἱ
2578 1224 2622 1275 δ’
2654 1224 2722 1277 αὖ
2754 1227 3091 1291 τούναντίον,
3152 1228 3445 1297 βεϐαιώσει
3480 1232 3701 1299 μᾶλλον.
3756 1231 3865 1282 Καὶ
3889 1233 3917 1281 ὁ
3945 1229 4051 1280 τῶν

2475 1315 2964 1387 ἡμερῶν·ἀριομδς
2992 1319 3336 1388 λυσιτελήσει
3399 1324 3536 1393 πρὸς
3567 1322 3645 1391 τῷ
3674 1324 3733 1375 τὸ
3771 1324 4051 1393 συμφέρον

2477 1407 2712 1473 μάλιστα
2766 1410 3085 1476 διαγνῶναι.
3144 1413 3304 1475 Εἰκὸς
3361 1416 3471 1482 γὰρ
3522 1413 3663 1467 εἶναι
3699 1416 3793 1467 τὸν
3822 1416 4052 1484 ἐνμέσῳ

2473 1495 2661 1547 τοδτον
2703 1498 2915 1566 χρόνον,
2942 1500 3039 1567 τήν
3071 1517 3130 1551 τε
3177 1501 3442 1571 βασιλέως
3500 1507 3807 1572 μαλάσσειν
3858 1506 4046 1575 ὀργὴν,

2476 1587 2568 1638 καὶ
2594 1586 2688 1638 τοῦ
2724 1588 2898 1656 θνμοῦ
2932 1594 3416 1658 παρακμάζοντος,
3453 1596 3587 1662 ἐλέῳ
3618 1598 3714 1648 καὶ
3746 1596 4051 1664 φιλανθρω-

2477 1679 2575 1749 πίᾳ
2604 1680 2855 1745 γενέσθαι
2888 1680 3093 1750 χώραν.
3129 1702 3147 1733 ι
3197 1684 3256 1736 ’0
3292 1685 3549 1754 βασιλεὺς
3596 1688 3777 1739 τοίνυν
3829 1689 3928 1758 τὴν
3957 1687 4047 1739 τοῦ

2476 1769 2621 1823 θείου
2657 1772 2845 1840 ἱερέως
2905 1775 3194 1844 εἰσήγησιν
3227 1778 3399 1845 ἡδέως
3450 1779 3768 1846 δεξάμενος,
3796 1782 3889 1831 καὶ
3920 1782 4037 1848 ἀρί-

2477 1875 2606 1929 στην
2636 1855 2777 1913 εἶναι
2808 1864 3011 1931 φήσας,
3051 1865 3216 1925 εὐθὺς
3249 1869 3343 1919 καὶ
3374 1870 3469 1920 τὸν
3490 1869 3653 1937 νόμον
3676 1870 3887 1938 ἔγραφε
3914 1888 3927 1900 ’
3954 1872 4049 1922 καὶ

2476 1953 2530 2011 ἔς
2565 1952 2622 2002 τὸ
2673 1953 2922 2021 διηνεκὲς
2981 1956 3040 2006 τὸ
3097 1956 3311 2025 βέϐαιον
3361 1958 3529 2026 ἔχειν,
3556 1964 3792 2023 καὶτοῖς
3823 1965 4049 2023 aiataiat;

2473 2040 2754 2104 δακτύλοις
2780 2045 3241 2113 κατησφαλίζετο.
3285 2043 3361 2101 Oi:
3392 2050 3454 2116 δὴ
3492 2053 3815 2119 γενομένου,
3871 2054 3964 2105 καὶ
4022 2054 4050 2103 ὁ

2472 2130 2670 2200 δεσμὸς
2720 2132 2996 2188 διελύετο*
3053 2138 3293 2207 δημοσία
3345 2140 3565 2203 πρῶτον
3616 2144 3714 2209 τὴν
3771 2145 4050 2212 ἁμαρτίαν

2473 2224 2557 2274 ἔπ’
2620 2225 2923 2293 ἐκκλησίας
2997 2229 3439 2299 ὁμολογήσαντος
3512 2233 3606 2284 τοῦ
3676 2235 4044 2302 κρατοῦντος,

2470 2315 2647 2383 ἠπίως
2675 2318 2719 2366 δ’
2746 2316 2807 2369 εὖ
2838 2319 2987 2385 μάλα
3014 2320 3109 2370 καὶ
3141 2321 3233 2372 τὸν
3259 2322 3548 2394 ὁρισθέντα
3571 2324 3747 2393 τούτῳ
3771 2326 3849 2382 si;
3879 2326 4048 2392 μετα-

2470 2422 2619 2457 νοιαν
2656 2406 2845 2473 χρόνον
2880 2408 3268 2475 εἱσδεξαμένου
3295 2427 3309 2441 ·
3351 2413 3411 2464 ἔν
3439 2407 3480 2476 ᾧ
3516 2407 3671 2479 οίαγε
3704 2415 3939 2479 πενθῶν,
3970 2418 4045 2483 τῷ

2471 2496 2739 2566 βασιλικῷ
2774 2498 2877 2548 οὐκ
2902 2500 3177 2569 ἐχρήσατο
3224 2501 3437 2571 κόσμῳ.
3485 2504 3715 2555 Ἔπειτα
3748 2506 3854 2557 τῶν
3884 2509 4047 2559 θείων

2469 2589 2778 2654 περιδόλων
2825 2591 3102 2656 ἀξιωθεὶς,
3140 2591 3237 2659 οὐχ
3297 2593 3491 2655 ἑστὼς.
3529 2595 3651 2645 οΰτε
3702 2596 3808 2664 μὴν
3840 2599 4043 2657 γόνατα

2468 2680 2690 2745 κλίνων,
2720 2685 2811 2734 τὸν
2833 2684 2943 2736 τῶν
2968 2685 3104 2737 ὅλων
3131 2680 3271 2738 ἱλέου
3297 2687 3576 2756 Δεσπότην
3599 2705 3614 2719 ο
3644 2692 3857 2758 πρηνὴς
3888 2692 3933 2744 δ’
3957 2693 4044 2744 ἔπ’

2466 2771 2691 2836 ἐδάφους
2718 2775 3075 2843 ἐρριμμένος,
3104 2779 3204 2845 τὴν
3228 2779 3527 2845 Δαυῖτικὴν
3553 2782 3771 2849 ἐκείνην
3794 2784 4042 2846 ἐλεεινῶς

2466 2864 2645 2931 ἀφῆκε
2671 2868 2856 2936 φωνήν
2881 2882 2894 2897 ⁸
2935 2869 3266 2936 Ἑκολλήθη
3296 2870 3374 2933 τῷ
3403 2871 3608 2939 ἐδάφει
3642 2874 3679 2938 ἠ
3704 2876 3875 2941 ψυχή
3895 2892 4037 2943 μου·

2467 2952 2653 3021 (ﬁcor-
2675 2974 2752 3025 με
2789 2957 2942 3012 κατὰ
2995 2960 3104 3013 τὸν
3151 2963 3340 3029 λόγον
3391 2977 3532 3017 σου.
3595 2962 3803 3015 Τίλλων
3854 2966 4042 3029 δὲτὰς

806 3064 963 3101 suum
983 3048 1273 3112 obtineret,
1298 3066 1492 3104 manus
1519 3066 1629 3105 suze
1655 3053 2054 3121 subscriptione
2088 3071 2206 3108 eam
2236 3073 2365 3110 con-
2390 3091 2433 3147 ο
2464 3062 2493 3095 τ

2346 3086 2365 3096 -
2390 3091 2433 3147 c
2464 3046 2659 3115 τρίχας
2687 3050 2783 3100 καὶ
2808 3050 2868 3101 τὸ
2895 3050 3147 3118 μέτωπον
3176 3052 3422 3115 τύπτων,
3459 3054 3695 3121 δάκρυσί
3728 3074 3784 3107 τε
3822 3058 4035 3126 βρέχων

809 3141 1059 3195 ﬁrmavit.
1086 3142 1205 3206 Quo
1236 3142 1401 3207 facto,
1420 3144 1701 3197 vinculum
1726 3161 1942 3214 quoque
1960 3148 2108 3200 illius
2124 3150 2361 3215 solutum

805 3240 909 3294 est,
945 3246 1067 3285 cum
1091 3232 1309 3300 quidem
1333 3235 1547 3302 publice
1579 3236 1730 3303 prius
1766 3238 2059 3305 imperator
2079 3248 2361 3305 peccatum

805 3339 966 3377 suum
1009 3325 1065 3378 in
1098 3325 1327 3378 ecclesia
1347 3326 1629 3379 confessus
1658 3326 1871 3390 fuisset,
1901 3339 1955 3381 et
1987 3329 2221 3382 libenter
2267 3331 2360 3383 ad-

802 3411 1027 3467 modum
1049 3415 1402 3468 coustitutum
1422 3416 1753 3484 paenitentia:
1775 3430 1988 3485 tempus
2009 3423 2357 3487 suscepisset.

805 3506 923 3568 Quo
953 3514 1196 3572 tempore
1230 3506 1282 3557 in
1318 3506 1465 3559 luctu
1505 3510 1728 3576 degens,
1787 3510 2165 3576 imperialibus
2193 3526 2361 3565 orna-

807 3596 1003 3648 mentis
1034 3610 1162 3648 usus
1195 3611 1302 3649 non
1332 3606 1433 3650 est.
1478 3599 1684 3653 Deinde
1726 3599 1779 3652 in
1817 3601 1954 3653 sacri
1995 3604 2177 3669 templi
2212 3604 2361 3658 :edes

804 3684 1096 3747 admissus,
1130 3700 1235 3739 non
1266 3696 1416 3741 stans
1440 3688 1553 3753 ille,
1599 3703 1775 3758 neque
1809 3693 2037 3757 genibus
2065 3693 2238 3757 ﬂexis,
2277 3710 2361 3748 re-

809 3789 929 3826 rum
997 3777 1377 3829 universarum
1450 3779 1735 3832 Dominum
1791 3782 2043 3849 precibus
2085 3785 2355 3851 placavit:

802 3865 895 3918 sed
920 3881 1123 3933 pronus
1163 3867 1215 3920 iu
1264 3869 1437 3922 solum
1467 3870 1730 3936 abiectus,
1787 3874 2154 3928 miserabilem
2214 3876 2356 3930 illam

802 3954 1024 4008 Davidis
1051 3956 1235 4008 emisit
1264 3972 1453 4009 vocem
1486 3974 1501 4011 :
1545 3960 1774 4013 Adhmit
1820 3965 2136 4029 pavimento,
2177 3967 2357 4019 anima

800 4059 939 4107 mea,
964 4046 1163 4109 vivi/ica
1180 4064 1259 4099 me
1273 4049 1553 4101 secundum
1579 4052 1785 4103 verbum
1804 4052 1997 4105 tuum'.
2026 4072 2043 4103 ι
2069 4054 2355 4109 Etcomam

800 4134 1027 4200 insuper
1058 4138 1281 4200 vellens,
1312 4138 1657 4208 [mutemque
1684 4142 2059 4204 diverberatis.
2091 4156 2148 4199 et
2181 4147 2355 4201 solum

797 4225 1055 4295 lacrymis
1091 4229 1478 4294 madetaciens,
1512 4233 1693 4286 delicti
1736 4237 1951 4289 veniam
1987 4238 2053 4289 ad
2084 4254 2208 4291 eum
2239 4254 2354 4293 mo-

798 4317 927 4369 dum
958 4319 1134 4385 petiit.
1178 4320 1468 4391 Postquam
1498 4340 1628 4379 vero
1664 4335 1878 4395 tempus
1936 4330 2175 4390 advenit.
2229 4346 2351 4385 cum

2465 3139 2524 3187 τὸ
2567 3137 2781 3205 ἔδαφος,
2847 3144 2943 3192 καὶ
2990 3142 3088 3211 τὴν
3137 3144 3352 3195 ἐκεῖθεν
3400 3144 3520 3213 ⁴ᾔτει
3571 3146 3909 3213 συγγνώμην
3956 3148 4037 3213 τῷ

2466 3232 2791 3296 πταίσματι.
2836 3231 2923 3293 Ὠς
2953 3232 3009 3284 δὲ
3044 3233 3135 3285 καὶ
3159 3234 3350 3301 καιρὸς
3379 3237 3571 3304 ἐνέστη
3612 3238 3731 3289 καθ’
3767 3239 3825 3287 ὃν
3849 3239 4036 3307 ἐχρῆν,

2463 3318 2653 3388 ὥσπερ
2682 3316 2749 3388 ἦν
2772 3320 2893 3383 ἔθος
2921 3325 2985 3391 τῇ
3023 3323 3144 3393 ἱερᾷ
3173 3326 3424 3394 τραπέζῃ
3450 3328 3518 3377 τὰ
3552 3327 3701 3393 δῶρα
3735 3344 4040 3396 προσενεγ-

2463 3414 2602 3474 κεῖν,
2665 3414 2972 3481 σύνδακρυς
3038 3416 3249 3467 ἔκεῐθεν
3316 3418 3656 3485 ἀνεγερθεὶς,
3713 3420 3819 3470 τῶν
3875 3420 4038 3471 θείων

2461 3506 2780 3572 ἀνακτόρων
2802 3505 2971 3573 ἱπέὸη
3001 3521 3015 3536 ·
3041 3508 3135 3558 καὶ
3163 3510 3230 3560 τὰ
3282 3508 3510 3561 εἰωθότα
3545 3510 3695 3575 δὼρα
3731 3528 4037 3577 προσενεγ-

2461 3593 2591 3655 κὼν,
2617 3595 2761 3646 ἔνδον
2808 3596 2918 3647 τῶν
2974 3597 3137 3666 ἱερῶν
3172 3598 3465 3663 κιγκλίδων
3493 3600 3736 3663 ἐγένετο,
3772 3602 3845 3668 τῷ
3885 3603 4036 3668 ἱερα-

2461 3688 2589 3756 τείῳ
2616 3689 2749 3740 ὅπου
2773 3688 2835 3756 δὴ
2864 3691 2927 3740 ὲκ
2958 3689 3195 3742 παλαιοῦ
3220 3691 3337 3752 ἔθος
3366 3687 3433 3761 ἢν
3461 3694 3584 3753 τοὶς
3614 3691 3853 3759 βασιλεῖς
3885 3695 4036 3745 ἵστα-

2462 3778 2607 3840 σθαι,
2642 3778 2761 3831 κατ⁹
2792 3779 2985 3850 ἐξοχὴν
3015 3781 3108 3832 τοῦ
3146 3780 3275 3833 λαοῦ
3316 3784 3803 3852 ⁸κεχιιιρισμένους.
3843 3787 3909 3836 Ὂ
3941 3804 4036 3838 κο-

2460 3870 2683 3931 λακείας
2712 3871 2914 3936 μᾶλλον
2946 3871 2977 3938 ἢ
3010 3872 3266 3937 εὐταξίας
3298 3870 3436 3925 εἶναι
3469 3874 3795 3940 ὑπειληφὼς
3828 3879 3855 3927 ὁ
3900 3878 4037 3945 Ἀμ-

2460 3962 2694 4031 6ρόσιος,
2749 3964 2844 4014 καὶ
2901 3961 2993 4013 τὸν
3055 3963 3335 4031 βασιλικὸν
3380 3964 3457 4027 ὡς
3510 3968 3687 4035 χρεὼν
3727 3972 4034 4038 τηνικαῦτα

2458 4052 2622 4103 τόπον
2651 4051 2981 4122 ἐρρύθμιζε,
3007 4055 3099 4106 τὸν
3122 4055 3229 4122 πρὸ
3258 4055 3366 4106 τῶν
3395 4055 3723 4125 δρυφάκτων
3770 4062 3890 4129 ἦτοι
3924 4062 4034 4112 τῶν

2457 4134 2552 4188 τοῦ
2582 4137 2847 4206 ἱερατείου
2884 4138 3178 4205 κιγκλίδων
3204 4156 3219 4170 ·
3285 4140 3426 4193 ὥστε
3472 4144 3568 4195 τοῦ
3615 4147 3714 4214 μὲν
3742 4148 3872 4199 λαοῦ
3931 4152 4033 4217 τὴν

2460 4229 2752 4297 προεδρίαν
2789 4229 2881 4281 τὸν
2916 4230 3223 4299 κρατοῦντα
3254 4231 3419 4300 ἔχειν,
3446 4235 3615 4288 αὑτοῦ
3654 4237 3711 4289 δὲ
3744 4240 4033 4305 προκαθῆ-

2462 4320 2586 4371 σθαι
2618 4321 2743 4381 τοὺς
2776 4322 2985 4390 ἱερέας.
3016 4323 3120 4375 Ἦν
3143 4322 3207 4392 δὴ
3239 4326 3333 4375 καὶ
3375 4326 3498 4377 τότε
3554 4328 3653 4395 μὶν
3682 4328 3757 4390 ὡς
3796 4330 4037 4418 ἀρίστην

796 4422 922 4460 cum
954 4424 1103 4463 more
1134 4423 1377 4481 recepto,
1410 4432 1610 4471 munus
1647 4419 1713 4472 ad
1742 4436 1952 4474 sacram
1988 4437 2231 4476 mensam
2279 4424 2357 4477 af-
2383 4410 2485 4470 οὲ

2341 4455 2357 4466 .
2383 4410 2435 4470 ι)
2461 4411 2692 4479 ἐπῄνεσε
2756 4413 3033 4477 Θεοδόσιος
3054 4431 3067 4445 ο
3135 4417 3443 4485 ἔκράτυναν
3484 4418 3544 4469 δὲ
3576 4420 3627 4470 οἱ
3682 4421 3924 4487 καθεξῆς
3945 4438 3959 4452 ·

795 4496 942 4553 ferre
971 4511 1270 4569 oporteret,
1320 4506 1627 4576 lacrymans
1682 4512 1953 4577 surrexit,
2004 4525 2060 4566 et
2108 4515 2353 4569 divinum

795 4592 1093 4645 sacrarium
1126 4594 1404 4664 ingressus
1431 4610 1550 4653 est:
1584 4614 1641 4656 et
1668 4604 1815 4658 dono
1847 4620 1913 4659 ex
1955 4609 2356 4665 consuetudine

793 4684 997 4749 oblato,
1032 4686 1175 4740 intra
1232 4703 1417 4743 sacros
1440 4694 1714 4747 cancellos
1778 4699 2099 4763 permansit,
2140 4700 2357 4752 insan-

792 4776 966 4831 ctiore
990 4780 1335 4835 sacerdotum
1361 4784 1502 4849 loco,
1541 4786 1633 4840 ubi
1659 4788 1964 4855 antiquitus
1992 4791 2354 4859 imperatores

793 4870 1096 4924 consistere
1141 4887 1260 4927 mos
1292 4883 1429 4938 erat,
1459 4886 1684 4945 propter
1709 4878 1991 4947 dignitatis
2044 4883 2353 4937 sublimita-

792 4967 897 5012 tem
926 4977 955 5013 a
988 4962 1144 5028 plebe
1168 4975 1501 5033 segregatos.
1522 4967 1693 5031 Quam
1720 4984 1831 5021 rem
1855 4972 2000 5037 quod
2026 4972 2351 5029 Ambrosius

787 5050 1118 5105 adulationis
1151 5058 1321 5123 magis
1348 5072 1512 5123 quam
1535 5058 1746 5114 ordinis
1775 5062 1905 5115 recti
1936 5078 2057 5117 esse
2096 5067 2342 5133 putabat,

896 5143 911 5173 ⁸
948 5143 1093 5198 Psal.
1135 5161 1324 5210 cum,
1350 5148 1444 5201 25.

858 5284 933 5351 (l)
961 5282 1305 5360 Constitutio
1330 5285 1626 5341 Theodosii
1657 5286 1725 5342 de
1762 5288 1986 5360 judiciis
2021 5290 2349 5359 capitalibus

786 5369 895 5408 nou
936 5355 1357 5420 praacipitandis.

858 5427 935 5489 (2)
964 5424 1305 5495 Theodosius
1337 5435 1495 5478 antea
1521 5428 1635 5495 lege
1671 5436 1963 5488 sanxerat,
2000 5438 2057 5481 ut
2095 5441 2191 5484 aut
2216 5446 2345 5483 con-

787 5496 990 5546 victum
1048 5494 1198 5562 velox
1229 5510 1387 5562 pcena
1442 5494 1812 5557 subduceret,
1856 5508 1950 5549 aut
2001 5498 2341 5553 liberandum

785 5563 1033 5615 custodia
1058 5560 1314 5616 diuturna
1337 5580 1444 5617 non
1476 5574 1796 5619 niacetaret‘.
1829 5564 1892 5619 L.
1924 5567 1995 5621 De
2024 5578 2139 5623 test.
2176 5568 2237 5623 C.
2272 5571 2345 5623 De

787 5633 980 5685 custod
995 5672 1007 5683 .
1036 5646 1179 5683 reor.

860 5702 936 5775 (ὃ)
962 5700 1296 5775 βοιιειίςυρο
1340 5702 1633 5775 Theodosii
1679 5705 1800 5775 talis
1835 5705 1973 5760 fuit:
2014 5706 2184 5775 Impp.
2246 5707 2348 5759 Va-

789 5769 1107 5825 lentinianus
1143 5781 1189 5823 et
1224 5771 1531 5827 Theodosius
1564 5776 1731 5843 Augg.
1757 5772 2016 5829 Flaviano
2052 5769 2109 5832 ν’.
2132 5769 2197 5831 Ῥ.
2226 5778 2347 5848 Illy-

2463 4502 2558 4552 καὶ
2577 4503 2633 4564 ἔς
2670 4502 2830 4571 δεῦρο
2860 4503 2918 4567 ἐξ
2967 4504 3176 4556 ἐκείνου
3232 4506 3591 4572 φυλάσσεται.
3648 4508 3790 4576 Ἐγὼ
3838 4512 3895 4562 δὲ
3937 4515 4034 4564 καὶ

2461 4590 2608 4655 ἃπαξ
2640 4594 2733 4643 τοῦ
2768 4592 2921 4655 ἔτους
2949 4590 3090 4647 εἶδον
3122 4598 3247 4658 τοὺς
3271 4597 3392 4649 καθ’
3423 4600 3569 4667 ἡμᾶς
3598 4599 3866 4666 θεοφιλῶς
3893 4620 4034 4671 κρα-

2453 4684 2685 4746 τοῦντας
2720 4688 2864 4761 κατᾲ
2886 4688 2978 4739 τὸν
3010 4688 3102 4740 τοῦ
3132 4692 3374 4758 μεγάλου
3412 4693 3689 4745 Σαδδάτου
3720 4696 3917 4763 καιρὸν
3952 4697 4032 4764 τῷ

2458 4775 2701 4843 μεγίστῳ
2730 4776 2879 4843 δόμῳ
2910 4778 3006 4845 τῆς
3041 4778 3134 4830 τοῦ
3164 4780 3298 4831 Θεοῦ
3329 4782 3527 4847 Σοφίας
3584 4783 3735 4835 ἔνδον
3765 4785 3875 4835 τῶν
3902 4788 4034 4838 ἀδὺο

2450 4882 2559 4917 των
2594 4868 2897 4931 εἱσιόντας,
2924 4872 3018 4921 καὶ
3048 4873 3407 4938 σταυροειδὼς
3439 4874 3536 4942 τὴν
3564 4874 3717 4926 θείαν
3746 4878 4034 4944 τράπεζαν

2452 4957 2712 5024 ἁρώμασι
2741 4959 3054 5027 θυμιῶντας
3093 4965 3323 5026 καινοῖς,
3359 4967 3451 5015 καὶ
3478 4965 3630 5033 δῶρα
3654 4966 3833 5036 ταύτῃ
3862 4984 4034 5035 προσ-

2453 5050 2711 5116 άγοντας.
2775 5053 2918 5105 Ἀλλ’
2951 5054 3045 5105 ἱπὶ
3094 5055 3155 5107 τὸ
3208 5056 3570 5124 προκείμενον
3632 5056 3824 5123 ἴωμεν.
3874 5060 4031 5111 ἐπεὶ

2447 5293 2562 5345 rici.
2601 5291 2661 5347 Si
2700 5296 2957 5367 vindicari
2982 5299 3034 5350 in
3065 5297 3266 5367 aliquos
3294 5301 3541 5362 severius,
3577 5312 3759 5354 contra
3788 5320 4032 5363 nostram

2448 5365 2897 5435 consuetudinem,
2957 5381 3051 5431 pro
3100 5365 3273 5422 causa
3324 5371 3517 5421 intuitu
3562 5371 3896 5435 iusserimus.
3932 5395 4029 5430 no-

2448 5431 2620 5483 lumus
2666 5436 2849 5511 statim
2897 5451 2981 5511 eos
3034 5448 3128 5511 aut
3156 5440 3330 5511 subire
3372 5431 3597 5504 poenam.
3629 5451 3723 5491 aut
3787 5431 4034 5511 excipere

2451 5505 2786 5576 sententiam,
2827 5504 2916 5555 sed
2949 5522 3040 5568 per
3077 5506 3183 5558 dies
3215 5509 3431 5576 triginta
3479 5525 3634 5574 super
3666 5523 3814 5563 statu
3847 5504 4032 5569 eorum

2452 5586 2565 5644 sors
2598 5581 2649 5622 et
2680 5572 2890 5639 fortuna
2920 5590 3171 5642 suspenso
3210 5572 3301 5629 sit:
3334 5577 3464 5629 Reos
3496 5572 3620 5629 sane
3651 5583 3875 5644 accipiat
3914 5587 4029 5637 tin-

2454 5640 2662 5760 agitque
2721 5644 2981 5709 custodia,
3012 5640 3085 5697 ἐι
3135 5647 3360 5699 excubiis
3424 5647 3700 5701 solertibus
3744 5640 4033 5721 uigiIauter

2454 5724 2484 5760 ο
2518 5718 2700 5760 servet.

2454 5718 2700 5762 observet.
