4278 6438
268 389 377 451 897

1205 390 1799 451 ECCI.ESIASTIC.E
1841 396 2225 457 lllSTOltli‘E
2266 398 2394 457 LIB
2456 400 2590 459 XII.

3406 400 3509 463 898

269 501 382 568 γὰρ
415 500 589 571 είσῄει
640 502 669 551 6
718 499 1019 562 Θεοδόσιος.
1063 502 1268 571 ἡρέμα,
1310 506 1361 557 εῖ
1409 520 1550 567 τινος
1592 506 1785 571 δέοιτο,
1812 510 1839 560 6
1865 510 1955 576 Αἰ

1815 510 1911 576 όΑ
1943 510 2241 579 ἰηιιιοτίειιὶε
2262 528 2481 582 quoque
2512 513 2764 567 stationis
2802 514 3005 576 locum,
3051 514 3121 568 ita
3148 523 3207 569 ut
3235 530 3332 584 par
3365 528 3504 582 erat,

281 594 610 662 Ἀμϐρόσιος
640 594 825 663 ῆρετο.
888 591 994 645 Τοῦ
1021 593 1065 644 δ’
1116 596 1360 657 είπόντος
1415 597 1513 663 τὴν
1542 598 1649 647 τῶν
1681 598 1842 651 θείων

274 685 600 752 μυστηρίων
653 683 947 752 ἀναμένειν
997 683 1325 751 μετάληψιν,
1378 686 1592 755 ἐδήλου,
1627 686 1701 755 τῷ
1736 689 1843 741 τῶν

269 775 538 826 διακόνων
574 773 775 843 πρώτῳ
803 775 1063 845 ὑπουργῴ
1094 777 1463 845 χρησάμενος,
1518 778 1737 846 μηνύων
1765 781 1841 843 ὡς

278 884 296 917 ι
333 866 412 918 Τὰ
437 866 608 929 ἔνδον,
634 862 679 919 ὦ
701 865 943 935 βασιλεῦ,
972 869 1150 937 μόνοις
1178 870 1286 921 είσὶ
1310 871 1419 929 τοῖς
1454 868 1660 937 ἱερεῦσι
1682 872 1839 937 βατὰ,

271 962 384 1021 τοῖς
416 959 474 1010 δὲ
505 958 685 1021 ἀλλοις
725 960 893 1012 πᾶσιν
945 959 1367 1028 ἀπρόσψαυστα.
1415 960 1594 1026 Ἐξιθι
1639 964 1838 1027 τοίνυν,

270 1057 364 1104 καὶ
431 1054 542 1111 τοῖς
582 1052 764 1113 ἄλλοις
814 1052 1062 1103 κοινώνει
1113 1053 1210 1120 τῆς
1245 1052 1507 1113 στάσεως.
1555 1052 1841 1121 Ἀλουργὶς

271 1146 383 1214 γὰρ
424 1144 683 1211 βασιλέας
740 1145 838 1211 οὐχ
876 1144 1060 1213 ἱερέας
1102 1146 1266 1197 ποιεῖ.
1307 1162 1325 1193 ι
1385 1144 1494 1195 Καὶ
1521 1143 1697 1197 ταῦτα
1726 1144 1781 1195 δὲ
1813 1143 1842 1193 6

270 1236 515 1306 θεοειδὴς
575 1235 873 1304 δεξάμενος
923 1235 1197 1303 βασιλεὺς,
1253 1235 1566 1304 ἀντεδήλου,
1610 1234 1683 1295 ὡς
1721 1254 1739 1286 ι
1766 1235 1840 1287 υύ

273 1330 469 1395 θράσει
505 1328 832 1397 φερόμενος,
867 1328 1008 1381 ἀλλά
1038 1328 1113 1397 τῷ
1152 1329 1209 1380 ιν
1261 1326 1843 1382 Κωνσταντινουπόλει

269 1419 385 1471 ἔθει
414 1419 705 1488 έπόμενος,
733 1424 842 1473 τῶν
867 1418 1165 1486 κιγκλίδων
1190 1420 1321 1473 εἴσω
1352 1420 1676 1487 γεγένημαι.
1701 1417 1842 1483 Ἐγὼ

269 1508 328 1559 δὲ
367 1511 462 1559 καὶ
510 1508 675 1575 τῆσδε
726 1510 891 1578 χάριν
943 1510 1045 1578 τῆς
1093 1508 1335 1577 ίατριίας
1370 1508 1601 1576 χάριτάς
1627 1524 1707 1558 σοι
1734 1506 1842 1573 ἔχω

277 1602 544 1668 μεγάλας.
580 1620 599 1652 ι
652 1598 810 1653 Οὕτω
840 1600 932 1652 καὶ
980 1603 1009 1652 6
1045 1598 1299 1668 βασιλεὺς
1347 1600 1441 1651 καὶ
1486 1602 1513 1651 6
1555 1600 1841 1667 ἀρχιερεὺς

277 1693 553 1759 ὑπερφυεῖ
580 1692 883 1760 διέλαμπον
908 1692 1100 1761 ἀρετῇ,
1134 1692 1209 1752 ὡς
1243 1691 1340 1760 ἐμὲ
1372 1690 1446 1759 μὴ
1472 1691 1668 1761 ρξδὶως
1698 1690 1843 1756 ἔχειν

275 1784 496 1849 ποτέρῳ
527 1782 734 1835 τούτων
772 1783 832 1835 τὸ
877 1784 1143 1848 πρωτεῖον
1191 1781 1475 1851 παρέχειν.
1513 1784 1755 1848 Ἀγαμαι
1787 1781 1839 1829 ἑὲ

1947 603 2000 655 in
2032 603 2279 658 ordinem
2304 621 2463 658 suum
2495 604 2722 672 redegit,
2759 620 2855 672 pro
2884 604 3141 660 tabulatis
3172 620 3268 659 seu
3296 608 3508 662 cancel-

1945 693 2012 746 iis
2052 697 2277 748 sacrarii
2312 697 2439 748 anule
2469 695 2543 749 illi
2577 696 2880 761 designata.
2916 705 2975 747 ut
3002 698 3300 763 imperator
3332 701 3507 750 bono-

1947 785 2202 835 ratiorem
2238 785 2458 853 quidem
2497 802 2605 853 prae
2639 786 2839 853 populo
2901 788 3190 840 stationem
3257 786 3504 848 haberet.

1945 890 2055 943 prae
2085 875 2177 928 illo
2207 888 2387 929 autem
2418 877 2735 930 sacerdotes
2769 878 2945 929 toi-um
2998 877 3373 931 sublimiorem
3412 877 3512 929 ob-

1945 966 2202 1019 tinerent.
2235 967 2390 1034 321
2425 968 2557 1019 Eum
2593 967 2841 1020 ordinem
2870 976 2927 1019 ut
2955 969 3220 1034 optimum
3256 966 3509 1021 Theodo-

1945 1057 2059 1109 sius
2096 1068 2205 1109 tum
2259 1057 2525 1118 laudavit.
2568 1059 2769 1124 posteri
2817 1074 3037 1127 quoque
3075 1060 3506 1111 conﬁrmarunt:

1944 1150 2037 1215 qui
2068 1149 2195 1202 inde
2221 1148 2287 1202 ad
2323 1150 2437 1201 Ita'c
2462 1164 2633 1216 usque
2655 1162 2898 1217 tentpota
2929 1160 3205 1203 servatur.
3231 1150 3343 1219 Ego
3374 1165 3507 1204 veto

1943 1240 2109 1293 semel
2142 1255 2324 1292 annuo
2361 1250 2604 1307 tempore
2665 1252 2863 1293 nostrae
2916 1241 3093 1293 aetatis
3127 1241 3221 1294 Dei
3251 1244 3513 1294 amantis-

1942 1332 2111 1384 simos
2145 1330 2440 1397 principes.
2503 1332 2679 1399 magni
2737 1330 2958 1384 Sabbati
2991 1332 3102 1393 die,
3143 1346 3298 1385 sacra
3351 1332 3511 1400 adyta

1946 1420 2161 1472 maximi
2189 1420 2283 1472 Dei
2311 1419 2607 1487 Sapientiae
2633 1421 2813 1488 templi
2845 1421 3053 1488 ingredi
3096 1421 3228 1482 vidi,
3263 1436 3385 1473 cum
3408 1422 3511 1474 sub

1943 1512 2127 1565 crucis
2173 1511 2373 1573 turma,
2408 1515 2459 1564 in
2490 1527 2565 1563 sat
2587 1529 2640 1564 ra
2678 1527 2863 1564 mensa
2897 1529 3033 1564 nova
3077 1512 3359 1565 a-iolerent
3384 1527 3509 1563 aro-

1948 1610 2108 1663 mata,
2135 1602 2348 1655 etdona
2376 1602 2423 1653 ei
2454 1601 2739 1655 inferrent.
2765 1602 2868 1655 Sed
2902 1603 2965 1652 ad
2988 1604 3298 1653 institutum
3326 1616 3511 1653 reter-

1946 1703 2141 1745 taumr.
2172 1694 2461 1761 Posuqnam
2494 1696 2547 1745 in
2578 1694 2875 1749 sacrarium
2915 1694 3191 1761 ingressus
3212 1702 3294 1745 cst
3323 1692 3474 1745 Theo
3494 1718 3505 1728 -

1945 1782 2155 1844 dosius,
2218 1782 2415 1835 blande
2475 1797 2624 1844 eum,
2686 1782 2730 1836 si
2761 1784 2887 1849 quid
2951 1783 3129 1841 vellet,
3188 1782 3511 1834 Ambrosius

277 1876 520 1945 μάλιστα
568 1875 663 1928 τοῦ
717 1876 818 1943 μὲν
864 1875 965 1943 τὴν
1019 1875 1356 1946 παρρησίαν,
1385 1873 1478 1925 τοῦ
1510 1872 1685 1939 δὲτὴν
1713 1871 1839 1935 περὶ
1876 1854 1912 1905 Β
1946 1874 1959 1925 i

1821 1871 1839 1921 ἱ
1876 1854 1912 1905 Β
1946 1872 2319 1941 interrogavit.
2362 1872 2453 1925 Ille
2493 1887 2623 1926 vero
2646 1888 2704 1925 se
2759 1872 2830 1926 ibi
2862 1872 3174 1926 divinorum
3220 1874 3510 1942 mysterio-

272 1968 344 2019 τὰ
367 1967 487 2019 θεῖα
525 1966 849 2019 εὐλάϐειανο
910 1966 1002 2021 καὶ
1041 1967 1134 2019 τοῦ
1169 1966 1267 2035 μὲν
1300 1966 1389 2017 τὸν
1417 1963 1597 2033 ζῆλον,
1630 1964 1839 2014 ἐκείνου

271 2063 329 2113 δὲ
353 2062 413 2113 τὸ
447 2062 584 2130 πρὸς
612 2061 746 2114 Θεὸν
772 2062 1099 2131 ἀκραιφνές.
1132 2060 1367 2121 Τούτους
1395 2060 1452 2111 δὲ
1486 2059 1611 2120 τοὺς
1644 2059 1841 2127 νόμους

270 2152 364 2215 οὒς
385 2153 444 2217 ἐξ
474 2152 803 2219 Ἀειίέροσίου
830 2152 1185 2215 πεπαίδευτο,
1219 2153 1316 2204 καὶ
1342 2153 1399 2213 ἐς
1422 2150 1521 2218 τὴν
1553 2152 1843 2203 Κωνσταν-

270 2246 422 2297 τίνου
447 2242 635 2304 ἀνιὼν,
692 2243 937 2313 ἀκριϐῶς
968 2241 1346 2310 διεφύλαττεν.
1420 2240 1571 2293 Ἐπεὶ
1603 2242 1706 2309 γὰρ
1741 2240 1841 2291 κὰ-

274 2338 428 2387 κεῖσε
479 2336 673 2403 ἑορτῆς
724 2336 999 2403 ἀγομένης
1032 2336 1109 2396 είς
1140 2335 1233 2386 τὸν
1275 2334 1417 2385 θεῖον
1452 2332 1654 2400 ἀνῆκτο
1682 2331 1837 2394 νεὼν,

272 2426 342 2477 τὰ
374 2425 525 2494 δῶρα
558 2427 623 2493 τῇ
658 2428 896 2495 μυστικῇ
935 2424 1183 2494 τραπέζῃ
1224 2423 1636 2491 προσενεγκὼν,
1665 2422 1842 2474 ὀπίσω

272 2518 492 2587 χωρῶν,
526 2518 689 2579 εὐθὺς
716 2517 1057 2587 ἐξελήλυθεν.
1103 2517 1210 2569 Τοῦ
1232 2517 1281 2569 δ’
1331 2516 1633 2587 ἀρχιερέως
1691 2514 1843 2583 (Νε-

275 2614 498 2677 κταριος
526 2610 584 2661 δὲ
622 2610 923 2679 τηνικαῦτα
974 2605 1077 2678 ἦν)
1109 2609 1564 2678 δυσχεράναντος,
1589 2606 1680 2659 καὶ
1715 2608 1838 2657 ὅτου

275 2702 437 2768 χάριν
479 2700 656 2752 ὀπίσω
689 2700 982 2769 ἀνέδραμε,
1026 2699 1464 2769 διαμηνύσαντος
1491 2736 1505 2761 ,
1532 2695 1839 2767 ἀχθεσθεὶς,

278 2810 297 2842 ι
335 2792 525 2855 Μόλις,
552 2792 680 2860 ἔφη,
712 2792 976 2860 βασιλέως
1000 2794 1094 2843 καὶ
1119 2792 1310 2860 ἱερέως
1339 2790 1512 2857 ἔγνων
1540 2790 1603 2842 τὸ
1634 2789 1797 2858 μέσον
1822 2803 1837 2819 ·

277 2884 433 2951 μόλις
482 2876 640 2951 εὖρον
686 2882 785 2948 τῆς
841 2882 1098 2950 ἀληθείας
1150 2882 1495 2935 διδάσκαλον.
1528 2880 1704 2934 Μόνον
1732 2880 1842 2947 γὰρ

275 2973 445 3039 ἀξίως
488 2973 818 3043 Ἀμδρόσιον
876 2969 1016 3024 εἶδον
1053 2971 1148 3026 τοῦ
1206 2970 1571 3024 έπισκοπικοῦ
1617 2988 1845 3040 τετυχη-

273 3062 411 3115 κότα
437 3062 723 3129 ὀνόματος.
770 3081 789 3114 ι
828 3060 1000 3113 Πόσον
1032 3060 1238 3128 ἀγαθόν
1271 3062 1417 3111 ἐστιν
1440 3059 1661 3127 ἐλεγχος
1692 3061 1838 3112 ἀπα-

1947 1981 2063 2017 rum
2096 1963 2498 2033 perceptionem
2532 1972 2974 2031 exspectaturum
3026 1980 3145 2017 esse
3197 1964 3502 2032 respondit.

1945 2056 2190 2111 Antistes
2257 2055 2516 2124 primario
2565 2055 2794 2109 diacono
2850 2056 3188 2109 internuntio
3247 2072 3398 2119 usus,
3454 2057 3507 2109 ci

1942 2146 2269 2217 signiﬁcavit
2332 2147 2632 2200 sacrarium
2669 2134 2900 2200 interiUs
2931 2163 2959 2200 a
2991 2150 3122 2201 solis
3153 2147 3292 2201 adiri
3322 2163 3504 2203 Sacer-

1943 2239 2181 2303 dotibus,
2222 2239 2461 2317 reli'quos
2488 2247 2668 2291 autem
2702 2254 2893 2291 omnes
2926 2254 2982 2292 se
3016 2238 3166 2293 aditu
3228 2241 3346 2309 ejus
3378 2241 3506 2293 abs-

1946 2332 2140 2384 tinere.
2175 2348 2193 2380 ι
2226 2330 2545 2383 Exeundum
2566 2329 2729 2396 igitur
2750 2329 2852 2381 sibi
2882 2344 3024 2390 esse,
3052 2338 3109 2383 et
3143 2331 3197 2382 in
3229 2330 3505 2383 communi

1943 2437 2067 2476 cum
2128 2422 2253 2476 aliis
2311 2422 2433 2476 loco
2461 2422 2718 2475 standum
2746 2437 2901 2474 esse:
2943 2436 3239 2489 purpuram
3274 2423 3509 2490 imperu-

1949 2525 2117 2574 tores,
2178 2528 2287 2565 non
2349 2512 2661 2565 sacerdotes
2720 2512 2920 2576 fatere,
2970 2512 3178 2566 dicens.
3211 2513 3509 2581 Imperator

1948 2602 2171 2655 divinus
2198 2602 2273 2655 illi
2306 2615 2527 2655 rursum
2579 2602 2881 2655 renuntiari
2904 2602 3091 2670 jussit,
3145 2618 3251 2656 non
3284 2608 3505 2659 temeri-

1949 2704 2056 2748 tate
2083 2709 2140 2747 se
2164 2693 2482 2756 adductum,
2506 2692 2598 2746 sed
2629 2693 3083 2746 consuetudinem
3109 2710 3229 2762 qua:
3246 2693 3509 2749 Constan-

1951 2785 2181 2849 tinopoli
2212 2793 2550 2846 servaretur,
2590 2792 2863 2845 secutum,
2904 2783 3044 2836 intra
3094 2785 3320 2839 sacrarii
3378 2801 3508 2838 can-

1947 2877 2111 2930 cellos
2144 2874 2377 2930 venisse.
2409 2873 2625 2941 Magnas
2657 2888 2787 2927 vero
2813 2887 2879 2927 c0
2903 2874 3069 2928 etiam
3094 2876 3312 2929 nomine
3329 2877 3395 2930 de
3414 2878 3505 2930 tali

1946 2969 2355 3023 institutionese
2377 2965 2451 3019 illi
2470 2967 2670 3034 gratias
2683 2980 2862 3033 agere.
2896 2985 2915 3016 ι
2945 2967 3024 3020 Ad
3046 2968 3190 3021 hunc
3213 2969 3425 3023 scilicet
3451 2978 3508 3021 et

1951 3061 2171 3115 modum
2206 3059 2502 3127 imperator
2530 3066 2588 3110 et
2620 3058 2912 3127 cpiscopus
2970 3059 3199 3113 mirifica
3258 3062 3508 3114 enituere

274 3153 395 3222 θὴς,
460 3153 735 3220 ιγκαίρως
768 3151 902 3221 παρ’
954 3150 1148 3235 ἀνδρὸς
1179 3150 1350 3218 ἀρετῇ
1390 3149 1484 3201 καὶ
1519 3148 1835 3219 δικαιοσύνῃ
1868 3184 1915 3246 C
1947 3173 1963 3207 ι

1817 3165 1835 3218 n
1868 3184 1915 3246 ϐ
1947 3157 2169 3217 virtute,
2208 3161 2266 3204 ut
2297 3151 2429 3204 mihi
2464 3150 2762 3204 decernere
2804 3150 2962 3205 facile
3023 3167 3131 3204 non
3189 3152 3279 3216 sit,
3324 3162 3506 3206 utrum

272 3244 676 3312 διαλάμποντος
697 3243 1084 3311 είσφερόμενος
1104 3231 1123 3304 ς’
1143 3241 1235 3310 Τῷ
1259 3240 1303 3292 δ’
1333 3243 1389 3293 Ἀ
1401 3240 1645 3311 μσροσίῳ
1665 3240 1843 3309 τούτῳ

276 3336 448 3389 πολλὰ
502 3336 602 3404 μὲν
638 3335 731 3387 καὶ
760 3333 893 3387 ἄλλα
918 3330 1276 3401 κατώρθωται
1329 3332 1653 3402 ίεραρχικῆς
1686 3334 1841 3402 ἐνερ-

275 3429 430 3496 γείας
470 3426 691 3491 ἐπάξια,
748 3425 785 3479 ἃ
814 3428 941 3489 τοῖς
976 3426 1153 3477 ἐκεῖσε
1208 3425 1317 3475 τῶν
1347 3425 1655 3495 ἐπιχωρίων
1694 3424 1842 3486 είκὸς

277 3522 571 3593 ἐγνῶσθαι.
605 3519 745 3587 Ἐγὼ
762 3520 818 3572 δὲ
852 3520 948 3571 καὶ
974 3517 1131 3569 τοῦτο
1162 3516 1271 3568 τῶν
1300 3519 1513 3569 ἐκείνου
1539 3516 1841 3585 πυθόμενος

275 3616 428 3680 ἀξιον
475 3614 691 3678 μνήμης
729 3608 809 3671 ὃν,
863 3611 928 3676 τῇ
971 3610 1265 3675 συγγραφῇ
1296 3606 1602 3669 καταλέξω.
1632 3607 1752 3657 Τῶν
1783 3608 1840 3657 ἐν

274 3706 420 3757 τέλει
444 3719 525 3761 τις
556 3700 821 3768 Ἑλλήνων
838 3698 1106 3767 θρησκείᾳ
1127 3698 1524 3764 πεπεδημένος,
1546 3696 1839 3763 καθύόριζε

273 3801 366 3849 τὸν
400 3770 628 3862 βασιλέα
686 3791 1007 3860 Γρατιανὸν,
1066 3788 1247 3857 πολλῷ
1300 3784 1441 3840 εἶναι
1489 3791 1580 3842 τὸν
1628 3790 1839 3841 ἐκείνου

276 3887 493 3953 πατέρα
525 3885 811 3951 κρείττονα
849 3881 1093 3949 φάσκων.
1145 3880 1183 3931 Γ
1192 3881 1518 3948 ραψαμένων
1544 3879 1589 3930 δ’
1629 3881 1839 3931 ἐκείνου

270 3978 460 4040 τινῶν,
491 3977 722 4027 θάνατον
773 3975 897 4042 ἔσχε
949 3975 1009 4025 τδ
1052 3974 1344 4041 ἐπιτίμιον.
1413 3974 1499 4033 Ὠς
1530 3972 1574 4024 δ’
1609 3974 1838 4040 ἄγεσθαι

274 4072 375 4138 τὴν
405 4072 503 4121 ἐπὶ
534 4070 767 4121 θάνατον
824 4066 1039 4135 ἔμελλε,
1080 4067 1284 4133 σπουδῇ
1331 4065 1655 4134 ’Λεισρόσιος
1710 4082 1841 4116 κατ-

275 4162 553 4231 ελάμὸανε
579 4163 646 4213 τὰ
683 4159 931 4228 βασίλεια
958 4158 1169 4209 ἱκεσίαν
1194 4160 1433 4227 κινήσων
1478 4158 1619 4226 ὑπὲρ
1646 4157 1837 4209 αὐτοῦ.

275 4257 416 4322 Περὶ
430 4254 486 4304 δὲ
510 4252 641 4303 θέαν
664 4250 1003 4318 κυνηγεσίων
1030 4248 1329 4315 Γρατιανοῦ
1353 4248 1839 4317 ὲνασχολουμένου,

270 4349 343 4417 ἢν
378 4344 619 4404 ἀνέσεως
646 4343 781 4403 ἰδίας
812 4342 979 4409 χάριν
1004 4342 1052 4392 oi
1086 4339 1323 4407 βασιλεῖς
1359 4341 1619 4409 πράττειν
1646 4340 1836 4393 εἰώθαο

275 4456 383 4496 σιν,
415 4434 591 4494 οὔδεὶς
634 4432 744 4484 τῶν
778 4433 872 4483 ἐπὶ
900 4430 1009 4481 τῶν
1045 4431 1307 4482 πυλώνων
1356 4426 1706 4499 τεταγμένων
1738 4430 1839 4498 τὴν

1951 3239 2106 3293 alteri
2137 3237 2443 3306 praeferam.
2471 3236 2772 3291 Plurimum
2827 3254 2960 3292 sane
2987 3240 3133 3292 illius
3192 3242 3245 3293 in
3277 3240 3523 3295 dicendo.

1948 3329 2279 3388 libertatem.
2314 3328 2475 3397 hujus
2522 3337 2703 3381 autem
2755 3330 2809 3382 in
2845 3335 3009 3381 rebus
3044 3331 3243 3385 divinis
3275 3331 3505 3399 religio-

1949 3434 2106 3473 nem:
2139 3428 2196 3471 et
2245 3420 2373 3472 item
2406 3418 2555 3472 illius
2600 3418 2874 3474 ardorem.
2916 3420 3081 3489 bujus
3136 3424 3407 3476 sinceram
3448 3426 3503 3478 in

1953 3510 2118 3563 Deum
2154 3510 2314 3564 iidem
2333 3510 2595 3564 admiror.
2628 3509 2801 3577 Leges
2829 3526 2925 3565 cras
2951 3528 3089 3580 quas
3113 3513 3180 3566 ab
3214 3515 3502 3570 Ambrosio

1948 3602 2229 3663 didicerat,
2250 3603 2413 3654 etiam
2440 3601 2967 3669 Constantinopolim
3000 3607 3504 3671 reversusdtiigen-

1950 3705 2034 3748 tcr
2067 3700 2322 3749 servavit.
2355 3696 2491 3747 Cum
2526 3696 2668 3749 enim
2720 3707 2777 3749 et
2812 3697 2884 3748 ibi
2937 3697 3026 3749 die
3076 3698 3216 3752 festo
3259 3701 3500 3754 divinam

1950 3788 2224 3855 ingressus
2255 3788 2448 3849 aedem,
2478 3788 2684 3840 donum
2710 3802 2868 3840 suum
2906 3789 3142 3856 mysticae
3199 3807 3395 3846 tuensu;
3426 3796 3505 3847 in-

1947 3880 2134 3940 ferret,
2164 3879 2346 3931 statim
2381 3880 2726 3932 retrocedens
2769 3879 2895 3931 inde
2920 3880 3072 3934 exiit.
3107 3882 3371 3949 Eri-copo
3402 3902 3467 3937 an
3488 3916 3501 3925 -

1948 3978 2055 4020 tem
2088 3966 2396 4033 (Nectarius
2418 3969 2464 4019 is
2496 3970 2755 4031 tumerat)
2783 3967 2982 4021 factum
3016 3969 3068 4021 id
3097 3972 3236 4037 at:ng
3268 3984 3492 4030 ieronte.

1945 4071 1998 4110 et
2028 4074 2266 4127 quanam
2296 4060 2363 4112 de
2407 4075 2568 4112 causa
2592 4076 2658 4112 ex
2686 4061 2925 4113 sacrario
2951 4062 3130 4117 abiret
3164 4066 3498 4129 inquirente,

1945 4164 2068 4202 cum
2125 4150 2358 4218 quadam
2394 4150 2684 4204 molestia:
2727 4168 2744 4199 ι
2784 4151 2882 4203 Vix
2930 4152 3223 4221 aliquando
3258 4160 3495 4221 tandem,

1946 4240 2141 4310 inquit.
2178 4243 2320 4310 quod
2354 4241 2648 4295 discrimen
2688 4242 2758 4295 sit
2813 4244 2956 4297 inter
3007 4247 3390 4314 imperatorem
3442 4266 3497 4305 et

1946 4346 2227 4384 sacrorum
2276 4333 2571 4385 antistitem
2601 4336 2849 4401 cognovi.
2897 4335 2992 4387 Vix
3028 4339 3272 4390 veritatis
3305 4345 3494 4395 docto-

1945 4438 2057 4476 rem
2093 4423 2295 4475 inveni.
2331 4423 2505 4478 Unum
2539 4439 2791 4491 namque,
2822 4425 2914 4492 qui
2948 4440 3044 4491 pro
3104 4428 3365 4493 (ἐξενίκα-[τ
3399 4451 3493 4485 sui

272 4522 581 4590 παρουσίαν
602 4518 695 4571 τοῦ
722 4520 1024 4569 ἐπισκόπου
1051 4518 1311 4586 ἐμήνυσε,
1334 4519 1407 4583 μὴ
1436 4517 1653 4569 εὐθέτου
1678 4516 1838 4584 δῆθεν
1867 4529 1917 4587 D
1943 4529 1961 4566 ε

1797 4535 1838 4568 ἰν
1867 4529 1917 4587 D
1943 4514 2236 4581 episcopali
2255 4514 2475 4566 nomine
2494 4523 2640 4566 recte
2660 4526 2862 4578 utatur,
2885 4517 3229 4571 Ambrosium
3265 4528 3486 4588 mpm-3,.

273 4617 429 4674 ὂντος
484 4609 699 4678 καιροῦ.
766 4609 824 4660 '0
849 4608 893 4659 δ’
927 4607 1203 4675 ὑπεχώρει
1253 4608 1352 4674 μὲν
1413 4607 1659 4661 ἐκεῖθενο
1708 4610 1842 4676 πρὸς

270 4700 327 4749 δὲ
354 4700 424 4766 τῇ
456 4696 603 4766 πύλῃ
625 4689 968 4766 γενόμενοςῇ
997 4696 1120 4755 τοὺς
1148 4694 1315 4763 θῆρα;
1346 4696 1589 4764 εἰσῆγον,
1616 4696 1841 4757 καὶτοῖς

273 4786 606 4853 κυνηγέταις
648 4785 839 4835 ἑαυτὸν
896 4785 1242 4851 παραμίξας,
1297 4784 1474 4836 λαθὼν
1508 4786 1701 4855 είσῄει.
1735 4788 1843 4839 Καὶ

270 4880 334 4930 οὔ
370 4877 639 4943 πρότερον
689 4873 899 4925 ἐκεῖθεν
949 4874 1160 4942 ἐξῆλθε,
1196 4876 1367 4926 πολλά
1395 4876 1697 4943 Γρατιανοῦ
1747 4878 1842 4929 καὶ

269 4969 382 5018 τῶν
408 4970 539 5034 περὶ
573 4968 779 5016 ἐκεῖνον
805 4964 1257 5029 ἀντιϐολούντων,
1290 4965 1395 5027 ἓως
1423 4956 1522 5038 τῆν
1552 4968 1651 5033 τῆς
1678 4985 1843 5021 κατα·

270 5061 431 5124 δίκης
493 5056 671 5123 ψῆῃον
724 5056 1031 5125 τάνθρώπῳ
1056 5056 1331 5125 διέρρηξε,
1389 5060 1477 5109 καὶ
1512 5058 1679 5127 ἄλλην
1718 5060 1842 5128 ἑξή-

272 5166 461 5217 νεγκε,
496 5148 889 5215 συγχωροῦσαν
937 5148 997 5199 τὸ
1026 5147 1279 5216 ἔγκλημα
1311 5151 1384 5217 τῷ
1420 5152 1673 5217 ἀγομένῳ
1705 5152 1839 5216 προς

270 5240 528 5291 θάνατον.
562 5237 734 5305 Εἴπερ
754 5252 837 5296 τις
867 5237 923 5287 δὲ
948 5238 1077 5303 περὶ
1102 5236 1199 5305 τὴν
1228 5238 1474 5307 φυλακὴν
1511 5241 1617 5290 τῶν
1645 5240 1841 5307 ἐκκλη-

271 5330 575 5383 σιαστικῶν
600 5329 783 5394 νόμων
808 5328 1094 5389 σπουδαῖος
1124 5330 1262 5396 ἄγαν
1296 5331 1509 5394 ἐγένετο
1539 5332 1565 5381 6
1607 5332 1659 5381 'A
1673 5331 1839 5398 μόρό-

271 5440 410 5484 στος,
446 5420 793 5488 καταστῆσαί
849 5437 907 5472 τε
963 5423 1089 5481 τοὺς
1143 5423 1201 5472 ὲν
1255 5422 1438 5490 κύκλῳ
1491 5424 1584 5475 καὶ
1625 5422 1839 5491 παιδεία

269 5517 436 5567 θείων
486 5515 667 5581 νόμων
703 5514 1008 5579 ὑπαγαγεῖν
1057 5513 1394 5577 δεξιώτατος.
1425 5516 1567 5583 Πλὴν
1596 5518 1657 5566 ἐκ
1694 5518 1835 5568 πάνυ

268 5604 486 5656 πολλῶν
517 5604 619 5655 ὅσα
654 5602 1011 5672 κατορθώσας
1059 5602 1238 5672 ὤφθη,
1273 5605 1464 5656 τοσάδε
1522 5622 1611 5672 μοι
1646 5607 1833 5660 ἐνθάδε

263 5696 531 5766 είρήσθω.
582 5694 765 5749 Ἱκανὰ
795 5696 902 5764 γὰρ
933 5696 1127 5760 δεῖξαι,
1158 5699 1288 5765 ὅσης
1315 5698 1569 5765 ηὖμοίρει
1599 5698 1684 5750 διὰ
1738 5700 1835 5767 τὴν

1945 4606 2216 4670 Quantum
2253 4605 2657 4659 commoditatis
2709 4607 3034 4676 objurgatio,
3092 4612 3380 4666 aﬂ'ectione
3423 4622 3496 4667 vi-

1945 4698 2079 4748 tiosa
2139 4710 2355 4759 carens,
2437 4696 2482 4749 si
2537 4696 2589 4748 in
2662 4707 2905 4764 tempore
2964 4714 2993 4751 ιι
3053 4703 3169 4753 viro
3240 4718 3495 4771 spectatae

1944 4786 2168 4838 \irlutis
2192 4797 2248 4839 et
2273 4785 2495 4855 justitia‘
2543 4785 2888 4849 adhibeatur,
2919 4788 3184 4843 indicans.
3219 4794 3494 4849 Ambrosii

1943 4879 2103 4947 hujus
2136 4880 2301 4931 multa
2338 4892 2552 4945 quoque
2584 4876 2688 4929 alia
2726 4888 2854 4929 sunt
2890 4890 3037 4932 recte
3090 4882 3251 4945 facta,
3283 4888 3494 4951 cpisco-

1942 4968 2048 5037 pali
2084 4968 2270 5020 virtuti
2290 4968 2693 5031 convenientia,
2716 4983 2837 5034 qua:
2874 4969 2977 5023 loci
3004 4974 3121 5039 ejus
3145 4973 3340 5027 incolis
3369 4989 3491 5029 notu

1940 5074 2059 5114 csse
2084 5075 2178 5125 par
2209 5070 2291 5112 est
2322 5058 2503 5127 322.
2535 5058 2646 5123 Ego
2673 5070 2853 5114 autem
2888 5078 3055 5114 unmn
3089 5082 3303 5132 quoque
3337 5068 3487 5123 iliud.

1941 5152 2083 5219 quod
2101 5151 2165 5204 de
2197 5166 2263 5203 eo
2287 5151 2491 5211 audivi,
2524 5151 2782 5202 memoria
2814 5152 3058 5219 dignum.
3097 5156 3335 5210 historiae
3364 5161 3489 5212 huic

1942 5245 2196 5297 inseram.
2259 5244 2334 5295 Ex
2400 5243 2803 5309 magistratibus
2861 5246 3107 5313 quidam,
3180 5248 3486 5303 Graecorum

1940 5334 2311 5403 superstitioni
2330 5334 2595 5395 addictus.
2615 5333 2995 5404 imperatorem
3019 5339 3333 5394 Gratianum
3362 5358 3490 5395 eon-

1946 5428 2088 5478 vicio
2113 5426 2466 5494 prosciderat,
2503 5439 2739 5493 cumque
2772 5443 2799 5480 a
2826 5439 2975 5495 patro
3006 5446 3106 5482 suo
3129 5431 3487 5497 degenerasse

1937 5519 2164 5569 dixerat.
2201 5518 2316 5581 Quo
2359 5516 2576 5568 nomine
2625 5533 2748 5569 cum
2781 5530 3063 5572 accusatus
3093 5536 3120 5572 τι
3158 5523 3486 5588 quibusdam

1938 5612 2146 5675 luisset,
2186 5610 2373 5677 capitis
2397 5610 2685 5663 damnatus
2716 5622 2818 5667 est.
2850 5612 2911 5665 Et
2933 5615 3040 5682 jam
3070 5614 3158 5669 ille
3182 5617 3244 5668 :td
3280 5617 3487 5684 suppli-

1936 5702 2078 5756 cium
2108 5704 2228 5759 duri
2262 5703 2508 5762 debebat.
2548 5720 2667 5756 cum
2700 5705 3018 5759 Ambrosius
3049 5724 3149 5776 pro
3203 5726 3266 5759 eo
3295 5710 3487 5777 depre—
