4278 6438
829 437 930 498 899
2039 420 2454 481 NlCEPI-‘IORI
2499 417 2843 477 CALLlSTI
3952 410 4055 473 900

827 560 1075 609 caturus,
1145 545 1196 598 in
1233 544 1437 613 regiam
1489 556 1543 594 sc
1576 538 1858 593 celeritate
1914 552 2103 605 magna
2156 535 2388 613 confert.
2419 533 2516 594 Λὲ

2366 575 2388 588 ,.
2419 540 2464 594 Λ
2496 532 2721 583 ἐνοῦσαν
2746 529 2941 599 ἀρετὴν
2971 528 3281 596 παρρησίις
3315 524 3372 576 ἒν
3393 541 3450 576 τε
3481 522 3599 593 Θεῷ
3639 523 3732 575 καὶ
3762 521 3873 584 τοῖς
3906 537 4055 588 τηνε-

826 636 1041 690 Accidit
1073 645 1206 697 tum,
1243 609 1694 686 ut‘vcnerationis
1753 627 2064 696 Spectaculo
2097 609 2390 679 Gratianus
2499 642 2515 678 ι

1624 629 1694 682 iis
1753 627 2064 696 spectaculo
2097 609 2390 679 Gratianus
2499 624 2674 678 καῦτα
2715 622 3000 690 Ῥωμαίων
3037 622 3313 686 ἄρχουσιν.

825 747 1046 801 operam
1078 732 1250 792 daret,
1302 743 1407 791 qua
1435 743 1492 780 se
1531 725 1746 779 laxandi
1779 723 1943 777 animi
1985 723 2156 791 gratia
2193 721 2470 790 principes
2531 718 2806 772 oblectare
2870 717 3051 769 solent
3103 729 3326 782 :neque
3419 713 3710 780 quisquam
3755 723 3822 760 ex
3849 705 3934 758 eis
3962 703 4056 774 qui

825 827 892 880 ad
951 826 1205 880 vestibuli
1258 823 1565 878 custodiam
1598 820 1850 891 dispositi
1902 827 2082 880 erant,
2137 817 2378 886 episcopi
2423 813 2802 885 praesentiam,
2842 809 2989 879 quod
3026 811 3146 880 ejus
3173 809 3253 863 rei
3297 819 3409 863 tum
3437 813 3808 876 opportunum
3837 811 4057 867 tempus

824 936 934 973 non
961 929 1124 981 esset,
1151 915 1467 986 imperatori
1509 912 1795 965 iudicaret.
1821 912 1888 962 At
1916 906 2239 960 Ambrosius
2261 904 2388 957 inde
2427 903 2737 966 discedens,
2798 901 2865 954 ad
2927 901 3072 952 fores
3105 912 3197 952 eas
3263 896 3538 965 pervenit,
3603 909 3704 963 per
3732 906 3870 961 quas
3914 891 4058 943 feras

825 1011 1191 1066 inducebant:
1225 1017 1279 1062 et
1305 1005 1658 1061 venatoribus
1686 1004 1898 1063 mistus,
1956 1001 2027 1053 ita
2062 1008 2118 1050 ut
2169 998 2533 1066 ignoraretur,
2605 996 2886 1062 ingressus
2941 999 3043 1043 est.
3112 989 3298 1059 Neque
3328 990 3452 1042 inde
3486 988 3638 1056 prius
3685 995 4054 1050 estegressus.

825 1102 993 1154 multa
1025 1100 1340 1153 Gratianum
1371 1108 1426 1151 ct
1452 1111 1546 1149 eos
1581 1095 1674 1162 qui
1704 1109 1824 1146 cum
1872 1109 1935 1144 co
2000 1099 2175 1153 erant,
2247 1099 2496 1158 precatus
2523 1129 2536 1151 ,
2598 1103 2759 1155 quam
2820 1085 2912 1139 ille
2945 1082 3412 1140 condemnationis
3442 1081 3712 1134 sententia
3741 1082 3803 1130 o'e
3835 1077 4056 1129 homine

823 1195 1128 1248 eoindueta
1156 1193 1316 1245 aliam
1342 1191 1527 1249 ferret,
1558 1203 1676 1256 qua}
1705 1187 1853 1240 illum
1877 1184 2104 1236 crimine
2176 1182 2503 1242 absolveret.
2566 1179 2659 1249 qui
2719 1180 2830 1250 jam
2883 1178 2949 1231 ad
3007 1187 3235 1230 mortem
3301 1183 3605 1242 raperetur.
3659 1171 3872 1224 Nemini
3931 1184 4057 1222 vero

823 1287 1144 1339 Ambrosius
1203 1283 1587 1336 ecclesiasticis
1643 1276 2127 1330 constitutionibus
2183 1291 2378 1341 magno
2455 1273 2638 1327 studio
2678 1281 2734 1325 et
2789 1286 2920 1325 cura
2980 1269 3263 1324 servandis
3301 1267 3505 1331 cessit;
3569 1265 3717 1320 clero
3778 1274 3961 1318 autem
4004 1263 4054 1314 in

826 1381 1003 1435 cilicio
1034 1376 1389 1437 continendo,
1461 1385 1515 1427 et
1548 1373 1854 1424 divinarum
1917 1369 2094 1436 legum
2172 1365 2455 1434 disciplina
2502 1364 2820 1428 itnbuendo,
2874 1363 3225 1417 felicissimus
3268 1361 3390 1415 fuit.
3440 1360 3518 1414 Ex
3585 1357 3837 1427 plurimis
3906 1371 4054 1414 vero,

826 1491 946 1542 quae
976 1473 1064 1525 illc
1097 1479 1241 1524 recte
1265 1469 1452 1537 gessit,
1493 1465 1676 1525 rebus,
1711 1477 1881 1531 pauca
1914 1461 2028 1514 haec
2078 1473 2536 1512 commemorasse
2600 1461 2731 1513 satis
2769 1469 2872 1512 est.
2944 1457 3173 1511 Abunde
3235 1458 3407 1510 enim-
3436 1454 3714 1508 declarare
3768 1455 3880 1505 lizee
3932 1469 4058 1518 pm-

825 1575 975 1626 suut,
1016 1573 1214 1632 quanta
1246 1569 1470 1629 propter
1519 1557 1734 1609 insitam
1802 1555 1906 1607 sibi
1947 1554 2223 1612 virtutem,
2257 1565 2380 1602 cum
2421 1550 2751 1605 dexteritate
2811 1551 3066 1621 quadam,
3132 1550 3185 1603 in
3218 1548 3421 1603 divinis
3448 1547 3704 1616 negotiis,
3775 1558 3887 1598 tum
3919 1545 4059 1614 apud

832 1657 1109 1728 principes
1126 1654 1400 1707 Romanos
1437 1665 1566 1703 usus
1599 1649 1668 1701 sit
1698 1647 1968 1700 libertate.

1289 1790 1450 1860 323
1489 1784 1717 1842 CAPUT
1756 1783 1918 1838 XLII.

827 1914 905 1967 De
939 1913 1132 1982 pietate
1158 1915 1205 1958 et
1234 1910 1426 1960 virtute
1456 1899 1730 1979 Placitae,
1755 1897 2088 1966 imperatoris
2116 1892 2387 1948 Theodosii

1489 1987 1746 2038 Cortjttgts.

897 2090 1242 2147 Theodosius
1293 2089 1586 2153 imperator
1621 2081 1930 2149 plurimum
1982 2077 2201 2146 quidem
2257 2077 2386 2130 Am-

831 2186 1000 2239 brosii
1033 2181 1285 2234 doctrina
1319 2187 1373 2230 et
1407 2172 1896 2228 constitutionibus
1931 2177 2015 2223 est
2060 2169 2384 2223 delectatus.

828 2279 944 2332 Non
978 2290 1167 2343 parum
1201 2286 1333 2324 vero
1367 2265 1674 2320 occasionis
1701 2274 1756 2317 et
1787 2262 2042 2315 utilitatis
2073 2261 2145 2322 ei,
2179 2260 2244 2312 ad
2276 2263 2391 2327 pie-

831 2381 995 2423 tatem
1029 2365 1241 2420 scilicet
1271 2362 1457 2422 etiam,
1492 2358 1675 2411 attulit.
1703 2356 1822 2424 ejus
1869 2355 2085 2416 coniux.
2136 2352 2388 2418 Quotidie

829 2475 1066 2529 namque
1105 2457 1185 2511 illi
1222 2455 1438 2508 divinas
1481 2452 1650 2518 leges,
1681 2447 1883 2517 quibus
1923 2447 2036 2513 ipsa
2062 2457 2219 2498 antea
2255 2460 2386 2496 eru-

829 2557 943 2607 dita
984 2554 1184 2611 fuerat,
1209 2547 1265 2600 in
1295 2543 1616 2597 memoriam
1653 2537 1950 2592 revocavit.
1977 2535 2095 2588 Non
2124 2536 2267 2588 enim
2298 2534 2385 2586 illa

830 2663 886 2700 se
939 2640 1209 2711 imperiali
1261 2634 1527 2690 ellerebat
1578 2631 1843 2700 potentia,
1890 2627 1981 2681 sed
2020 2629 2203 2694 potius
2241 2639 2388 2676 amo.

833 2752 946 2788 rem
985 2747 1113 2800 erga
1140 2732 1310 2783 Deum
1345 2723 1560 2791 sibiipsi
1588 2719 1755 2774 veluti
1801 2719 2119 2770 thesaurum
2164 2729 2389 2766 conser-

829 2826 1011 2878 vabat.
1045 2823 1260 2887 Quanto
1287 2829 1524 2883 namque
1557 2811 1644 2864 illa
1684 2811 1888 2878 majora
1917 2807 1984 2860 ab
2026 2822 2092 2859 eo
2126 2803 2388 2858 beneficra

830 2919 1138 2982 acceperat,
1170 2917 1320 2961 tanto
1353 2906 1520 2957 etiam
1565 2900 1812 2970 quotidie
1841 2897 2166 2951 cliaritatt-m
2203 2895 2256 2948 in
2289 2895 2390 2948 bc-

831 3007 1164 3060 ncfactorem
1195 3015 1353 3052 suum
1397 2993 1703 3062 adaugebat
1754 2992 1945 3057 magis.
1975 2987 2163 3056 Itaque
2196 3002 2388 3041 eorum

833 3099 928 3167 qui
963 3094 1130 3148 variis
1160 3091 1544 3146 detinerentur
1571 3082 1801 3145 morbis,
1827 3091 1885 3134 et
1921 3080 2182 3133 membris
2215 3079 2389 3148 parti-

835 3192 1046 3257 busque
1097 3181 1351 3250 corporis
1399 3176 1636 3231 mutilati
1677 3183 1900 3232 essent,
1950 3172 2127 3224 omnis
2174 3168 2391 3238 generis

835 3295 1024 3336 curam
1057 3274 1392 3351 gessitaipsa
1429 3284 1528 3338 per
1552 3268 1788 3336 seipsam
1840 3267 1893 3317 in
1931 3265 2096 3321 rebus
2134 3261 2391 3314 omnibus

833 3369 914 3422 eis
961 3365 1285 3420 inserviens.
1324 3361 1383 3414 1n
1414 3361 1629 3411 illorum
1672 3356 1818 3409 enim
1850 3353 2126 3406 domicilia
2157 3352 2392 3404 ventita-

835 3463 948 3524 bat,
979 3471 1036 3513 et
1079 3472 1186 3525 qua
1215 3454 1449 3523 quisque
1485 3449 1757 3517 indigeret
1816 3462 1892 3507 re,
1922 3461 2039 3498 eam
2079 3445 2158 3497 illi
2192 3457 2393 3511 suppe-

834 3551 1063 3608 ditabat.
1093 3548 1156 3600 Et
1181 3547 1540 3601 ecclesiarum
1594 3538 1889 3607 hospitales
1919 3538 2112 3589 domos
2156 3535 2395 3588 circum-

837 3646 976 3707 iens,
1021 3627 1118 3694 eos
1172 3638 1266 3706 qui
1317 3634 1579 3704 gravibus
1613 3630 1820 3686 morbis
1854 3629 1994 3680 lecto
2035 3624 2174 3678 affixi
2211 3633 2390 3686 erant,

835 3734 1068 3789 curavit.
1092 3730 1209 3783 Non
1237 3728 1383 3781 enim
1416 3735 1624 3777 tantum
1655 3722 1876 3774 illorum
1910 3715 2391 3786 attingebatollas,

835 3839 891 3881 et
939 3817 1472 3894 juseuladelibabat
1505 3832 1519 3869 :
1557 3813 1650 3867 sed
1685 3822 1740 3865 et
1781 3810 2008 3879 patellas
2043 3807 2392 3870 admovebat,

840 3931 1033 3988 panem
1092 3911 1426 3982 apponebat,
1473 3907 1724 3961 ciborum
1763 3902 1935 3957 frusta
1969 3901 2258 3964 afferebat,
2295 3913 2393 3967 po—

836 4010 955 4061 cula
997 4003 1237 4064 elucbat,
1274 4001 1486 4065 aliaque
1533 3998 1716 4048 omnia
1765 4002 2015 4062 prompte
2060 4001 2115 4045 et
2158 3991 2394 4043 feliciter

837 4096 1048 4157 obibat,
1088 4107 1209 4158 quae
1239 4099 1520 4141 scrvarum
1569 4090 1624 4134 et
1654 4083 1979 4134 aueiliarum
2034 4086 2162 4132 sunt
2194 4076 2390 4131 ofﬁcia.

837 4190 914 4242 Ad
953 4201 1046 4238 eos
1080 4200 1211 4237 vero
1246 4179 1338 4249 qui
1390 4176 1754 4230 ministerium
1799 4175 1937 4243 ejus,
1968 4181 2112 4241 quod
2147 4186 2244 4240 per
2282 4187 2394 4223 ma-

838 4295 943 4332 nus
999 4279 1114 4346 ipsa
1165 4289 1294 4328 suas
1349 4268 1663 4337 peragebat.
1726 4267 1978 4318 inhibere
2027 4264 2392 4325 conabantur,

840 4374 1025 4424 dicere
1059 4367 1218 4421 solita
1249 4372 1364 4417 erat
1401 4379 1414 4414 :
1447 4379 1466 4412 ι
1506 4357 1740 4428 Imperio
1769 4359 1993 4424 quidem
2027 4355 2306 4418 convenit,
2335 4361 2394 4405 ιιι

839 4475 1035 4514 aurum
1095 4458 1148 4512 id
1204 4455 1498 4523 largiatur;
1533 4466 1632 4518 ego
1673 4465 1802 4501 vero
1836 4463 2092 4500 manumn
2148 4459 2392 4498 mearum

813 4548 978 4621 opus
1016 4567 1115 4618 pro
1151 4549 1380 4616 imperio
1421 4546 1562 4611 ipso,
1605 4543 1654 4595 ei
1708 4542 1798 4608 qui
1849 4541 1902 4593 id
1939 4540 2104 4592 semel
2138 4535 2393 4596 contulit,

840 4647 1032 4699 offero.
1069 4661 1086 4692 ι
1120 4639 1250 4693 Viro
1298 4648 1480 4690 autem
1533 4650 1636 4685 suo
1683 4634 1807 4685 talia
1859 4632 2025 4684 verba
2075 4632 2394 4697 frequenter

839 4735 1168 4807 subjiciepat
1213 4750 1227 4786 ε
1295 4750 1312 4780 ι
1367 4726 1728 4783 Consideraro
1784 4732 1837 4776 te
1892 4738 2129 4790 semper,
2198 4722 2396 4790 conjux

841 4830 1187 4887 suavissime,
1223 4832 1461 4891 oportet,
1491 4828 1545 4872 et
1568 4819 1816 4886 quisnam
1845 4825 2002 4869 antea
2033 4815 2222 4877 fueris,
2255 4825 2310 4868 et
2338 4814 2395 4867 in

841 4934 1002 4974 ouem
1042 4920 1222 4970 locum
1259 4925 1310 4966 te
1345 4910 1590 4963 evexerit
1622 4907 1998 4961 universitatis
2027 4908 2188 4975 hujus
2226 4907 2394 4960 Deus.

839 5013 895 5065 Si
924 5012 1067 5064 enim
1101 5017 1421 5077 perpetuam
1453 5002 1572 5070 ejus
1604 5004 1680 5052 rei
1713 4998 2018 5052 obtinueris
2051 4999 2391 5059 memoriam,

843 5119 948 5156 non
988 5113 1214 5170 prorsus
1251 5106 1302 5150 te
1334 5097 1404 5147 ob
1450 5102 1671 5160 accepta
1710 5090 1970 5143 beneficia
1999 5106 2127 5158 erga
2162 5106 2284 5144 eum
2315 5091 2397 5142 iu-

842 5205 1053 5261 gratum
1101 5187 1422 5258 praestabis:
1458 5195 1557 5238 sed
1602 5199 1666 5235 cx
1702 5183 2016 5250 pnescripto
2064 5184 2237 5252 legum
2274 5180 2390 5245 Dei,

846 5286 990 5352 quod
1021 5285 1088 5337 ab
1111 5298 1176 5334 co
1208 5279 1490 5348 accepisti,
1516 5277 1847 5346 gubernaliis
1873 5276 2154 5342 imperium
2193 5289 2205 5324 :
2236 5283 2290 5326 et
2321 5272 2393 5325 ita

2419 1791 2460 1844 Β
3070 1777 3317 1831 ΚΕΦΔΛ.
3349 1778 3482 1830 MB'.

2491 1891 2627 1955 Περὶ
2659 1889 3114 1956 τῆς-,εὐσεϐείας
3145 1889 3244 1943 καί
3273 1888 3490 1957 ἀρετῆς
3536 1888 3919 1957 Πλακίλληςγ
3952 1885 4064 1952 τῆς

2552 1960 2897 2025 βασιλίδος,
2929 1960 3190 2027 γαμετῆς
3213 1956 3540 2012 Θεοδοσίου
3564 1957 3671 2009 τοῦ
3693 1956 4024 2019 βασιλέως.

2573 2071 2633 2126 Ὀ
2663 2073 2718 2125 δὲ
2768 2072 3020 2140 βασιλεὺς
3078 2072 3362 2132 θεοδόσιος
3422 2072 3653 2123 πλεῖστα
3691 2069 3912 2136 ἐνήδετο
3941 2072 4062 2130 ταῖς

2471 2162 2473 2164 ’
2504 2165 2826 2233 Ἀμϐροσίου
2869 2166 3139 2225 παιδείαις
3165 2181 3223 2216 τε
3251 2166 3346 2216 καὶ
3384 2164 3753 2231 νομοθεσίαις.
3795 2163 3909 2230 Οὐχ
3936 2163 4061 2230 ἥκι-

2491 2274 2593 2308 στα
2618 2256 2673 2309 δὲ
2720 2257 2814 2309 καὶ
2856 2259 2888 2324 ἡ
2916 2257 3023 2307 τῶν
3054 2257 3235 2308 αὐτῶν
3287 2256 3437 2324 αὐτῷ
3488 2253 3828 2307 κοινωνοῦσα
3860 2255 4060 2322 γάμων

2489 2347 2755 2412 ὡφελείας
2810 2348 2871 2400 οὐ
2943 2349 3184 2415 σμικρᾶς
3243 2347 3500 2408 ὑπόθεσις
3553 2348 3749 2415 ἐκείνῳ
3802 2347 4055 2413 ἐγένετοο

2488 2439 2758 2506 ὁσημέραι
2786 2439 2894 2506 γὰρ
2924 2439 3032 2491 τῶν
3064 2439 3226 2490 Οείων
3252 2440 3433 2506 νόμων
3461 2439 3627 2490 αὑτὸν
3653 2439 4059 2505 ἀνεμίμνησκε.

2489 2532 2670 2594 καλῶς
2717 2533 2851 2603 αὑτὴ
2901 2535 3167 2604 πρότερον
3215 2532 3428 2594 τούτοις
3475 2532 3938 2585 ἐκπαιδευθεῖσαο
4001 2530 4064 2580 οὐ

2489 2621 2598 2687 γὰρ
2628 2624 2692 2690 τῇ
2728 2621 2976 2691 βασιλικῇ
3012 2621 3302 2692 δυναστείᾳ
3337 2621 3550 2689 ἐπῆρτο
3572 2637 3585 2652 ο
3623 2620 3760 2672 ἀλλὰ
3786 2621 3877 2672 τὸν
3919 2619 4067 2671 Θείον

2491 2715 2656 2764 πόθον
2691 2713 2890 2781 μᾶλλον
2919 2715 3088 2784 ἐαυτῇ
3141 2713 3524 2782 ἐθησαύριζεν.
3563 2713 3717 2780 Ὅσῳ
3757 2712 3868 2778 γὰρ
3899 2713 4070 2780 εὖἾ’·

2490 2804 2686 2871 γέτητο
2723 2804 2962 2872 μείζονα,
3000 2804 3254 2857 τοσοῦτον
3284 2806 3378 2857 καὶ
3428 2804 3490 2856 τὸ
3521 2803 3747 2872 φίλτρον
3795 2804 3927 2870 περὶ
3973 2805 4066 2854 τὸν

2493 2893 2786 2962 εὐεργέτην
2811 2893 3009 2962 ηὔξανε
3061 2896 3432 2963 καοεκάστην.
3470 2896 3578 2948 Καὶ
3608 2894 3791 2946 τοίνυν
3822 2894 3934 2946 τῶν
3980 2897 4070 2943 νέ-

2495 3002 2607 3046 σοις
2663 2987 2947 3048 παντοίαις
2983 2987 3377 3056 πεπεδημένων
3411 2989 3504 3040 καὶ
3552 2987 3952 3056 λελωϐημένων
3997 2991 4072 3038 1'1

2495 3077 2632 3144 μέλη
2680 3077 2883 3144 πολλὴν
2937 3079 3032 3130 καὶ
3076 3079 3427 3148 παντοδαπὴν
3478 3083 3726 3133 ἐποιεῖτο
3778 3083 4068 3150 φροντίδα,

2493 3171 2631 3237 αὐτὴ
2670 3170 2738 3223 τὰ
2779 3171 2955 3222 πάντα
3012 3171 3482 3241 καθυπουργοῦσα
3530 3173 3597 3225 δι’
3638 3175 3860 3241 ἑαυτῆς.
3911 3176 4073 3240 Ἀφι-

2493 3263 2673 3313 κνείτο
2703 3262 2833 3330 γὰρ,
2858 3265 2952 3315 καὶ
2980 3266 3102 3325 ταῖς
3137 3264 3368 3316 ἐκείνων
3427 3269 3779 3332 καταγωγαῖς
3817 3261 3901 3328 οἷς
3937 3268 4072 3319 ἐκα-

2495 3367 2617 3413 στος
2651 3348 2763 3420 εἶχε
2816 3353 3005 3421 χρείαν
3059 3355 3377 3422 πορίζουσα,
3425 3355 3678 3418 καὶτοὺς
3720 3356 3830 3406 τῶν
3866 3358 4068 3421 ἐκκληρ

2498 3445 2630 3496 σιῶν
2663 3444 2904 3510 ξενῶνας
2944 3445 3256 3514 περιιοῦσα,
3314 3449 3425 3510 τοῖς
3477 3448 3675 3510 δεινοῖς
3723 3449 3817 3500 ἐπὶ
3861 3449 4072 3501 κλινῶν

2497 3536 2934 3604 συνεσχημένους
2968 3540 3270 3605 νοσήμασιν
3300 3539 3659 3606 ἐθεράπευεν.
3695 3541 3770 3593 Οὐ
3824 3542 3933 3609 γὰρ
3970 3545 4071 3609 μὸ-

2494 3643 2584 3678 νον
2618 3626 2719 3694 τῆς
2749 3627 2976 3679 ἐκείνων
3043 3629 3250 3696 ἥπτετο
3292 3628 3498 3698 χύτρας
3531 3633 3621 3681 καὶ
3668 3630 3854 3699 ζωμοῦ
3892 3646 4072 3698 παρε-

2495 3718 2728 3785 γεύετο,
2777 3717 2913 3771 ἀλλὰ
2977 3721 3072 3770 καὶ
3125 3719 3380 3788 τρυϐλίον
3429 3723 3699 3790 προσῆγε,
3756 3723 3850 3774 καὶ
3900 3725 4073 3790 ἄρτον

2495 3809 2682 3872 ἐτίθει,
2719 3809 2814 3861 καὶ
2845 3809 3037 3878 ψωμὸν
3088 3812 3356 3880 προσῆγε,
3411 3816 3503 3865 καὶ
3537 3814 3758 3878 ἀπένιξε
3823 3820 4069 3869 rsum-

2495 3905 2588 3956 καὶ
2616 3904 2782 3956 τᾶλλα
2810 3906 2991 3957 πάντα
3017 3904 3210 3971 δεξιῶς
3240 3905 3508 3976 ἔπραττεν
3538 3909 3637 3959 ὅσα
3678 3911 3814 3974 ἔργα
3855 3912 4072 3964 δούλων

2497 4002 2591 4047 καὶ
2648 3997 3052 4065 Θεραπαινίδων
3104 3997 3232 4051 εἰσί.
3271 3999 3380 4050 Καὶ
3424 4001 3536 4061 τοῖς
3574 4001 3673 4065 τὴν
3726 4003 4069 4069 αὐτουργῖειν

2497 4089 2715 4158 ἐπέχειν
2753 4091 3115 4158 πειρωμένοις
3146 4092 3440 4159 ἐπέφερεν,
3475 4094 3550 4153 ὡς
3585 4111 3602 4142 ι
3641 4094 3836 4159 Χρεὼν
3869 4097 3972 4162 μὶν
4002 4102 4074 4166 τῇ

2499 4179 2749 4249 βασιλεία
2776 4181 2977 4249 χρυσὸν
3026 4183 3306 4251 διανέμειν
3328 4199 3342 4213 ο
3375 4182 3486 4249 ἐγὼ
3538 4185 3594 4236 δὲ
3631 4187 3727 4254 τὴν
3753 4187 3821 4238 δι’
3864 4190 4073 4260 ἐαυτῆ;

2499 4272 2802 4338 ὑπουργίαν
2825 4273 2965 4343 ὑπὲρ
2987 4274 3154 4342 αὐτῆς
3178 4290 3240 4339 γε
3271 4275 3368 4342 τῆς
3402 4276 3679 4343 βασιλείας
3706 4279 3781 4344 τῷ
3806 4284 3909 4333 καθ
3923 4284 4075 4346 ἅπας,

2497 4361 2750 4414 δεδοικότι
2793 4365 3111 4432 προσφέρω.
3149 4383 3168 4416 ι
3201 4365 3291 4432 Τῷ
3327 4383 3389 4432 γε
3441 4370 3546 4436 μὴν
3573 4369 3730 4438 ἀνδρὶ
3762 4375 3950 4425 τοιάδε
3981 4375 4040 4427 λέ
4063 4407 4075 4414 -

2428 4469 2618 4539 ιὶγειν
2667 4453 2852 4505 είώθει
2906 4457 3168 4517 πυκνῶς’
3218 4475 3235 4506 ι
3297 4458 3407 4509 ’Δεί
3460 4475 3519 4510 σε
3574 4461 3703 4527 χρὴ,
3760 4462 4073 4527 γλυκύτατς

2467 4537 2473 4542 ’
2500 4547 2650 4615 ἄνερ,
2681 4546 3011 4614 λογίζεσθαι,
3043 4550 3096 4600 τί
3121 4549 3220 4618 μὲν
3251 4551 3516 4619 πρότερον
3539 4547 3712 4619 ἦσθα,
3752 4555 3854 4605 ποῦ
3887 4555 3948 4607 δὲ
3976 4557 4073 4608 vim

2503 4654 2561 4688 σε
2594 4638 2932 4709 κατέστησεν
2961 4640 2987 4690 ὁ
3016 4638 3122 4690 τῶν
3149 4639 3283 4690 ὅλων
3310 4639 3464 4696 Θεός.
3493 4639 3552 4690 Εἰ
3582 4639 3692 4708 γὰρ
3735 4642 3947 4693 τούτων
3988 4662 4072 4694 σοι

2502 4729 2730 4798 συνεχὴς
2761 4731 3030 4796 ἐγγίνοιτο
3081 4733 3263 4798 μνεία,
3297 4732 3356 4783 οὐ
3408 4733 3625 4793 πάντως
3671 4735 4074 4804 ἁχαριστήσεις

2499 4819 2574 4887 τῷ
2601 4821 2898 4889 εὐεργέεῃο
2937 4821 3072 4872 ἀλλὰ
3109 4822 3247 4874 κατὰ
3300 4823 3495 4890 νόμους
3541 4823 3699 4885 Θεοῦ,
3737 4826 3802 4893 ἢν
3859 4828 4080 4879 ἐκεῖοεν

2500 4912 2763 4980 είλήφεις,
2800 4912 3245 4980 διακυϐερνήσεις
3298 4915 3508 4983 ἀρχήν·
3541 4915 3638 4966 καὶ
3682 4915 3750 4966 δι’
3775 4918 3954 4985 αὐτῆς
3990 4919 4079 4970 θε-

2505 5003 2797 5070 ραπεύσεις
2833 5003 2909 5070 τῷ
2940 5004 3145 5074 ταύτην
3186 5022 3265 5057 σοι
3298 5006 3372 5067 ὡς
3409 5006 3584 5074 πιστῷ
3609 5007 4012 5075 ἐγχειρίσαντι.
4055 5029 4072 5060 ι

2502 5095 2780 5156 Τοιούτοις
2837 5094 2900 5163 δὴ
2947 5095 3126 5161 λόγοις
3182 5097 3482 5165 ἐπᾴδουσα,
3535 5100 3605 5147 τὰ
3636 5098 3826 5149 ἐνόντα
3872 5099 4078 5168 ἐκείνῳ

2501 5182 2607 5232 τῶν
2637 5183 2796 5233 Οείιιιν
2830 5185 3167 5252 σπερμάτων
3207 5184 3432 5253 ηὔξανε,
3485 5187 3562 5254 τῷ
3599 5190 3814 5255 συνεχεῖ
3845 5189 3960 5239 τῶν
3994 5189 4082 5240 λό-

2503 5290 2612 5338 γων
2643 5275 2877 5334 ἄρδουσα
2912 5277 3168 5342 ῥεύματι.

843 5395 966 5434 eum
1009 5382 1100 5446 qui
1135 5377 1187 5428 id
1229 5375 1322 5427 tibi
1368 5386 1425 5424 ut
1461 5371 1604 5423 fideli
1641 5369 1890 5422 ministro
1933 5367 2225 5428 commisit,
2287 5365 2390 5418 rite
2431 5365 2596 5420 coles.
2639 5386 2654 5417 ι
2728 5368 3077 5436 Ejuscctnodi
3113 5370 3276 5424 verba
3310 5383 3585 5433 acetncus,
3623 5388 3744 5440 qua:
3784 5373 3839 5427 ei
3905 5375 4079 5431 insita

842 5481 996 5530 erant
1025 5472 1207 5524 divina
1241 5466 1500 5520 excitavit
1532 5463 1764 5520 semina.
1797 5461 2056 5514 continuo
2084 5460 2516 5513 admonitionum
2554 5460 2701 5512 fluxu
2741 5477 2802 5513 ca
2843 5463 3044 5528 rigans.
