4278 6438
178 418 294 482 905

1131 422 1730 482 ECCLESIASTIC.1‘I
1773 421 2157 482 lilS’I‘ORMi
2194 420 2333 483 LIB.
2380 419 2512 479 XII.

3325 417 3432 482 908

183 533 279 584 καὶ
312 532 479 599 ἄμφω
522 530 841 585 ἀποϐαίνειν
886 534 1162 587 ἐκέλευεν.
1200 537 1264 587 Oi
1293 535 1348 588 δέ
1379 534 1554 605 βραχύ
1585 554 1637 589 τι
1670 551 1760 601 γε·
1794 540 1829 591 Α
1865 556 1928 594 vc

1865 548 2039 599 veste,
2077 546 2371 604 utuioque
2411 547 2477 586 ex
2511 542 2655 600 eqno
2681 530 3015 587 descendere
3043 531 3228 602 jussit.
3262 531 3329 586 Et
3354 529 3434 585 illi

184 623 400 690 ρόντιον
431 621 743 691 βλέποντες,
771 622 1018 693 δυστυχῆ
1056 624 1226 693 ῥάκια
1270 624 1763 694 περιϐεϐλημένον,

183 714 407 782 πρῶτον
438 715 537 783 μέν
577 715 806 785 ἤχθοντο
830 732 844 746 ·
882 718 1002 769 ἐπεὶ
1031 717 1087 770 δέ
1112 733 1258 779 τινες
1290 717 1392 788 τὴν
1416 719 1618 787 ἀρετὴν
1640 719 1767 785 ἐσή-

185 822 367 875 μηναν
402 807 497 860 τοῦ
526 808 743 876 ἀνδρὸς,
776 809 939 868 εὐθὺς
972 810 1080 863 τῶν
1126 811 1311 864 ἵππων
1340 814 1767 880 καταπηδήσαν-

180 914 299 961 τες,
329 899 424 953 καὶ
456 902 572 962 τοῖς
599 901 729 953 ποσὶ
756 901 850 953 τοῦ
881 904 1138 973 γέροντος
1164 904 1391 968 ἑαυτοὺς
1440 906 1769 979 ἐπιρῤίψαν-

183 1008 303 1055 τες,
329 993 549 1060 ἀγνοεῖν
574 994 724 1056 ὅστις
769 996 877 1062 εἴη,
914 994 1233 1063 διετείνοντο
1254 1011 1268 1029 ο
1302 999 1401 1051 καί
1432 999 1768 1068 συγγνώμης

185 1088 376 1155 τυχεῖν
402 1086 582 1139 ίκέται
612 1082 775 1158 ἦσαν.
808 1088 866 1141 'U
884 1089 939 1142 δέ
960 1090 1109 1152 θείας
1125 1081 1352 1161 χάριτοξ
1373 1092 1589 1162 πλήρης
1611 1095 1769 1160 γενό-

193 1195 382 1245 μενος.
415 1178 643 1232 τοιαῦτα
673 1179 809 1251 πρὸς
839 1181 1034 1243 αὐτοὺς
1066 1181 1435 1252 ἀνεφθέγξατο
1456 1199 1473 1216 ·
1516 1202 1536 1235 ι
1566 1185 1767 1253 Δέομαι

189 1271 317 1323 τάνῖε
348 1271 588 1341 ,βασιλεῖ
638 1273 905 1335 ἀνειπεῖν,
941 1274 1070 1340 φίλα
1132 1276 1296 1328 τέκνα
1322 1292 1333 1304 ·
1370 1277 1581 1347 Χρεὼν,
1620 1278 1769 1348 βασι-

190 1364 311 1426 λεῦ,
351 1365 755 1433 ἐκλογίζεσθαι.
788 1365 863 1429 ὡς
893 1367 952 1419 ού
987 1366 1245 1438 βασιλεὺς
1276 1371 1456 1437 μόνος,
1487 1372 1621 1425 ἀλλὰ
1676 1361 1770 1427 καὶ

190 1454 483 1525 ἄνθρωπος
512 1451 564 1508 εἴ
589 1472 603 1486 ·
637 1457 710 1525 μὴ
750 1456 930 1509 τοίνυν
963 1458 1103 1529 πρὸς
1140 1459 1230 1511 τὸν
1256 1460 1354 1529 τῆς
1393 1462 1566 1533 ἀρχῆς
1605 1462 1769 1530 ὄγκον

189 1549 319 1617 ὅρα,
358 1548 497 1602 ἀλλὰ
545 1549 642 1603 καὶ
674 1550 810 1618 πρὸς
847 1548 947 1622 τὴν
1003 1550 1169 1621 φύσιν
1222 1552 1414 1624 αὐτήν.
1447 1553 1771 1626 Ἄνθρωπος

191 1647 304 1711 γὰρ
332 1641 429 1705 ὦν,
458 1641 767 1709 ἀνθρώπων
799 1642 991 1713 ἄρχειν
1020 1644 1252 1715 ἐτάχθης
1276 1662 1291 1677 ⁸
1326 1646 1377 1700 οἳ
1404 1648 1486 1702 σοὶ
1514 1648 1771 1715 ὁμοφυεῖς

194 1735 293 1788 καὶ
321 1735 606 1803 ὁμόδουλοι
659 1736 833 1800 ΙΒντες,
871 1736 996 1791 κατ’
1028 1739 1215 1791 εἰκόνα
1250 1738 1402 1793 θείαν
1436 1742 1500 1792 ἐκ
1548 1740 1644 1811 τῆς
1676 1741 1771 1809 δη-

196 1822 493 1891 μιουργίας
518 1823 865 1899 τετίμηνται.
898 1824 1094 1879 Τοίνυν
1153 1828 1227 1897 μὴ
1271 1827 1444 1891 οὔτως
1498 1828 1771 1899 ἀλογίστῷ

194 1912 397 1982 θράσει
430 1912 574 1967 κατὰ
616 1915 715 1984 τῆς
744 1914 894 1979 θείας
928 1917 1137 1981 εἰκόνος
1191 1920 1473 1990 χωρήσῃς.
1523 1920 1627 1975 Τὸν
1661 1923 1772 1990 γὰρ

194 2006 296 2074 τῆς
332 2006 539 2068 εἰκόνος
576 2005 900 2073 παροξύνεις
931 2010 1228 2079 Δεσπότην,
1262 2014 1385 2075 τοὺς
1421 2014 1540 2065 κατ’
1588 2014 1769 2065 είκδνα

193 2098 478 2170 ἡρημένος
530 2098 804 2163 κολάζειν.
838 2100 1083 2154 Συνιδείν
1134 2102 1241 2173 γὰρ
1297 2104 1543 2171 ἄμεινον,
1586 2105 1662 2169 ὡς
1705 2108 1770 2159 σὺ

198 2191 414 2260 χαλκῆς
459 2191 668 2253 εἰκόνος
698 2192 1044 2262 χαλεπαίνων
1077 2195 1169 2263 ’τῷ
1209 2195 1427 2266 πλήθει,
1463 2196 1612 2251 δεινὰ
1644 2199 1776 2268 δρᾶ-

200 2300 293 2335 σαι
327 2283 579 2344 διανοεῖς.
612 2284 775 2337 Ὅσον
804 2284 848 2337 δ’
872 2283 1035 2339 εἰκὼν
1069 2286 1314 2356 ἔμψυχος
1342 2288 1553 2359 ἀψύχου
1580 2290 1772 2360 διαφέ-

200 2390 282 2441 ρει
313 2374 539 2436 εἰκόνος,
573 2372 626 2426 τί
653 2375 758 2445 χρὴ
790 2375 884 2427 καὶ
929 2373 1144 2441 λέγεινς
1178 2376 1339 2446 δῆλον
1382 2380 1493 2448 γὰρ
1534 2382 1647 2443 τοῖς
1683 2382 1777 2434 καὶ

204 2462 435 2532 μέτριον
466 2464 708 2534 εἰληχόσι
766 2466 858 2518 τὸν
905 2464 1051 2521 νοῦν.
1091 2467 1213 2520 Ἐπὶ
1247 2469 1304 2522 δέ
1336 2469 1509 2540 τούτῳ
1555 2474 1777 2525 κάκεῖνο

202 2556 602 2623 ἐκλογιζέσθω,
649 2557 725 2620 ὡς
775 2558 837 2610 ἐκ
886 2559 978 2613 τοῦ
1035 2559 1233 2632 ῥᾴστου
1294 2563 1425 2632 ἡμῖν
1473 2565 1673 2628 πολλὰς
1715 2569 1778 2619 ἐκ

206 2649 416 2717 χαλκοῦ
470 2650 876 2719 δημιουργῆσαι
913 2653 1152 2717 εξκόνας,
1211 2655 1332 2706 ἀντὶ
1385 2658 1515 2724 μιᾶς
1562 2657 1779 2726 ἐκείνης

203 2743 276 2808 ἣν
318 2743 593 2812 ἀλογίστῳ
623 2744 814 2810 θράσει
873 2746 1200 2815 μαινόμενος
1241 2748 1413 2818 δῆμος
1463 2750 1776 2807 διέσπασεν.

216 2832 449 2901 ’ἰίκείνῳ
478 2834 532 2886 δέ
564 2835 799 2902 πάμπαν
826 2836 1130 2906 ἀμήχανον,
1152 2836 1253 2893 κᾶν
1275 2842 1328 2893 εί
1352 2861 1407 2896 τι
1434 2844 1567 2913 δρᾷν
1590 2845 1780 2917 ἐθελήο

206 2938 316 2985 σοι,
355 2924 483 2992 μίαν
501 2923 633 2992 γοῦν
660 2926 820 2995 τρίχα
843 2926 948 2977 τῶν
965 2928 1327 3000 ἀνῃρημένων
1342 2932 1720 3006 δημιουργεῖν.
1754 2955 1774 2989 ι

210 3014 283 3067 ’Δ
314 3014 380 3099 δῂ
411 3016 547 3084 πρὸς
575 3015 672 3068 τοῦ
710 3016 875 3082 σοφοῦ
902 3019 1112 3073 ἐκείνου
1146 3021 1534 3089 διακούσαντες
1583 3029 1778 3099 γέρον-

204 3125 324 3169 τος,
354 3090 429 3169 ῶς
462 3108 679 3175 ἀφελῶς
710 3107 878 3172 οὕτως
910 3113 1145 3183 είρήκει,
1175 3114 1255 3183 τῷ
1287 3116 1501 3186 βασιλεῖ
1528 3090 1782 3189 διαγγέλ-

1866 629 2009 683 exile
2048 627 2392 681 silicernium
2428 623 2629 693 pannis
2663 624 2865 678 vilibus
2911 623 3173 679 amictqu
3206 639 3439 679 cernen-

1870 734 1975 783 tes,
2011 721 2249 790 primum
2299 719 2527 773 moleste
2559 717 2610 770 id
2652 718 2867 772 tulere:
2898 717 3097 772 deinde
3138 732 3167 770 a
3210 718 3439 787 quibus.

1870 812 1993 866 dam
2027 812 2095 865 de
2126 810 2332 864 virtute
2378 808 2620 863 hominis
2655 807 2925 863 certiores
2958 806 3109 869 facti,
3143 806 3436 863 confestim

1869 920 1936 959 ex
1983 902 2142 974 equis
2174 902 2475 966 desiluere,
2532 910 2587 956 et
2622 902 2687 955 ad
2735 902 2901 971 pedes
2936 900 3085 956 senis
3137 902 3435 970 provoluti.

1872 1010 1982 1050 non
2020 996 2236 1050 novisse
2270 1011 2329 1050 se
2380 1010 2506 1051 eum
2543 993 2906 1057 allii-marum.
2946 993 3277 1064 veniamque
3318 1011 3442 1064 pre-

1834 1088 2033 1151 .eibus
2081 1088 2149 1142 ab
2200 1100 2268 1142 eo
2311 1086 2681 1156 pdstularunt.
2731 1087 2825 1142 llle
2861 1101 2992 1140 vero
3041 1086 3229 1140 divina
3267 1088 3439 1155 gratia

1875 1179 2139 1249 repletus,
2178 1178 2331 1236 hisce
2361 1180 2426 1232 ad
2481 1193 2577 1232 eos
2604 1179 2790 1233 verbis
2821 1190 2906 1234 est
2935 1195 3067 1235 usus
3098 1198 3109 1232 :
3147 1184 3164 1231 i
3198 1167 3268 1235 Ut
3292 1195 3443 1233 man-

1872 1273 1996 1327 data
2039 1272 2152 1326 haec
2201 1273 2265 1325 ad
2300 1272 2688 1340 imperatorem
2743 1271 3023 1335 referatis,
3077 1272 3267 1327 dilecti
3322 1274 3438 1332 lilii.

1874 1383 1993 1422 oro.
2026 1364 2337 1422 Meminisse
2372 1377 2444 1429 te,
2474 1384 2506 1419 ο
2547 1368 2873 1436 imperator,
2928 1377 3168 1437 oportet,
3213 1385 3322 1424 non
3356 1386 3444 1422 so-

1875 1461 1983 1515 Illm
2023 1460 2349 1530 principem,
2382 1457 2544 1530 327
2584 1459 2679 1514 sed
2712 1458 2991 1514 hominem
3026 1461 3191 1515 etiam
3223 1469 3273 1515 te
3296 1476 3438 1517 esse.

1877 1554 2111 1609 Proinde
2161 1569 2271 1607 non
2333 1556 2398 1606 ad
2462 1553 2679 1623 imperii
2745 1564 2956 1609 tantum
3019 1555 3443 1626 amplitudinem

1875 1648 2110 1716 respice,
2155 1645 2251 1701 sed
2306 1656 2559 1700 naturam
2618 1659 2837 1716 quoque
2895 1649 3070 1719 ipsam
3125 1648 3442 1703 considera.

1872 1741 2009 1795 Cum
2062 1739 2209 1794 enim
2274 1740 2439 1796 homo
2494 1742 2591 1805 sis,
2641 1741 2929 1795 hominum
2993 1734 3089 1796 tibi
3150 1743 3442 1812 imperium

1876 1833 2235 1889 commissum
2292 1846 2417 1889 est:
2452 1833 2545 1902 qui
2598 1851 2724 1892 cum
2778 1829 3029 1906 ejusdem
3083 1845 3264 1890 tecum
3317 1846 3446 1889 sunt

1877 1927 2064 1988 sortis.
2091 1932 2147 1981 et
2175 1927 2427 1982 conservi
2452 1929 2589 1983 adeo
2620 1929 2721 1994 tui,
2768 1940 2884 1984 tum
2913 1929 2981 1984 ab
3014 1930 3129 2000 ipsa
3161 1929 3443 1985 creatione

1877 2021 2114 2090 imagine
2148 2022 2242 2076 Dei
2273 2021 2615 2077 colioueStati
2664 2031 2815 2077 sunt.
2849 2022 3036 2092 Itaque
3082 2039 3150 2078 ne
3184 2033 3295 2076 tam
3336 2039 3440 2093 ve.

1876 2126 2009 2164 sana
2034 2110 2262 2166 audacia
2285 2111 2550 2166 adversus
2572 2112 2810 2167 divinam
2836 2113 3131 2184 imaginem
3151 2120 3437 2184 grasseris.

1879 2202 2024 2257 vide.
2061 2203 2317 2273 lmaginis
2346 2204 2493 2257 enim
2525 2204 2815 2259 Dominum
2846 2206 2910 2259 ad
2945 2207 3081 2262 iram
3114 2209 3441 2273 concitabis,

1878 2296 1921 2346 si
1956 2293 2010 2347 in
2037 2309 2131 2349 eos
2160 2294 2253 2364 qui
2285 2295 2576 2365 imaginem
2608 2298 2753 2353 illius
2792 2307 3015 2368 gerunt,
3048 2296 3263 2355 saevias.
3297 2301 3435 2355 Tum

1879 2391 2061 2436 autem
2101 2383 2232 2438 illud
2269 2388 2435 2439 etiam
2473 2396 2525 2442 te
2571 2381 2844 2457 dispicere
2884 2388 3062 2455 decet,
3116 2402 3165 2445 te
3216 2405 3443 2463 propter

1880 2488 2077 2527 :ereant
2116 2474 2412 2545 imaginem
2445 2477 2783 2533 multitudini
2821 2479 3118 2544 infensum,
3146 2484 3444 2539 crudeliter

1881 2568 1935 2621 in
1976 2583 2094 2622 eam
2131 2570 2571 2626 animadvertere
2617 2573 2777 2627 velle.
2807 2573 3023 2640 Quanto
3055 2586 3237 2631 autem
3270 2580 3446 2649 imago

1881 2661 2121 2715 animata
2154 2660 2467 2716 inanimata:
2501 2674 2746 2731 praestet,
2778 2666 2909 2735 quid
2950 2668 3132 2724 dicere
3162 2684 3299 2740 opus
3324 2674 3447 2729 est?

1882 2741 2017 2804 Nam
2063 2751 2116 2805 id
2157 2752 2239 2807 eis
2296 2754 2484 2818 etiam,
2542 2756 2635 2824 qui
2669 2759 2752 2812 vel
2811 2760 3142 2815 mediocrem
3194 2760 3446 2819 obtinent

1884 2851 2148 2907 mentem,
2175 2855 2412 2914 constat.
2446 2846 2583 2924 Illud
2617 2846 2878 2919 pra-terea
2911 2852 2995 2907 lac
3024 2854 3255 2924 cogites,
3284 2858 3444 2909 nobis

1883 2932 2105 3002 quidem
2139 2934 2398 3003 perfacile
2430 2920 2573 3002 esse,
2610 2939 2794 3007 plures
2838 2957 2899 2996 ex
2933 2958 3042 2997 aere
3076 2944 3258 2999 facere
3309 2945 3447 3000 imae

1882 3029 2036 3099 gines
2070 3043 2169 3098 pro
2197 3044 2303 3084 una
2330 3029 2444 3093 illa,
2478 3046 2642 3101 quam
2680 3034 2897 3088 vecordi
2926 3039 3233 3096 temeritate
3256 3041 3443 3097 insana

1886 3117 2038 3188 plebs
2083 3117 2410 3174 comminuit
2455 3138 2467 3175 :
2516 3131 2568 3176 te
2616 3130 2799 3176 autem
2848 3140 3189 3195 nequaquion
3235 3132 3447 3189 elliccro

205 3197 363 3247 ὶουσι
388 3212 404 3228 ο
455 3197 552 3250 καὶ
610 3198 715 3250 οὐκ
754 3197 1020 3269 ἐλάχιστα
1068 3205 1133 3272 τῇ
1177 3203 1480 3260 Φλαϐιανοῦ
1514 3212 1782 3281 πρεσϐείᾳ
1808 3201 1851 3261 C
1886 3229 1930 3283 pl

1834 3201 2084 3283 Σροεεε,
2132 3198 2492 3280 quantumvis
2545 3215 2885 3282 contendas,
2946 3232 3004 3276 ut
3054 3224 3136 3278 vel
3188 3231 3443 3298 capillum

208 3291 542 3358 συνήραντο,
577 3289 719 3343 ὥστε
767 3292 862 3344 τοῦ
910 3292 1085 3362 θυμοῦ
1124 3296 1201 3367 τῷ
1249 3298 1465 3367 βασιλεί
1512 3305 1781 3359 καταιτϐἐ⁴

209 3395 306 3434 σαι
332 3382 432 3449 τὴν
458 3382 654 3450 φλόγα.
685 3384 794 3439 Καὶ
828 3386 937 3457 γὰρ
962 3388 1018 3450 ἐς
1043 3385 1270 3457 ὕστερον
1298 3393 1460 3458 ἀφεὶς
1480 3392 1579 3463 τὴν
1609 3395 1781 3467 ὀργὴν

206 3476 308 3527 καὶ
328 3476 428 3534 τὰς
451 3476 705 3538 ἀπειλὰς,
727 3479 925 3547 ’κοινὴν
955 3479 1252 3548 ἀπολογίαν
1280 3483 1359 3552 τῷ
1387 3483 1584 3553 πλήθει
1612 3485 1780 3557 ἐγρα-

208 3582 303 3632 φε,
340 3566 403 3618 τὸ
432 3567 685 3637 ἔγκλημα
719 3569 1018 3638 συγχωρῶν
1044 3587 1057 3601 ·
1092 3572 1150 3625 ἐν
1243 3575 1457 3645 καὶτῆς
1483 3576 1653 3645 ὀργῆς
1685 3579 1782 3647 τὴν

207 3652 396 3706 αἰτίαν
426 3653 688 3721 ἐδήλωσε.
720 3656 936 3726 Διεξῄει
970 3656 1078 3729 γὰρ
1124 3660 1221 3711 σὺν
1256 3661 1433 3724 ἄλλοις
1466 3665 1559 3715 καὶ
1599 3664 1780 3729 τοῦτο,

204 3744 284 3806 ὡς
315 3762 333 3794 t
364 3744 479 3796 Οὐκ
506 3746 693 3815 ἐχρῆν,
724 3748 859 3817 ἐμοῦ
915 3747 1043 3813 ἴσως
1093 3750 1512 3822 ἐξαμαρτόντος,
1549 3760 1781 3823 γυναῖκα

207 3836 399 3905 πάσης
423 3837 627 3906 ἀρετῆς
658 3840 752 3894 καὶ
787 3841 1060 3913 εὐφημίας
1090 3844 1268 3910 ἀξίαν,
1302 3847 1394 3899 καὶ
1439 3848 1611 3901 ταῦτα
1644 3854 1783 3918 μετά

206 3928 314 3999 τὴν
344 3928 554 3982 ἐνθένδε
602 3931 953 4003 ἀπαλλαγὴν,
1000 3934 1273 4005 τοσαύτην
1318 3938 1620 4007 ὑποστῆναι
1685 3944 1782 4012 τὴν

210 4020 528 4087 παροινίαν.
560 4022 619 4074 EI
647 4024 753 4095 γὰρ
777 4025 960 4094 ἐχρῆν,
996 4026 1118 4078 κατ’
1145 4028 1278 4097 ἐμοῦ
1313 4030 1447 4092 τέως
1478 4034 1781 4102 ἐδει,φησὶ,

208 4112 290 4182 τῷ
318 4112 481 4182 θυμῷ
511 4116 844 4185 χρήσασθαι.
888 4134 906 4167 ι
948 4119 1264 4188 Προσετίθει
1318 4122 1373 4174 δὲ
1404 4123 1478 4192 τῷ
1512 4126 1672 4189 τέλει,
1710 4130 1783 4191 ὡς

207 4207 310 4260 καὶ
359 4209 566 4287 σφόδρα
597 4208 847 4278 χαλεπῶς
877 4209 1112 4282 διετέθη,
1149 4214 1258 4265 τῶν
1292 4231 1442 4280 τινας
1494 4219 1783 4287 ἐπισήμων

206 4300 279 4369 τῇ
308 4283 467 4351 πόλει
490 4297 643 4368 παρὰ
681 4298 781 4369 τὴν
810 4301 1018 4354 ἐκείνου
1053 4304 1280 4373 γνώμην
1309 4308 1620 4377 ἀνῃρῆσθαι
1645 4283 1784 4382 δικη-

182 4388 377 4452 ,κοώς.
418 4388 591 4443 Τοῦτο
616 4389 767 4453 τέλος
810 4390 935 4461 ἔσχε
982 4392 1079 4446 καὶ
1122 4396 1153 4463 ἡ
1202 4398 1342 4449 κατὰ
1370 4400 1467 4469 τὴν
1511 4401 1781 4472 Ἀντιόχου

208 4483 407 4543 στάσις
438 4480 806 4552 ἐπιγενομένη
853 4483 930 4553 τῷ
961 4486 1263 4555 ἀνδριάντι.
1302 4492 1409 4543 Καί
1460 4510 1522 4559 γε
1576 4498 1782 4566 ταύτην
1819 4539 1859 4592 D
1891 4507 1930 4560 [ι

1834 4507 2073 4592 )ίυιόι’θ
2126 4510 2203 4563 uti
2246 4480 2628 4570 conveniebat.

205 4573 514 4641 διεξῆλθον,
544 4575 670 4627 ὅσον
694 4573 903 4645 ὤνησεν
929 4578 1303 4649 όἋμϐροσίου
1330 4584 1513 4655 νόμος,
1543 4587 1779 4649 δεικνὺς.

206 4670 311 4737 τήν
338 4684 397 4719 τε
435 4668 747 4739 παρρησίαν
774 4668 868 4723 τοῦ
912 4672 1118 4739 ἀσόφου
1150 4674 1404 4743 γέροντος
1452 4681 1527 4748 μὴ
1579 4698 1781 4747 συγκα-

207 4760 381 4828 λύψαι
429 4759 519 4811 τὸν
552 4761 746 4828 χρόνον
770 4763 1111 4831 πειρώμενος
1137 4783 1151 4797 ·
1206 4769 1429 4836 προσέτι
1471 4770 1529 4823 δέ
1573 4774 1785 4838 δεικνὺς

210 4857 312 4906 καὶ
340 4855 442 4922 τὴν
490 4853 585 4906 τοῦ
619 4854 882 4923 βασιλέως
924 4861 1152 4928 περὶτὰ
1187 4860 1304 4913 θεῖα
1346 4865 1653 4926 εὐλάϐειαν,
1693 4870 1787 4921 καὶ

208 4944 310 4997 τοῦ
359 4944 506 4998 θείου
542 4946 847 5000 Φλαϐιανοῦ
890 4950 991 5017 τὴν
1040 4955 1448 5025 ποιμαντικήν·
1497 4958 1642 5019 ὅπως
1690 4961 1787 5026 τῆς

212 5038 455 5105 ποίμνης
502 5037 939 5108 ύπεριστὰμενος
977 5040 1165 5105 δεξιῶς
1210 5043 1307 5114 τὴν
1344 5046 1636 5115 πρεσϐείαν
1683 5066 1784 5117 με·-

210 5126 402 5195 τῆλθε,
426 5128 525 5198 τὴν
556 5130 619 5181 ἐκ
662 5127 925 5198 βασιλέως
957 5132 1121 5197 λύσας
1149 5134 1343 5205 ὀργήν.

214 5220 596 5275 vindicarem:
625 5221 865 5292 denique
917 5236 977 5280 ut
1018 5226 1362 5296 imperatoris
1401 5231 1452 5284 in
1527 5233 1691 5288 rebus
1728 5233 1930 5293 divinis

213 5316 367 5371 viani
406 5333 625 5384 curam,
685 5332 747 5376 ut
792 5321 1048 5379 videlicet
1078 5325 1168 5379 ille
1220 5342 1318 5395 pro
1345 5344 1505 5399 grege
1565 5347 1687 5392 suo,
1726 5335 1809 5384 cui

208 5414 484 5482 principis
516 5415 649 5469 iram
683 5419 935 5488 sopierit,
968 5421 1290 5480 indicarem.

464 5947 736 6008 Ριιτῐιῡι..
770 5947 883 6007 Gn.
921 5944 1161 6009 CXLII

1886 3321 2054 3361 unum
2108 3309 2301 3361 eorum
2334 3306 2428 3375 qui
2468 3307 2591 3362 caesi
2624 3308 2754 3375 Sint,
2785 3326 2971 3367 creare
3012 3317 3214 3374 valeas.
3258 3342 3273 3373 ι
3324 3323 3448 3382 Haec

1887 3402 1963 3455 illi
1996 3417 2025 3456 a
2057 3416 2188 3457 sene
2220 3402 2470 3472 sapiente
2496 3403 2705 3470 audita,
2740 3405 2902 3459 sicuti
2944 3408 3270 3478 simpliciter
3298 3416 3445 3472 dicta

1884 3504 2064 3562 erant,
2123 3494 2196 3549 ita
2258 3494 2575 3563 imperatori
2626 3499 3038 3556 renuntiarunt.
3085 3505 3206 3561 Non
3248 3524 3445 3580 parum

1884 3586 2078 3652 etiam,
2112 3586 2276 3641 sicuti
2312 3588 2445 3653 dixi,
2477 3587 2721 3643 Flaviani
2750 3592 2949 3661 legatio
2984 3596 3091 3651 illis
3119 3601 3350 3668 proluit.
3387 3622 3448 3663 ut

1888 3678 1983 3731 ira:
2026 3677 2242 3732 ﬂamma
2287 3680 2341 3732 in
2375 3678 2706 3749 imperatore
2741 3686 3211 3756 exstingueretur.
3256 3696 3446 3752 Postea

1887 3784 2123 3839 namque
2161 3770 2243 3822 ira
2290 3778 2347 3824 et
2376 3773 2541 3825 minis
2574 3773 2817 3838 Omissis,
2853 3793 3200 3838 communem
3239 3792 3446 3858 populo

1886 3863 2109 3932 scripsit
2144 3864 2544 3930 defensionem,
2596 3868 2805 3923 crimen
2862 3872 2940 3926 illi
2994 3878 3334 3946 condonans,
3395 3888 3446 3940 in

1887 3972 1993 4026 qua
2024 3972 2119 4011 ira:
2143 3959 2308 4012 etiam
2339 3974 2562 4014 causam
2595 3965 2869 4031 exposuit.
2910 3967 3059 4024 Inter
3085 3973 3191 4027 alia
3217 3979 3361 4032 enim
3394 3995 3449 4037 et

1888 4050 2022 4105 illud
2057 4051 2510 4105 commemoravit
2543 4069 2557 4105 :
2597 4071 2614 4104 ι
2654 4053 2880 4111 Etiamsi
2933 4075 3035 4130 ego
3085 4062 3228 4121 forte
3283 4072 3444 4138 quid-

1886 4156 2049 4210 quam
2100 4142 2476 4212 deliquissem,
2524 4146 2759 4219 minime
2817 4159 2998 4207 tamen
3056 4165 3443 4219 contumeliam

1890 4245 2120 4299 tantam,
2163 4238 2444 4290 mulierem
2492 4240 2670 4294 omnis
2721 4241 2939 4299 virtutis
2983 4247 3148 4306 laude
3201 4254 3444 4325 dignam,

1887 4328 2051 4395 idque
2080 4342 2203 4381 cum
2230 4327 2340 4397 jam
2372 4328 2461 4382 illa
2490 4344 2555 4384 ex
2587 4331 2685 4387 hac
2721 4334 2830 4388 vita
2869 4338 3136 4407 migrarit,
3170 4349 3446 4409 sustinere

1887 4421 2111 4474 decuit:
2145 4436 2209 4475 ac
2243 4420 2286 4474 si
2322 4422 2453 4491 quid
2502 4422 2704 4480 factum
2750 4434 3017 4501 Oportuit,
3054 4437 3325 4498 adversus
3359 4462 3444 4501 me

2662 4536 2679 4568 ι
2709 4518 2788 4572 Ad
2823 4520 2983 4576 ﬁnem
3022 4541 3241 4597 quoque
3273 4550 3447 4605 appo-

1891 4596 2046 4650 suit:
2087 4598 2423 4656 Gravissime
2468 4619 2524 4658 sc
2582 4608 2796 4674 tulisse,
2850 4616 2997 4683 quod
3030 4596 3323 4688 praeclaros
3346 4596 3450 4683 ali-

1889 4698 2023 4757 quot
2057 4693 2109 4744 in
2155 4706 2217 4745 ca
2259 4694 2392 4747 urbe
2441 4695 2608 4763 viros,
2645 4715 2847 4770 praeter
2892 4716 3220 4769 sententiam
3268 4734 3447 4786 suam,

1891 4781 2252 4852 interemptos
2292 4800 2413 4841 esse
2482 4791 2807 4850 audivisset.
2871 4799 3023 4857 llunc
3065 4804 3226 4860 linem
3261 4781 3451 4867 habuit

1888 4875 2089 4928 seditio
2117 4891 2304 4931 contra
2340 4890 2579 4937 statuam
2621 4886 2927 4945 Antiochia:
2958 4898 3254 4960 concitata.
3275 4903 3451 4973 Atque

1892 4964 2005 5020 ha-e
2037 4968 2223 5033 retuli,
2265 4980 2323 5024 ut
2360 4988 2625 5042 quantum
2661 4981 2935 5040 Ambrosii
2968 4988 3055 5042 lex
3096 4964 3449 5053 emolumenti

1890 5059 2170 5125 attulerit,
2203 5065 2548 5121 os1enderem
2580 5086 2593 5123 :
2624 5082 2677 5125 et
2725 5075 2940 5129 dicendi
2977 5079 3287 5139 libertatem
3313 5088 3450 5142 insi-

1889 5150 2088 5215 pientis
2123 5151 2268 5208 illius
2313 5159 2480 5223 senis,
2521 5164 2589 5217 ab
2624 5165 2900 5221 oblivione
2950 5181 3005 5225 et
3052 5183 3362 5243 temporum
3405 5187 3449 5235 vi

1989 5242 2332 5312 religionem,
2396 5260 2508 5305 tum
2551 5265 2732 5310 autem
2760 5262 3088 5327 pastoralem
3154 5242 3265 5323 divi
3328 5248 3450 5328 ιλια-

1884 5340 2122 5406 pra-loit,
2186 5346 2461 5409 laborans,
2511 5351 2839 5419 legationem
2898 5369 3043 5415 recte
3100 5362 3336 5431 obterit,
3395 5380 3450 5423 et

2974 5978 3053 6039 29
