4248 6446
751 410 851 475 9m
1210 522 1376 591 328
1413 521 1640 578 CAPUT
1681 522 1840 579 XLV.

741 617 814 666 De
838 610 1045 668 Donato
1067 617 1302 684 episc0po
1331 616 1553 677 Euraere.
1590 618 1712 669 item
1770 616 2037 670 Theotimo
2085 614 2305 687 Scytha-

877 703 994 738 rum
1017 688 1254 755 episcopo
1283 701 1302 738 :
1325 696 1373 738 et
1402 703 1519 755 quw
1545 688 1581 741 ii
1607 687 1867 740 ediderint
1896 687 2176 742 miracula.

808 838 879 891 Ea
920 847 1081 892 aetate
1111 839 1292 902 multi,
1325 839 1378 892 in
1411 839 1666 894 omnibus
1696 828 1847 894 Orbis
1878 841 2150 910 partibus,
2182 840 2302 911 epi-

733 931 1007 1000 scopalem
1034 933 1293 1002 praeclare
1320 943 1574 1004 gerentes
1603 936 1924 1000 dignitatem
1949 935 2297 990 enituerunt.

737 1021 792 1075 In
813 1022 1036 1090 ,quibus
1081 1024 1325 1078 Donatus
1363 1026 1451 1077 ille
1485 1024 1606 1086 luit.
1653 1026 1864 1080 Enrma:
1897 1026 1950 1079 in
1993 1026 2160 1093 Epiro
2199 1041 2297 1078 an-

737 1117 935 1169 tistes:
977 1131 1140 1184 quem
1196 1117 1362 1170 multa
1395 1117 1634 1170 edidisse
1686 1117 1974 1182 miracula,
2028 1117 2147 1188 ejus
2194 1117 2299 1172 loci

735 1209 931 1262 incola:
983 1217 1299 1272 testantur;
1352 1209 1402 1260 in
1452 1209 1641 1276 primis
1694 1220 1875 1262 autem
1937 1209 2094 1272 illud,
2152 1209 2299 1278 quod

732 1303 971 1355 dracone
1001 1301 1293 1354 interfecto
1325 1303 1592 1354 exhibuit.
1623 1301 1874 1356 Manebat
1906 1302 2071 1357 draco
2107 1303 2206 1356 iste
2232 1303 2298 1358 ad

733 1396 874 1446 riam
908 1392 1181 1462 publicam
1211 1409 1224 1444 :
1260 1393 1438 1445 locum
1468 1408 1592 1446 eum
1619 1394 1810 1447 incola!
1835 1394 2294 1464 Χαμαιγεφύρας,

735 1486 838 1538 hnc
869 1494 974 1546 est,
1006 1481 1230 1537 Pontem
1260 1491 1527 1545 terreum.
1564 1486 1872 1539 nominant.
1906 1485 2004 1540 Hic
2029 1501 2138 1539 non
2170 1501 2300 1541 oves

734 1589 944 1634 tantum
997 1588 1161 1646 atque
1210 1577 1400 1638 boves,
1435 1579 1528 1632 sed
1562 1593 1735 1647 equos
1765 1578 1930 1633 etiam
1961 1588 2018 1633 et
2049 1579 2299 1634 homines

736 1681 1132 1737 prmtercnntes
1157 1672 1476 1726 devorabat.
1506 1671 1786 1727 Adversus
1809 1672 1978 1726 feram
2000 1673 2142 1727 hanc
2171 1687 2296 1726 cum

735 1767 978 1819 Donatus
1027 1765 1157 1828 iret,
1209 1779 1319 1818 non
1355 1779 1542 1818 ensem
1594 1774 1690 1816 aut
1737 1765 1974 1829 hastam,
2004 1776 2098 1818 aut
2148 1764 2295 1819 aliud

1959 410 2378 472 NICEPIIORI
2425 411 2770 471 GALLISTI

2329 529 2379 585 Δ

3876 413 3983 480 908

2972 525 3224 580 ΚΕΦΑΔ.
3277 523 3412 582 ME’.

2411 615 2546 684 Περὶ
2569 616 2832 671 Δονάτου
2859 617 2967 670 τοῦ
2999 616 3341 672 ἐπισκόπου
3366 617 3640 684 Εὐροίας,
3667 615 3762 671 καί
3789 619 3990 670 Beati-

2473 703 2592 758 μου
2627 687 2736 758 τοῦ,
2767 687 3016 741 Σκυθῶν
3051 688 3330 758 ιεςράρχου
3349 705 3364 720 ο
3395 689 3492 742 καί
3536 687 3669 755 περὶ
3698 685 3816 741 τῶν
3841 692 3988 742 θαυ-

2470 756 2679 822 μάτων
2705 757 2742 811 d
2780 758 3096 814 ἐτέλεσαν.

2475 849 2790 914 Τηνικαῦτα
2825 849 2881 902 δέ
2927 851 3112 903 πολλοὶ
3161 850 3476 921 ἁπανταχοῦ
3506 851 3606 919 τῆς
3653 849 3984 919 οἰκουμένης

2408 941 2686 1011 ἱερατικὴν
2710 941 2864 1005 ἀξίαν
2886 942 3249 1012 ἠμφιεσμένοι
3280 943 3578 1012 διέπρεπον
3604 959 3616 971 ·
3647 938 3728 1005 οἷς
3750 945 3984 1004 Δονᾶτος

2404 1034 2609 1094 ἐκεῖνος
2641 1034 2870 1103 Εὑροίας
2905 1035 2999 1104 τῆς
3030 1036 3085 1087 ἐν
3124 1037 3365 1105 Ἠπείρῳ
3396 1037 3493 1104 τὴν
3522 1035 3826 1104 ἐπισκοπὴν
3850 1035 3982 1103 κλη-

2406 1125 2757 1193 ρωσάμενος·
2798 1123 2856 1178 ὃν
2903 1125 2968 1197 δὴ
3019 1127 3189 1180 πολλὰ
3221 1125 3434 1201 τελέσαι
3465 1125 3721 1195 θαύματα
3770 1144 3984 1195 μαρτυ-

2408 1215 2587 1287 ροῦσιν
2618 1217 2665 1270 οί
2689 1217 2994 1289 ἐπιχώριοι,
3032 1221 3124 1273 καὶ
3151 1219 3216 1290 δὴ
3247 1220 3346 1272 καὶ
3366 1221 3502 1289 ὅπερ
3539 1222 3668 1287 περὶ
3699 1221 3798 1288 τὴν
3826 1220 3982 1272 avai-

2404 1326 2556 1376 ρεσιν
2587 1311 2681 1363 τοῦ
2713 1311 3010 1381 δράκοντος
3043 1311 3394 1382 διεπράξατο.
3423 1314 3579 1384 ᾯκει
3608 1313 3666 1365 δέ
3701 1313 3728 1364 ὁ
3759 1312 3981 1380 δράκων

2402 1400 2555 1464 οὗτος
2594 1403 2744 1471 παρὰ
2789 1403 2885 1472 τὴν
2915 1401 3225 1473 λεωφόρον·
3268 1402 3699 1472 Χαμαιγεφύραι
3755 1401 3784 1452 ὁ
3813 1402 3980 1462 τόπος

2401 1495 2679 1564 ἐγχωρίους
2714 1495 3021 1564 ὼνόμαστο.
3058 1494 3233 1558 Οὗτος
3264 1495 3318 1548 δέ
3360 1496 3419 1547 οὐ
3449 1493 3695 1565 πρόϐατα
3728 1495 3817 1545 καὶ
3847 1491 3908 1561 βό
3923 1509 3978 1553 ις

2403 1587 2565 1656 μόνον
2600 1579 2861 1656 ἁρπάζων
2918 1587 3104 1658 θοίνην
3157 1586 3334 1656 ἑαυτῷ
3394 1589 3656 1650 ἐποιεῖτο,
3706 1585 3845 1639 ἀλλὰ
3882 1588 3978 1637 καὶ

2402 1675 2602 1737 ῐππους
2657 1677 2751 1727 καὶ
2797 1676 3122 1748 ἀνθρώπους
3181 1677 3479 1748 παριόντας
3516 1676 3796 1729 ἐϐόσκετο.
3848 1676 3977 1727 Ἐπὶ

2399 1763 2463 1834 δὴ
2501 1766 2579 1834 τῷ
2613 1765 2791 1835 θηρίῳ
2827 1765 3003 1835 τούτῳ
3033 1767 3263 1828 Δονᾶτος
3300 1767 3472 1837 ἥκων,
3507 1768 3568 1819 οὐ
3609 1766 3760 1834 ξίφος
3787 1767 3819 1837 ἢ
3845 1766 3974 1834 δόρυ

733 1856 1031 1925 quodpiam
1081 1871 1358 1909 armorum
1395 1871 1589 1923 genus,
1633 1857 1835 1924 quibus
1875 1856 2039 1910 tutari
2072 1871 2173 1910 nos
2210 1871 2298 1910 so-
2329 1897 2369 1952 Β
2401 1860 2410 1909 i

2329 1857 2434 1952 Βῆ
2484 1858 2612 1911 ἄλλο
2659 1876 2711 1911 τι
2762 1858 2870 1910 τῶν
2905 1859 3261 1928 ἀμυντηρίων
3315 1858 3616 1928 ἐπεφέρετο
3670 1858 3872 1912 ὅπλον·
3914 1857 3976 1910 τὺ

737 1950 913 2002 lemus
948 1949 1045 2017 (l),
1084 1961 1270 2001 secum
1306 1947 1490 2001 attulit
1525 1963 1539 1999 :
1578 1946 1672 2000 sed
1717 1947 1874 2016 signo
1899 1947 2079 2002 crucis
2111 1946 2296 2017 digitis

739 2039 790 2091 in
845 2053 973 2091 aere
1030 2038 1395 2097 ceniorntato,
1445 2036 1718 2105 serpentis
1766 2050 1831 2090 os
1864 2037 2147 2106 perculit:
2202 2022 2297 2107 qui

740 2131 840 2183 viri
875 2129 1050 2185 sancti
1085 2129 1429 2199 praesentiam
1459 2128 1722 2192 sentiens,
1752 2144 2003 2199 magnum
2034 2129 2294 2199 quiddam

737 2225 986 2285 sibilans,
1033 2230 1089 2274 et
1125 2231 1289 2289 caput
1339 2220 1392 2271 in
1427 2219 1656 2273 sublime
1695 2220 1913 2284 tollens,
1952 2229 2296 2292 tractumque

739 2317 990 2383 corporis
1011 2311 1377 2382 'jl‘rovolvens,
1411 2312 1678 2365 devorare
1706 2312 1854 2365 illum
1882 2315 2188 2367 contendit.
2231 2316 2299 2368 At

742 2409 984 2460 Donatus
1015 2404 1082 2457 ad
1115 2418 1334 2457 crucem
1370 2402 1502 2456 illud
1537 2401 1769 2466 addidit,
1811 2413 1870 2458 ut
1901 2404 1955 2456 in
1995 2419 2056 2458 os
2099 2404 2297 2459 draco-

740 2504 822 2555 nis
841 2508 1152 2569 exspueret.
1185 2496 1250 2550 Et
1278 2496 1365 2549 ille
1389 2496 1557 2549 saliva
1587 2511 1680 2548 ore
1717 2505 1963 2565 excepta,
2001 2497 2298 2552 identidem

740 2611 798 2653 se
867 2589 1349 2646 circumvolvcndo
1406 2582 1765 2656 cbrnplicans,
1826 2591 2008 2644 statim
2067 2591 2298 2645 interiit.

742 2684 1119 2754 Magnitudine
1161 2682 1273 2735 fera
1299 2696 1358 2734 ea
1390 2681 1470 2733 cis
1494 2696 1597 2733 non
1630 2680 1879 2745 cedebat,
1910 2697 2030 2748 (pta:
2053 2684 2196 2750 apud
2218 2682 2302 2734 ln-

741 2787 839 2838 dos
859 2796 975 2833 esse
1006 2780 1284 2832 dicuntur.
1309 2776 1496 2843 Magna
1515 2775 1660 2828 enim
1693 2775 1766 2840 vi,
1789 2776 1856 2828 ab
1875 2786 1998 2829 octo
2021 2777 2184 2830 boum
2209 2792 2303 2846 pa-

741 2873 911 2930 ribus,
944 2870 997 2921 in
1031 2869 1268 2920 vicinum
1293 2880 1546 2934 campum
1572 2872 1933 2934 protractam,
1966 2869 2158 2922 incola
2188 2868 2296 2938 igni

740 2967 1193 3024 eombnsserunt,
1254 2973 1321 3011 ne
1379 2959 1449 3009 ita
1500 2959 1689 3026 jacens
1753 2967 1917 3026 atque
1974 2968 2300 3028 putrescens

741 3072 923 3113 aerem
973 3055 1244 3118 inliceret,
1280 3063 1336 3107 et
1381 3053 1710 3121 contagione
1751 3053 2076 3122 peStiierum
2125 3053 2304 3107 homi-

744 3150 909 3201 nibus
940 3145 1161 3199 aﬂ‘erret
1189 3143 1463 3197 morbum.
1497 3140 1690 3196 Donati
1729 3144 1891 3214 hujus
1920 3145 2138 3199 celebre
2163 3161 2299 3214 quo-

2399 1951 2689 2020 σταυρικὺν
2716 1950 2772 2002 δέ
2790 1952 3012 2019 σημεῖον
3029 1951 3108 2012 είς
3145 1950 3284 2021 ἀέρα
3315 1951 3427 2014 τοῖς
3475 1949 3765 2012 δακτύλοις
3790 1950 3976 2002 διατυ-

2398 2041 2608 2106 πώσας,
2634 2043 3049 2111 ἀντιπρόσωπον
3081 2041 3260 2094 ἐσαλε·
3290 2041 3390 2113 τὴν
3404 2041 3705 2113 παρουσίαν
3732 2042 3838 2110 γὰρ
3873 2040 3973 2093 τοῦ

2399 2136 2547 2188 ὁσίου
2607 2136 2971 2202 αἰσθόμενον,
3038 2133 3286 2204 συρίττον
3349 2134 3529 2202 μέγα,
3580 2133 3678 2203 τὴν
3727 2132 3976 2202 κεφαλὴν

2400 2228 2756 2296 ἐξανέστησε,
2810 2229 2905 2279 καὶ
2932 2227 3023 2278 τὸν
3049 2227 3205 2280 etiam
3235 2226 3625 2293 παρεξελίττον
3653 2225 3745 2276 τοῦ
3780 2225 3976 2292 σώμα-

2398 2336 2512 2381 τος,
2540 2319 2817 2388 ἐπεχείρει
2848 2319 3157 2369 καταπιεῖν.
3195 2316 3253 2370 '0
3275 2316 3329 2369 δὲ
3357 2317 3493 2384 πρὸς
3527 2315 3603 2386 τῷ
3634 2314 3854 2384 σταυρῷ
3879 2314 3976 2366 καὶ

2402 2410 2483 2472 είς
2526 2410 2585 2461 τὸ
2637 2411 2812 2476 στόμα
2847 2408 3146 2462 ἀπέπτυεν.
3186 2407 3243 2459 '0
3290 2407 3345 2459 δὲ
3391 2406 3608 2474 δράκων
3651 2404 3740 2457 τὸν
3797 2404 3977 2456 σίελον

2403 2484 2664 2556 κατὰ-τοῦ
2704 2502 2971 2572 στόματος
3007 2500 3407 2569 εἰσδεξάμενος,
3435 2499 3633 2552 αὐτίκα
3676 2497 3979 2566 διέφθαρτο

2401 2599 2477 2657 είς
2509 2595 2705 2657 πολλὰς
2739 2595 2923 2655 ἕλικας
2961 2594 3314 2661 συστραφεὶς.
3341 2587 3458 2642 Ἠν
3485 2589 3541 2642 δὲ
3567 2589 3627 2641 τὸ
3658 2589 3846 2656 θηρίον
3867 2589 3930 2638 τί
3950 2607 3981 2634 ν

2402 2687 2537 2757 παρ’
2564 2688 2739 2748 Ἰνδοῖς
2762 2686 3163 2755 ἱστορουμένων
3184 2685 3282 2735 οὐκ
3311 2685 3525 2736 ἔλαττον
3543 2684 3682 2735 κατὰ
3709 2681 3976 2751 μέγεθος·

2404 2780 2496 2849 ﬂia.
2526 2779 2634 2848 γὰρ
2664 2777 2769 2830 ὑπὸ
2821 2775 3075 2844 ζεύγεσιν
3127 2775 3272 2828 ὀκτὼ
3322 2774 3474 2842 παρὰ
3522 2772 3633 2824 τῶν
3662 2773 3980 2840 ἐπιχωρέων

2403 2869 2743 2936 ἑξελκυσθέν,
2780 2872 2857 2931 είς
2885 2869 2943 2922 τὸ
2967 2867 3241 2936 γειτονοῦν
3283 2866 3464 2918 πεδίον
3491 2867 3624 2935 πυρὶ
3673 2866 3978 2934 παρεδόθη,

2401 2964 2477 3027 ὡς
2510 2964 2574 3015 ἂν
2614 2963 2689 3033 μὴ
2710 2960 2884 3024 οὕτως
2933 2959 3269 3033 ἐρριμμένος
3328 2959 3638 3023 διασαπεὶς,
3692 2957 3783 3011 τὸν
3835 2960 3982 3023 ἀέρα

2404 3057 2722 3127 λυμανεῖται
2750 3057 2816 3124 τῇ
2843 3052 3128 3124 μετουσίᾳ,
3159 3051 3254 3104 καὶ
3279 3050 3518 3120 λοιμώδη
3553 3051 3708 3102 νόσον
3732 3049 3982 3114 ἐπιτέξοι

2405 3152 2519 3211 τοῖς
2567 3147 2874 3218 ἐγχωρίοις.
2907 3146 3111 3198 Τούτου
3144 3145 3209 3216 δὴ
3253 3143 3348 3197 τοῦ
3396 3143 3632 3197 Δονάτου
3674 3144 3773 3196 καὶ
3805 3143 3986 3211 τάφον

745 3254 849 3309 que
898 3238 972 3292 ibi
1027 3244 1451 3290 monumentum
1501 3249 1621 3289 esse
1675 3235 1881 3300 audivi,
1937 3236 2084 3305 quod
2137 3225 2422 3296 etiang

2326 3225 2371 3286 (Ἰ
2405 3242 2684 3313 ἐπυθόμην
2715 3238 2854 3294 εἶναι
2885 3241 3068 3294 ἐκεῖσε
3098 3238 3395 3307 ἐπίσημον,
3442 3236 3610 3306 εὐχῆς
3641 3230 3793 3289 οἷκον
3820 3235 3980 3297 ὄντα,

744 3329 1013 3385 orationis
1040 3329 1238 3381 domus
1267 3326 1358 3379 sit.
1390 3323 1664 3394 Oppidum
1699 3336 1965 3394 prreterea
1991 3326 2060 3380 de
2080 3327 2302 3381 nomine

743 3425 861 3494 ejus
897 3421 1251 3490 appellatum,
1286 3418 1353 3471 ad
1384 3418 1531 3486 quod
1571 3419 1694 3471 fons
1737 3427 1820 3470 est
1865 3421 2143 3488 copiosam
2177 3434 2304 3487 pro-

745 3513 970 3567 volvens
1020 3509 1245 3570 undam,
1302 3509 1396 3576 qui
1453 3518 1613 3561 antea
1670 3507 1893 3576 quidem
1952 3524 2059 3560 non
2117 3508 2302 3570 fuerit,

747 3598 1064 3674 precatione
1110 3613 1292 3654 autem
1344 3600 1466 3668 ejus
1501 3599 1765 3652 divinitus
1812 3599 2104 3652 exstiterit.
2140 3600 2303 3652 Arida

749 3710 984 3765 namque
1017 3693 1161 3763 regio
1187 3708 1249 3746 ea
1282 3696 1351 3744 ab
1381 3692 1537 3745 initio
1568 3693 1761 3753 fuerat,
1793 3707 1969 3760 neque
2002 3691 2074 3745 ibi
2107 3691 2303 3744 humor

749 3804 926 3859 neque
959 3790 1102 3842 latex
1132 3784 1410 3854 apparuit.
1445 3783 1659 3837 Etcum
1694 3783 1986 3852 aliquando
2017 3799 2082 3837 cx
2111 3783 2304 3836 itinere

750 3887 925 3938 fessus
957 3895 1022 3934 eo
1063 3878 1305 3932 Donatus
1332 3876 1594 3936 venisset,
1631 3885 1685 3927 et
1723 3876 1953 3928 comites
1992 3889 2122 3928 suos
2151 3889 2306 3942 aqua:

750 3976 978 4046 penuria
1007 3973 1421 4042 languescentes
1455 3968 1708 4030 vidisset,
1739 3967 1974 4036 primum
2012 3966 2102 4020 ille
2133 3966 2305 4020 Deum

748 4079 833 4122 est
883 4073 1172 4134 precatus;
1205 4059 1405 4116 deinde
1448 4068 1648 4113 ten-ant
1706 4075 1870 4112 manu
1923 4059 2092 4122 fodit,
2141 4068 2304 4126 atque

751 4162 896 4215 illico
929 4173 1080 4226 aqua:
1121 4154 1322 4208 ﬂuenta
1358 4152 1482 4205 inde
1520 4151 1913 4227 prosiiuurunt,
1952 4167 2072 4219 qum
2101 4151 2168 4204 ad
2201 4150 2306 4205 hoc

751 4266 922 4321 usque
975 4261 1188 4318 tempus
1223 4243 1494 4315 proﬂuere
1536 4259 1641 4295 non
1693 4242 1974 4294 desinunt.
2013 4243 2308 4296 Testantur

753 4349 865 4397 hazc
899 4341 1088 4401 vicini,
1121 4339 1214 4408 qui
1263 4334 1487 4389 lsoriam
1533 4333 1799 4396 incolunt,
1834 4333 1886 4385 in
1924 4349 2030 4401 qua
2074 4335 2306 4387 miracu-

751 4443 862 4491 lum
909 4438 1015 4488 hoc
1062 4430 1282 4487 accidit.
1336 4426 1498 4496 329
1561 4426 1771 4478 Floruit
1816 4434 1928 4478 tum
1987 4440 2204 4494 quoque
2251 4428 2308 4481 in

2404 3337 2496 3386 καὶ
2533 3334 2693 3397 ἄστυ,
2731 3334 2810 3394 είς
2851 3330 3136 3399 ἐπώνυμον
3185 3329 3399 3381 ἐκείνου
3449 3327 3793 3397 καλούμενα·
3848 3329 3908 3379 ἐν
3938 3320 3987 3392 ᾧ

2404 3423 2726 3492 γειτονοῦσα
2760 3423 2912 3493 πηγὴ
2941 3421 3311 3490 διαφαίνεται,
3341 3420 3548 3487 ἄφθονα
3583 3420 3887 3488 προῖεμένη
3913 3419 3988 3470 τὰ.

2404 3521 2623 3587 νάματα
2649 3557 2664 3580 ,
2715 3518 2749 3586 ἢ
2798 3516 3061 3585 πρότερον
3091 3513 3190 3582 μὲν
3224 3513 3324 3565 οὐκ
3357 3507 3446 3582 ἦν,
3480 3511 3665 3580 εὐχαῖς
3693 3510 3738 3562 δ’
3767 3510 3988 3562 ἐκείνου

2405 3612 2465 3664 τὸ
2496 3612 2636 3663 θεῖον
2666 3609 2886 3676 ἀνῆκεν.
2922 3605 3188 3673 Ἀνυδρος
3237 3607 3335 3672 μὲν
3374 3605 3485 3672 γὰρ
3517 3599 3585 3674 ἦν
3614 3606 3642 3656 ὁ
3672 3603 3853 3673 χῶρος
3889 3596 3988 3655 οὗ-

2406 3721 2496 3764 τος
2531 3702 2592 3755 τὸ
2621 3701 2678 3766 ἐξ
2710 3701 2885 3769 ἀρχῆς
2908 3716 2923 3731 ο
2956 3699 3053 3753 καὶ
3106 3695 3234 3749 οὔτε
3272 3696 3416 3758 νοτὶς
3466 3695 3500 3764 ἢ
3529 3693 3682 3756 λιϐὰς
3728 3695 3847 3746 ἐκεῖ
3874 3695 3989 3747 διε-

2407 3795 2648 3864 φαίνετο,
2674 3793 2766 3845 καί
2799 3791 2916 3842 ποτ’
2941 3790 2998 3856 ἐξ
3025 3788 3331 3856 ὁδοιπορίας
3357 3789 3473 3850 ἰὼν,
3502 3786 3628 3848 τοὺς
3658 3784 3798 3855 ἀμφ’
3817 3785 3989 3837 αὑτὸν

2408 3885 2960 3954 ταλαιπωρουμένους
2991 3880 3116 3933 ίδὼν
3160 3883 3226 3948 τῇ
3267 3877 3473 3946 ἀπορίᾳ
3517 3876 3610 3928 τοῦ
3641 3875 3860 3941 ὓδατος,
3890 3874 3987 3927 εὗ-

2411 3977 2606 4042 ξασθαι
2655 3979 2752 4047 μὲν
2795 3978 2866 4028 τὰ
2899 3973 3116 4044 πρῶτα,
3164 3971 3356 4024 ἔπειτα
3386 3969 3618 4039 λαχῆναι
3656 3969 3757 4036 τὴν
3782 3968 3889 4037 γῆν
3918 3972 3988 4037 τῇ

2408 4071 2590 4140 χειρί⁶
2641 4080 2735 4120 και
2769 4066 2930 4127 εὐθὺς
2961 4063 3084 4134 ῥοαὶ
3135 4063 3346 4116 ὑδάτων
3386 4061 3760 4131 ἀνέθρωσκον,
3788 4063 3889 4112 καὶ
3928 4062 3990 4122 ἐς

2406 4163 2566 4231 δεῦρο
2603 4159 2662 4211 οὐ
2705 4158 2993 4211 κατέλιπον
3021 4156 3245 4222 ῥέουσαι
3270 4169 3285 4182 ο
3316 4153 3411 4205 καὶ
3446 4151 3793 4223 μαρτυροῦσι
3829 4151 3992 4214 τάδε,

2409 4259 2457 4311 οἳ
2491 4256 2589 4328 τὴν
2630 4254 2882 4322 Ὶσωρίαν
2910 4252 3082 4304 οἰκεῖν
3139 4250 3348 4318 ἔλαχον,
3404 4246 3525 4299 καθ’
3565 4247 3632 4315 ἣν
3660 4246 3755 4298 καὶ
3785 4244 3848 4297 τδ
3875 4262 3990 4297 πα-

2413 4349 2633 4419 ρᾶδοξον
2684 4347 2842 4398 τοῦτο
2884 4341 3105 4410 συνέϐη.
3138 4338 3395 4406 Ἤκμαζε
3421 4337 3464 4389 δ’
3504 4339 3561 4389 ἐν
3588 4335 3759 4403 Τόμει
3795 4337 3894 4389 καὶ
3922 4339 3990 4402 τῇ

2411 4441 2572 4506 λοιπῇ
2610 4436 2814 4503 Σκυθίᾳ
2844 4433 2983 4485 κατὰ
3013 4433 3104 4483 τὸν
3130 4429 3322 4497 χρόνον
3366 4426 3556 4480 τοῦτον
3585 4426 3683 4477 καὶ
3714 4423 3989 4493 Θεότιμπς

751 4532 1037 4589 Tomitana
1073 4526 1208 4578 urbe
1241 4532 1295 4576 et
1333 4522 1540 4587 reliqua
1574 4517 1795 4587 Scythia
1832 4517 2153 4572 Thcotimns
2196 4520 2306 4582 ille,
2341 4532 2428 4605 ηε

2341 4551 2386 4605 ι)
2414 4532 2638 4591 ἐκεῖνος,
2673 4525 2882 4592 Σκύθης
2918 4523 3018 4592 μὲν
3050 4522 3149 4586 καὶ,
3180 4517 3452 4605 βάρϐαρος
3488 4515 3799 4605 ἄνθρωπος,
3836 4517 3987 4582 φιλοο

752 4639 948 4695 genere
992 4619 1213 4688 quidem
1250 4616 1413 4666 homo
1461 4611 1659 4681 Scytha
1689 4617 1743 4663 et
1790 4609 2081 4674 Barbarus,
2116 4612 2210 4665 sed
2250 4613 2302 4666 in

756 4711 1201 4787 praestantissima
1251 4707 1494 4758 omnium
1529 4702 1875 4773 philosophia
1919 4701 2205 4765 educatus.
2251 4715 2307 4759 et

754 4810 923 4864 totius
961 4802 1230 4873 Scythicae
1272 4795 1516 4851 ecclesia:
1566 4794 2100 4848 administrationem
2147 4797 2311 4849 sorti-

756 4913 874 4953 tus:
909 4912 1070 4964 quem
1118 4891 1322 4953 llnnni,
1364 4888 1455 4956 qui
1495 4887 1560 4940 ad
1603 4887 1800 4939 lstrunt
1846 4886 2165 4955 jamdudum
2219 4888 2307 4939 ha-

756 4997 953 5053 bitant,
983 4997 1242 5040 virtutem
1287 4985 1404 5051 ejus
1432 4979 1708 5041 admirati,
1746 4979 2110 5031 lioinanorum
2147 4980 2308 5032 deum

757 5081 1112 5140 nominabant
1156 5096 1167 5129 :
1204 5078 1371 5128 multa
1416 5086 1648 5140 namque
1707 5070 1890 5122 divina
1943 5070 2081 5123 laeta
2141 5070 2192 5123 in
2245 5087 2312 5126 eo

756 5176 966 5246 experti
1019 5174 1257 5225 (iterant.
1295 5167 1467 5219 Porro
1531 5164 1808 5216 memoria:
1867 5163 2144 5247 proditum
2207 5174 2310 5227 est,

761 5276 862 5322 iter
898 5269 946 5321 ei
1003 5267 1078 5323 ibi
1133 5265 1185 5315 in
1223 5262 1457 5322 barbara
1492 5257 1712 5325 regione
1746 5255 1988 5318 facienti,
2025 5256 2316 5324 prmdones

759 5363 1021 5430 quosdam
1072 5357 1402 5414 occurrisse,
1453 5352 1545 5421 qui
1587 5348 1862 5402 hostiliter
1913 5348 1978 5400 ad
2035 5348 2313 5401 civitatem

760 5457 1104 5509 'l'ontitanam
1133 5448 1520 5503 excurrebant.
1555 5441 1690 5497 Cum
1717 5450 1897 5493 autem
1927 5443 2158 5493 comites
2193 5443 2313 5504 ejus

737 5546 1080 5604 discriminc
1130 5559 1197 5615 eq
1229 5536 1615 5597 circumventi,
1649 5536 1838 5589 statim
1881 5549 1938 5586 se
1987 5533 2308 5585 iuterituros

763 5649 1041 5714 putarent,
1077 5653 1141 5690 ex
1192 5649 1333 5702 equo
1381 5633 1500 5700 ipse
1547 5628 1848 5690 descendit,
1898 5639 1948 5679 et
1985 5626 2181 5679 oravit.
2241 5625 2316 5678 lta

763 5743 984 5795 tactum,
1039 5743 1094 5784 ut
1145 5727 1429 5798 przedones
1487 5721 1732 5775 eamdem
1788 5720 2101 5773 insistentes
2155 5720 2316 5782 viam,

833 5873 904 5944 tl)
931 5872 1146 5923 Suzom.
1182 5880 1277 5928 vn,
1305 5877 1420 5929 cap.
1463 5859 1552 5913 25.

2418 4618 2580 4688 σοφίᾳ
2606 4618 2660 4667 δὲ
2686 4618 2748 4684 τῇ
2775 4615 2973 4682 ἀρίστῃ
3007 4610 3256 4678 τραφεὶς,
3286 4607 3384 4674 τῆς
3411 4604 3456 4657 δ’
3485 4607 3540 4655 ἐν
3569 4603 3775 4672 Σκυθίᾳ
3801 4607 3992 4671 tri-31;:

2416 4708 2710 4774 ἐκκλησίας
2735 4708 2832 4774 τὴν
2866 4702 3165 4772 ἐπιτροπὴν
3205 4699 3378 4766 ἔχωνσ
3415 4698 3472 4748 ὂν
3509 4690 3702 4748 Οὗννοι
3739 4697 3791 4746 oi
3828 4698 3994 4760 παρὰ

2416 4805 2506 4855 τὸν
2535 4803 2750 4868 Ἴστρον
2781 4798 2947 4849 πάλαι
2991 4793 3108 4847 ποτ’
3131 4792 3428 4852 οἰκοῦντες,
3473 4789 3572 4857 τῆς
3602 4789 3802 4855 ἀρετῆς
3841 4790 3987 4853 ἁγα-

2422 4909 2591 4963 μενοι,
2624 4892 2743 4942 Οεῖν
2781 4890 3047 4954 Ῥωμαῖον
3089 4882 3229 4936 εἶναι
3264 4880 3591 4952 ⁸ὠνόμαζον·
3633 4879 3850 4930 πολλῶν
3897 4881 3997 4930 καὶ

2420 4986 2528 5053 γὰρ
2576 4982 2774 5034 θεῖκῶν
2833 4977 3176 5048 πραγμάτων
3224 4975 3310 5025 ἐπ’
3355 4973 3502 5041 αὐτῴ
3555 4972 3752 5036 πεῖραν
3800 4969 3994 5037 ἔσχον.

2431 5073 2729 5140 ’ἱστόρηται
2777 5069 2927 5136 γοῦν,
2962 5068 3032 5129 ὡς
3073 5065 3307 5118 ὁδεύοντι
3351 5064 3449 5132 τὴν
3488 5061 3672 5114 ἐνοάδε
3701 5060 3998 5129 βάρϐαρον

2420 5167 2544 5232 γῆν,
2597 5164 2798 5233 λῃϊτέις
2834 5177 2987 5221 τινας
3023 5159 3336 5224 ὑπαντῆσαι
3381 5155 3574 5220 τούτῳ,
3608 5155 3874 5214 ἐναντίως
3905 5156 3999 5204 ἐπὶ

2421 5259 2591 5323 Τόμιν
2623 5254 2964 5312 ἐλαύνοντας.
2997 5251 3115 5303 Τῶν
3145 5251 3190 5301 δ’
3219 5247 3356 5318 ἀμφ’
3388 5248 3548 5300 αὑτὸν
3582 5248 3639 5297 ἐν
3664 5249 4000 5316 περιστάσει

2425 5348 2727 5418 γενομένων
2776 5345 2849 5407 ὡς
2893 5343 3278 5411 ἀπολουμένων
3332 5340 3553 5401 αὐτίκα,
3615 5340 3829 5401 ἀποὸὰς
3895 5340 3998 5392 τοῦ

2425 5443 2592 5494 ἵππου
2641 5439 2862 5506 ηὔξατο.
2918 5438 2979 5487 υἱ
3025 5434 3080 5485 δὲ
3123 5431 3318 5504 λῃσταὶ
3372 5431 3468 5483 ἐπὶ
3505 5434 3604 5497 τῆς
3651 5432 3824 5499 αὐτῆς
3871 5431 4003 5483 ξ,δοῦ

2424 5533 2744 5592 διελθόντες,
2778 5528 2890 5580 οὔτ’
2919 5529 3150 5588 ἐκεῖνον,
3184 5524 3308 5576 οὔτε
3343 5523 3470 5586 τοὺς
3507 5523 3638 5592 περὶ
3666 5521 3850 5582 αὐτὸν,
3877 5519 4006 5575 ἀλλ’

2428 5627 2545 5679 οὑδὲ
2578 5627 2700 5685 τοὺς
2758 5624 2955 5676 ἵππους
2991 5620 3073 5686 ἐφ’
3105 5613 3178 5671 ὧν
3208 5618 3391 5686 ἐποχοι
3420 5611 3582 5686 ἦσαν,
3637 5615 4004 5684 θεασάμποι,

2437 5718 2800 5786 παρέδραμον.
2842 5717 2991 5766 Ἐπεὶ
3022 5714 3065 5765 δ’
3104 5715 3303 5764 ἐκεῖνοι
3356 5711 3596 5761 πλεῖστοι
3631 5708 3783 5770 ὄντες
3811 5709 4007 5760 ἔπιθι-
