4248 6446
702 403 796 471 931
1921 404 2344 466 NICEPHORI
2388 399 2737 463 CALLISTI

3835 404 3945 466 912

701 525 926 585 vissent,
965 520 1231 591 quosdam
1270 521 1322 574 id
1359 520 1587 575 moleste
1619 521 1882 584 ferentes,
1935 530 1990 575 et
2019 519 2269 573 ecclesia:
2301 527 2336 580 Α

2380 516 2556 585 ματίῳ
2583 513 2641 571 οὗ
2670 517 2860 584 διῆγεν
2890 517 2917 568 6
2949 515 3255 586 οἰκονόμος,
3287 515 3432 587 μέγα
3464 533 3514 568 τι
3551 517 3642 568 καὶ
3668 515 3948 585 ὑπερφυὲς

698 626 1045 669 ωουιιοιηυηι
1099 609 1402 681 ρι-ςυοίριιο,
1448 610 1875 680 reprehendisse
1919 626 2070 668 eum,
2120 608 2266 678 quod

700 715 806 758 tam
841 709 1200 770 sumptuosus
1229 708 1286 755 et
1325 700 1590 770 prodigus
1630 710 1806 764 esset,
1845 698 2052 763 lerunt.
2089 695 2267 753 Caete-

697 802 818 850 rum
854 811 921 849 ne
950 804 1063 849 tum
1095 794 1322 864 quidem
1353 793 1420 848 de
1457 808 1610 847 more
1643 806 1765 856 suo,
1803 793 1931 860 quin
1964 791 2268 846 liberaliter

698 886 1074 956 indigentibus
1119 885 1438 956 largiretur,
1487 884 1789 954 quidquam
1834 884 2067 939 remisit.
2129 884 2266 939 Cum

696 989 883 1033 autem
911 982 1024 1048 jam
1055 993 1253 1032 aurum
1295 992 1459 1030 orante
1488 985 1877 1046 consumptum
1909 987 2077 1039 esset,
2112 990 2269 1030 acce-

695 1074 835 1128 dens
877 1071 1104 1143 quidam
1138 1072 1207 1126 ad
1241 1087 1361 1125 eam
1389 1070 1638 1134 domum,
1680 1070 1733 1123 in
1775 1086 1879 1139 qua
1914 1071 2266 1138 dispensator

698 1151 800 1219 iste
823 1164 1040 1233 agebat,
1078 1164 1354 1233 ingentem
1380 1162 1676 1230 quamdam
1707 1169 1764 1215 et
1810 1161 2096 1215 miriﬁcam
2139 1177 2266 1216 erus

698 1269 912 1308 mcnam
962 1269 1089 1308 cum
1150 1270 1347 1324 magno
1402 1257 1523 1308 auri
1576 1254 1819 1324 pondere
1863 1255 1912 1308 ei
1966 1255 2018 1308 in
2071 1270 2267 1308 manus

695 1346 848 1402 dedit
880 1363 894 1400 :
926 1357 982 1400 et
1010 1347 1196 1400 statim
1237 1346 1399 1409 abiit,
1438 1362 1615 1417 neque
1643 1348 1768 1416 quis
1799 1348 1912 1415 ipse
1948 1356 2115 1412 esset,
2164 1363 2265 1400 ne-

691 1453 802 1507 que
828 1439 921 1507 qui
953 1437 1005 1494 id
1038 1437 1300 1501 misisset,
1325 1437 1594 1493 indicans.
1615 1440 1882 1508 Perquam
1907 1454 2036 1493 vero
2064 1439 2261 1492 mirum

697 1533 870 1584 visum
901 1530 1192 1584 estlalere
1248 1546 1400 1593 eum,
1450 1530 1544 1598 qui
1583 1540 1792 1583 tantam
1852 1531 1960 1583 vim
2015 1532 2263 1599 pecunia:

691 1623 956 1684 dedisset,
1017 1623 1305 1676 voluisse:
1365 1625 1680 1691 factumque
1737 1623 1788 1677 id
1846 1623 2264 1677 considerantes

695 1717 967 1776 homines,
1011 1715 1254 1768 divinam
1309 1731 1428 1769 eam
1486 1730 1608 1770 esse
1662 1717 2073 1780 liberalitatem,
2127 1730 2262 1770 con-

695 1809 960 1874 iecturam
1007 1805 1208 1860 fecere.
1264 1807 1443 1876 Atque
1492 1806 1593 1861 hoc
1642 1808 1864 1876 quidem
1921 1811 2001 1864 sic
2053 1818 2259 1863 actum.

2373 609 2660 676 βαλάντιον
2703 608 2885 678 πολλῷ
2937 609 3166 680 χρυσίου
3231 609 3373 678 ὁ).κῷ
3429 610 3798 679 βαρυνόμενον
3846 609 3950 661 ἀνὰ

2370 704 2560 773 χεῖρας
2589 701 2787 770 βαλὼν,
2826 705 3006 756 ἀπιὼν
3053 702 3247 772 ᾤχετο,
3289 703 3429 772 μήτε
3462 702 3547 764 τίς
3576 703 3606 753 6
3635 702 3759 764 δοὺς
3789 700 3822 770 ἢ
3856 703 3950 754 καὶ

2367 793 2725 865 όπεπομφὼς
2779 795 2938 864 δῆλον
2994 796 3333 866 πεποιηκώς,
3384 796 3489 847 Καί
3526 812 3590 863 γε
3639 795 3950 864 παράδοξον

2367 886 2490 941 λίαν
2525 887 2722 951 ἐδόκει,
2754 887 2993 940 ἐπιδόσει
3023 887 3294 940 τοσούτων
3325 886 3626 956 χρημάτων
3658 887 3946 953 ἄγνωστον

2370 980 2561 1033 ἑαυτὸν
2609 980 2756 1040 ὅστις
2789 974 2856 1051 ἣν
2914 980 2942 1032 6
2989 978 3135 1042 δοὺς,
3186 977 3553 1046 καταστῆσαι.
3596 979 3692 1042 Εἰς
3739 979 3865 1032 νοῦν
3891 982 3951 1031 δὲ

2369 1072 2611 1140 θέμενοι,
2660 1068 2944 1141 θειοτέραν
2989 1063 3132 1123 εἶναι
3164 1071 3266 1140 τὴν
3298 1070 3499 1139 πρᾶξιν
3535 1072 3831 1124 συνέδαλον
3889 1068 3951 1125 ἆ-

2372 1181 2596 1227 παντες.
2651 1163 2824 1217 Τοῦτο
2859 1164 2960 1234 μὲν
3002 1164 3069 1234 δὴ
3103 1163 3383 1217 τοιοῦτον·
3422 1165 3612 1234 ἕτερον
3666 1164 3724 1217 δὲ
3777 1165 3950 1217 αὐτοῦ

2369 1258 2741 1327 πυνθάνομαι,
2793 1245 2994 1328 ἐπίσῆς
3025 1257 3126 1327 μὲν
3181 1257 3466 1328 Γρηγορίῳ
3499 1256 3642 1326 ἔχον,
3673 1257 3730 1321 ὃς
3779 1257 3950 1310 πάλαι

2368 1347 2466 1416 τὴν
2495 1346 2794 1416 ἐκκλησίαν
2812 1346 3149 1418 ἐπετρόπευε
3176 1347 3278 1417 τῆς
3311 1349 3454 1402 κατά
3487 1332 3686 1401 Πόντον
3709 1348 3947 1400 Νεοκαι-

2372 1438 2623 1507 σαρείας.
2661 1439 2735 1491 Οὐ
2764 1439 2872 1508 μήν
2897 1456 2960 1507 γε
3014 1440 3164 1508 παρά
3217 1439 3378 1494 τοῦτο
3431 1441 3687 1493 ἀπιστεῖν
3717 1439 3945 1501 δίκαιον,

2369 1529 2460 1582 καὶ
2507 1528 2811 1596 Ἐπιφανίῳ
2858 1530 2924 1582 τά
2962 1529 3054 1583 ῐσα
3112 1529 3566 1601 διαπεπρᾶχθαι·
3618 1530 3744 1583 ἐπεί
3773 1529 3856 1583 τοί
3885 1547 3948 1598 γε

2367 1622 2486 1674 οὑδέ
2522 1623 2729 1692 Πέτρος
2762 1623 2924 1690 μόνον
2957 1623 2984 1674 6
3023 1623 3132 1676 τῶν
3160 1623 3478 1676 ἀποστόλων
3508 1625 3829 1693 κορυφαῖος,
3863 1640 3950 1674 νε-

2369 1713 2502 1782 κρὸν
2524 1713 2720 1768 ἀνίστα
2743 1730 2756 1744 ⁸
2794 1713 2932 1766 ἀλλὰ
2973 1715 3071 1768 καὶ
3111 1714 3365 1783 Ἰωάννης
3401 1716 3543 1768 κατὰ
3568 1714 3665 1785 τὴν
3687 1715 3947 1783 Ἔφεσον,

2369 1805 2464 1856 καὶ
2492 1805 2729 1874 ἀλλαχοῦ
2754 1805 2932 1874 ἕτεροι
2957 1821 2969 1834 ⁸
2997 1807 3057 1858 οὐ
3081 1805 3186 1876 μὴν
3207 1807 3261 1859 δὲ
3284 1805 3421 1858 ἀλλὰ
3443 1807 3539 1859 καὶ
3563 1808 3618 1860 αἱ
3646 1807 3951 1877 θυγατέρες

694 1901 854 1954 Λ-Ιίὶυιι
905 1915 1036 1954 vero
1073 1901 1140 1953 de
1173 1915 1238 1954 eo
1269 1895 1456 1958 audio,
1492 1902 1638 1969 quod
1678 1899 1930 1970 Gregorii
1961 1903 2106 1955 illius
2158 1903 2261 1954 mi-
2303 1873 2336 1928 υ

2370 1897 2637 1949 Φιλίππου
2685 1900 2823 1949 κατὰ
2853 1901 2951 1967 τὴν
2991 1897 3312 1968 Ἱεράπολιν.
3344 1899 3423 1950 Τὰ
3448 1898 3493 1951 δ’
3521 1899 3663 1952 αὑτὰ
3688 1900 3951 1964 πολλάκις

695 1995 885 2048 raeulo
915 1993 1094 2048 simile
1133 1987 1257 2056 fuit,
1295 1993 1388 2061 qui
1425 1993 1554 2046 olim
1590 1993 1957 2048 Neoeatsareze
1993 1996 2045 2047 in
2089 1995 2264 2048 Ponto

690 2089 979 2143 ecclesiam
1037 2088 1462 2156 gubernarent.
1524 2085 1682 2155 331
1734 2087 1922 2156 Neque
1973 2097 2264 2156 propterea

696 2181 856 2236 tidem
887 2196 994 2233 non
1025 2179 1228 2232 lubere
1267 2179 1501 2247 prodigii.
1539 2180 1659 2248 ejus
1696 2179 2016 2233 testimonio
2044 2194 2263 2248 requum

692 2284 800 2340 est,
828 2273 974 2344 quod
1007 2273 1150 2326 idem
1187 2270 1527 2339 Epiphanius
1549 2272 1835 2357 peregerit
1867 2286 1880 2322 :
1920 2270 2268 2340 quandoqui-

693 2369 815 2421 dem
852 2379 1031 2434 neque
1073 2364 1270 2417 Petrus
1318 2361 1472 2416 solus
1528 2362 1904 2430 apostolorum
1942 2363 2267 2430 eoryphams

691 2471 746 2516 et
780 2459 1062 2531 princeps,
1091 2466 1371 2509 mortuum
1401 2455 1786 2516 exsuscitavit,
1813 2453 1909 2510 sed
1943 2463 2000 2508 et
2024 2453 2267 2508 Joannes

697 2552 919 2622 Ephesi,
957 2560 1013 2603 et
1053 2546 1143 2602 alii
1180 2547 1332 2611 alibi,
1370 2549 1480 2599 imo
1513 2546 1680 2599 etiam
1719 2544 1996 2614 Hierapoli
2025 2544 2265 2612 Philippi

696 2644 838 2710 ﬁlim.
877 2642 1033 2710 SEPPC
1065 2655 1300 2709 namque
1346 2640 1555 2701 evenit,
1600 2638 1760 2690 sicuti
1792 2653 1887 2705 par
1918 2647 1974 2691 et
2002 2638 2266 2693 credibile

693 2745 794 2795 est.
832 2746 891 2787 ut
917 2734 1109 2786 eadem
1155 2740 1210 2785 et
1260 2731 1388 2784 olim
1445 2739 1684 2792 veteres,
1737 2739 1790 2782 et
1843 2741 2044 2782 nostra:
2090 2730 2267 2784 astatis

696 2830 788 2882 Dei
823 2837 1074 2880 ant-Mes
1115 2825 1392 2887 homines,
1433 2822 1699 2875 n‘riracula
1732 2821 1918 2874 edant.
1958 2820 2114 2886 Quod
2168 2837 2267 2875 au-

698 2934 805 2974 tem
871 2918 1096 2969 historia
1153 2925 1589 2968 commemorare
1638 2911 1828 2978 jubet,
1887 2911 1967 2965 sic
2029 2910 2196 2965 habet
2247 2929 2261 2966 :

693 3012 1002 3080 Aliquando
1035 3023 1252 3062 sacrum
1288 3007 1435 3059 hunc
1471 3004 1842 3074 Epiphanium
1892 3003 2002 3058 duo
2034 3004 2261 3074 quidam

697 3107 748 3158 in
799 3106 883 3157 via
944 3101 1179 3155 mendici
1231 3099 1639 3152 observarunt:
1674 3104 1730 3149 et
1765 3112 1887 3150 cum
1936 3112 2044 3150 non
2091 3097 2263 3166 νωιιί-

697 3197 922 3251 tendum
953 3193 1160 3263 aliquid
1198 3208 1254 3245 se
1285 3194 1352 3244 ab
1399 3207 1463 3244 eo
1495 3202 1824 3258 accepturos
1858 3190 2261 3256 existimarent,
2293 3217 2336 3275 ο

695 3293 831 3343 alter
874 3289 927 3340 in
977 3287 1114 3347 salo,
1181 3284 1429 3354 spiritum
1485 3284 1777 3335 continens
1823 3281 2049 3351 perinde
2101 3292 2263 3350 atque

697 3389 949 3436 uiuimus
981 3388 1152 3440 esset,
1184 3378 1401 3447 jaeebat
1431 3393 1445 3430 :
1493 3375 1633 3430 alter
1668 3384 1850 3428 autem
1903 3377 2072 3429 veluti
2109 3376 2265 3429 fami-

697 3477 849 3529 liaris
893 3477 1014 3542 ejus
1049 3474 1359 3525 lamentans
1393 3478 1448 3523 et
1485 3469 1643 3535 ﬂens,
1674 3469 1915 3538 inopiam
1956 3484 2078 3522 eam
2125 3468 2263 3521 assi-

695 3569 960 3628 mulahat,
990 3577 1056 3625 _ut
1087 3565 1298 3617 funeris
1332 3563 1608 3631 impensas
1634 3575 1740 3614 non
1793 3560 2042 3624 haberet,
2077 3569 2133 3614 et
2174 3576 2268 3628 pe-

702 3661 915 3712 nuriam
961 3665 1167 3710 tantam
1213 3669 1339 3708 cum
1394 3654 1830 3723 reprehensione
1866 3654 1986 3721 ejus
2014 3652 2267 3721 deplora-

697 3756 809 3808 bat.
861 3752 1029 3805 Porro
1065 3748 1411 3819 Epiphanius
1459 3749 1807 3815 praeteriens,
1847 3747 1983 3801 nihil
2036 3746 2263 3817 quidem

695 3850 842 3903 aliud
873 3866 1034 3917 quam
1065 3847 1210 3916 quod
1239 3845 1445 3917 jacenti
1479 3844 1556 3897 illi
1588 3843 1834 3913 requiem
1878 3852 2134 3913 precatus
2158 3852 2263 3909 est,

697 3945 852 3996 dixit.
895 3941 1161 4010 Exiguum
1196 3949 1379 3992 autem
1409 3936 1670 4006 quiddam
1709 3936 1773 3989 ad
1815 3936 1964 3989 illum
2007 3936 2265 3990 funeran-

692 4037 822 4087 dum
865 4031 1100 4102 ploranti
1135 4029 1314 4091 dedit,
1345 4028 1433 4080 ilia
1470 4029 1630 4080 verba
1669 4025 1977 4094 adjiciens:
2012 4044 2029 4075 ι
2067 4025 2264 4078 Curam

694 4129 860 4198 huius
900 4124 1112 4179 intueris
1147 4123 1322 4186 habe,
1364 4129 1418 4174 et
1460 4120 1681 4174 tandem
1713 4119 1845 4173 tlere
1874 4119 2086 4173 desine.
2129 4120 2265 4174 Nam

695 4223 783 4275 hic
819 4235 967 4273 nunc
1002 4233 1110 4270 non
1148 4222 1422 4284 resurget.
1457 4213 1686 4267 Mortem
1716 4222 1925 4276 autem,
1962 4228 2084 4281 qua:
2111 4227 2266 4266 com--

695 4314 878 4367 multis
911 4310 1161 4366 omnium
1186 4319 1244 4362 et
1277 4307 1634 4370 inevitabilis,
1670 4307 2003 4361 necessitate
2028 4307 2264 4376 quadam

692 4404 948 4462 obeunda
976 4413 1079 4469 est,
1113 4403 1296 4454 animo
1342 4409 1392 4454 te
1443 4401 1567 4452 forti
1616 4401 1759 4454 ferre
1796 4410 2033 4470 oportet.
2075 4421 2092 4453 ι
2143 4401 2268 4456 “(BC

692 4490 1035 4562 Epiphanius
1092 4489 1266 4555 dixit,
1314 4499 1370 4541 et
1411 4489 1566 4553 abiit,
1623 4497 1857 4558 emptam
1917 4491 2266 4558 perfecturus

2371 1984 2458 2042 οἷα
2494 1990 2643 2052 εἰκὸς
2696 1990 3051 2058 ἐξειργάσθαι
3084 1991 3284 2060 συνέϐη
3323 1993 3471 2062 παρά
3512 2009 3573 2045 τε
3629 1993 3736 2046 τῶν
3779 1995 3951 2046 πάλαι

2371 2082 2467 2134 καὶ
2498 2080 2594 2133 νῦν
2647 2077 2914 2150 θεοφιλῶν
2949 2082 3178 2152 ἀνδρῶν.
3211 2085 3275 2135 ⁸0
3323 2084 3380 2137 δὲ
3415 2083 3596 2152 λέγειν
3733 2087 3952 2154 ἱστορία

2371 2170 2650 2242 ὥρμηται,
2705 2172 2908 2224 τοιόνδε
2960 2175 3119 2226 ἐστί·
3158 2173 3299 2226 Ποτὲ
3347 2176 3617 2243 παριόντα
3672 2177 3764 2228 τὸν
3800 2177 3953 2244 ἱερῦν

2370 2265 2582 2318 τουτον)⁸
2626 2265 2946 2333 Ἐπιφάνιον
2967 2264 3061 2342 ddo
3094 2267 3242 2330 τινὲς
3274 2269 3717 2338 ἐπιτηρήσαντες
3757 2270 3949 2321 ἐνόδιοι

2371 2359 2624 2428 πένητες,
2656 2359 2751 2411 καὶ
2783 2357 3137 2427 λογισάμενοι
3167 2357 3354 2428 μεῖζόν
3384 2376 3437 2412 τι
3491 2361 3550 2424 ἐξ
3589 2361 3803 2414 ἐκείνου
3851 2363 3951 2414 λασ-

2371 2450 2505 2515 σεῖν,
2541 2455 2569 2504 6
2607 2451 2705 2517 μὲν
2730 2452 2816 2503 ἐπ’
2844 2443 3079 2516 ἐδάιρους
3113 2451 3389 2514 ἀπλωθεὶς
3425 2453 3629 2518 ἔκειτο,
3659 2456 3952 2517 συστείλας

2371 2547 2430 2596 τὸ
2454 2539 2641 2612 ἆσθμα
2673 2539 2761 2598 οἷα
2783 2545 2945 2614 δῆθεν
2986 2546 3180 2615 νεκρός
3205 2561 3220 2576 ⁸
3255 2548 3283 2599 6
3335 2547 3379 2599 δ’
3411 2544 3501 2600 οἷα
3553 2548 3797 2618 συνήθης
3827 2549 3950 2600 ὀλο-

2371 2637 2680 2705 φυρόμενος
2714 2636 2902 2690 ἔκλαιε
2929 2652 2944 2668 ⁸
2980 2637 3077 2690 καὶ
3104 2639 3510 2708 ἐσχηματίζετο
3535 2642 3596 2693 τὸ
3634 2643 3757 2711 μηδ’
3781 2643 3951 2694 εὐπό-

2353 2729 2482 2798 ’ρως
2510 2729 2652 2798 ἔχειν
2683 2729 2911 2783 θάπτειν
2939 2731 3123 2796 αὑτὸν,
3153 2735 3252 2800 τῆς
3277 2732 3488 2796 ἐνδείας
3508 2737 3954 2804 καταμεμφόμε-

2369 2838 2476 2884 νος,
2496 2821 2554 2872 ’0
2586 2821 2629 2873 δ’
2649 2819 2965 2887 Ἐπιφάνιος
2993 2823 3207 2893 παριὼν
3239 2825 3395 2877 οὐδὲν
3425 2827 3524 2894 μὲν
3555 2827 3734 2892 ἔλεγε,
3777 2829 3953 2897 μόνην

2369 2911 2415 2963 δ’
2476 2913 2784 2966 ἀνάπαυσιν
2833 2913 2907 2981 τῷ
2969 2915 3207 2986 κειμένῳ
3236 2917 3531 2987 ἐπηύχετο.
3587 2917 3768 2988 Βραχῦ
3800 2920 3859 2972 δέ
3899 2938 3950 2969 τι

2371 3006 2510 3076 πρδς
2536 3005 2758 3075 κηδείαν
2792 3005 2935 3070 δοὺς,
2976 3025 2996 3059 ι
3042 3007 3334 3077 Ἑπιμελοῦ
3365 3009 3459 3061 τοῦ
3489 3011 3770 3078 κειμένου,
3813 3031 3832 3063 ι
3875 3032 3902 3064 τ
3926 3015 3954 3075 ξι

2369 3099 2656 3169 δακρύοντι
2682 3101 2784 3170 ἔφη
2807 3117 2822 3131 ο
2858 3119 2876 3151 ι
2937 3101 3031 3153 καὶ
3070 3100 3282 3154 παῦσαι
3313 3102 3515 3153 κλαίων
3551 3103 3710 3155 ποτέ·
3742 3105 3802 3156 οὐ
3842 3108 3954 3173 γάρ

2369 3191 2464 3243 νῦν
2503 3193 2886 3261 ἀναστήσεται.
2924 3192 2997 3244 Τὸ
3039 3192 3097 3245 δὲ
3130 3195 3311 3246 κοινόν
3336 3212 3395 3247 τε
3444 3195 3537 3248 καὶ
3572 3197 3956 3268 ἀπαραίτητον

2371 3284 2465 3336 καλ⁵
2513 3285 2882 3353 ἀποκείμενον
2938 3285 2994 3350 ἐξ
3022 3285 3270 3354 ἀνάγκης
3320 3287 3491 3352 τέλος,
3529 3287 3709 3357 χρεὼν
3744 3290 3839 3342 καὶ
3893 3293 3954 3342 σὲ

2372 3377 2562 3446 φέρειν
2614 3378 2901 3445 γενναίως.
2945 3397 2961 3427 ι
3001 3376 3170 3431 Ταῦτ’
3225 3379 3400 3432 εἰπὼν
3442 3381 3782 3447 Ἐπιφάνιος,
3847 3401 3956 3436 πα·

2371 3467 2536 3540 ρῆλθε
2569 3471 2669 3539 τὴν
2732 3471 3004 3540 σφετέραν
3040 3471 3274 3524 amem
3334 3473 3474 3527 ὀδόν.
3519 3475 3610 3537 Ὠς
3667 3478 3722 3528 δὲ
3775 3479 3953 3540 οὐδεὶς

2369 3563 2558 3631 ἔτερος
2622 3563 2762 3614 κατὰ
2806 3562 2902 3632 τὴν
2951 3563 3066 3615 ὁδὸν
3099 3563 3430 3633 διεφαίνετο,
3473 3568 3500 3618 6
3545 3567 3717 3629 ἑστώς
3748 3585 3806 3619 τε
3859 3576 3958 3622 καὶ

2368 3653 2691 3723 ὀδυρόμενος
2721 3652 2978 3722 αἴσθησιν
3008 3652 3171 3723 δῆθεν
3203 3653 3278 3724 τῷ
3325 3656 3567 3726 κειμένῳ
3599 3658 3770 3711 ἐδίδου
3798 3662 3953 3726 ἐγεί-

2372 3747 2581 3814 ρεσθαι.
2627 3744 2847 3816 Ἐπῄνει
2875 3745 2932 3798 δὲ
2956 3743 3075 3814 ἅμα
3112 3747 3177 3815 τῇ
3206 3749 3440 3816 κινήσει,
3474 3749 3550 3806 ὡς
3579 3751 3760 3816 σοφῶς
3795 3753 3952 3820 μάλα

2371 3843 2778 3910 ἐσχηματίσατο
2825 3841 2915 3893 τὸν
2964 3842 3196 3910 νεκρόν⁹
3232 3845 3344 3907 καὶ,
3387 3862 3405 3894 ‹
3450 3846 3586 3912 Ἀγε
3623 3845 3710 3916 δὴ,
3738 3846 3954 3914 ἔλεγεν,

2371 3934 2649 4004 ἐξεγείρου
2677 3951 2690 3963 ·
2731 3935 2825 3985 καὶ
2869 3934 2996 4000 τόγε
3036 3933 3130 3986 νῦν
3182 3938 3247 4004 τῇ
3280 3938 3346 4005 σῇ
3397 3937 3834 4008 ἐντρυφήσωμεν
3870 3958 3960 3992 σο-

2374 4027 2612 4096 φιστείᾳ.
2649 4045 2666 4077 ι
2711 4026 2865 4079 Ἐπεὶ
2925 4026 2970 4077 δ’
3006 4027 3214 4088 ἐκεῖνος
3250 4027 3405 4079 οὐδὲν
3441 4029 3649 4097 μᾶλλον
3689 4029 3813 4082 οὕτε
3852 4029 3958 4083 ’λέ-

2371 4136 2555 4186 γονεος
2583 4120 2803 4188 ἤκουεν,
2831 4115 2951 4169 οὗτε
2981 4118 3116 4169 πᾶσι
3142 4117 3366 4189 τρόποις
3400 4121 3732 4190 παρέχοντος
3760 4121 3963 4190 αἴσθη-

2375 4230 2457 4264 σιν
2481 4211 2540 4263 τὸ
2569 4210 2676 4274 ξῦν
2708 4206 2849 4263 εἶναι
2874 4210 3165 4278 ὑπέφαινε,
3199 4210 3402 4280 σπουδῇ
3430 4210 3521 4262 τὸν
3549 4213 3698 4281 ἱερέα
3722 4213 3919 4285 ἐδίωκε
3940 4230 3958 4245 ο

2374 4305 2467 4357 καὶ
2503 4303 2739 4372 φθάσας,
2771 4304 2869 4373 τὴν
2899 4304 2957 4370 ἐξ
2993 4304 3200 4367 ἐνδείας
3234 4305 3387 4372 σφῶν
3419 4305 3670 4373 μηχανὴν
3708 4309 3964 4375 κατεμή-

2372 4415 2501 4451 νυεο
2553 4399 2649 4452 καὶ
2700 4401 2816 4460 ταῖς
2851 4397 3136 4465 ἀληθείαις
3195 4398 3400 4451 κλαίων
3453 4400 3546 4450 καὶ
3603 4399 3959 4468 ὀδυρόμενος,

2373 4493 2598 4563 ἀνιστᾷν
2643 4494 2735 4542 τὸν
2783 4492 3001 4562 ἑταῖρον
3052 4491 3435 4559 κατελιπάρει.
3481 4492 3716 4553 Ἐκεῖνος
3767 4492 3823 4544 δὲ
3884 4498 3963 4564 μὴ

693 4585 1153 4640 ambulationem.
1192 4581 1328 4636 Cum
1380 4593 1562 4634 autem
1613 4599 1675 4635 ea
1720 4582 1773 4635 in
1810 4582 1893 4636 via
1935 4601 2096 4638 nemo
2122 4585 2263 4641 alius
2301 4593 2336 4646 ι]

2371 4584 2746 4654 δυσχερᾶίνειν
2789 4587 2879 4634 ἐπὶ
2921 4583 2994 4652 τῷ
3032 4583 3271 4653 δράματι
3299 4585 3565 4650 ἐπειπὼν,
3623 4587 3801 4636 ὀπίσω
3836 4588 3965 4639 du;-

691 4685 1003 4746 appareret,
1051 4676 1140 4729 ille
1177 4675 1270 4745 qui
1314 4674 1396 4728 sic
1432 4682 1660 4729 steterat
1696 4684 1749 4729 et
1785 4676 2122 4744 ploraverat,
2176 4680 2262 4747 ja-

693 4779 932 4831 centem,
969 4768 1177 4823 indicio
1227 4767 1389 4838 pedis
1439 4769 1808 4822 concussione
1853 4768 2002 4835 dato,
2047 4783 2265 4826 utcon-

694 4872 968 4931 surgeret.
999 4862 1330 4914 admonuit:
1369 4861 1645 4927 simulque
1698 4876 1822 4914 eum
1872 4863 2137 4922 laudavit,
2172 4865 2265 4931 qui

693 4966 804 5007 tam
836 4954 1054 5024 egregie
1080 4954 1282 5008 mortui
1309 4954 1816 5008 hominishabitum
1841 4956 2146 5020 retulisset;
2175 4967 2228 5009 et
2255 4976 2269 5013 :

699 5066 716 5097 ‹
775 5048 885 5115 Age
938 5046 1155 5102 tandem
1208 5061 1460 5115 exsurge,
1508 5046 1708 5113 inquit,
1759 5055 1819 5099 ut
1862 5047 1914 5101 in
1970 5050 2262 5116 praesentia

690 5139 952 5193 versutia:
1000 5147 1104 5191 tuae
1153 5137 1386 5190 hilarius
1429 5138 1663 5191 vivendo
1699 5141 1944 5193 fructum
1989 5143 2261 5210 percipia-

689 5244 831 5288 ntus.
891 5250 908 5282 ι
953 5230 1056 5286 Ubi
1107 5244 1290 5284 autem
1345 5229 1438 5284 ille
1474 5232 1711 5301 amplius
1758 5248 1935 5302 neque
1988 5235 2262 5289 dicentem

692 5321 886 5385 audiit,
921 5337 1098 5391 neque
1145 5321 1322 5374 modis
1357 5321 1612 5376 omnibus
1656 5323 2115 5393 signiﬁcationem
2160 5328 2262 5379 ali-

686 5430 878 5485 quam,
911 5431 968 5469 se
1001 5416 1206 5476 vivere,
1236 5415 1526 5480 exhibuit;
1563 5416 1700 5471 alter
1747 5433 1910 5471 cursu
1943 5419 2111 5472 celeri
2143 5421 2263 5487 epi-

691 5522 916 5577 sc0pum
979 5517 1061 5560 est
1122 5518 1490 5568 consecutus,
1553 5510 1713 5577 eique
1786 5509 2034 5562 fraudem
2099 5529 2262 5580 quam

693 5603 876 5670 inopia
912 5602 1088 5653 coacti
1119 5599 1418 5653 commenti
1457 5610 1668 5665 essent,
1741 5603 2046 5656 indicavit:

2375 4692 2614 4746 πεμπεν·
2636 4674 2894 4727 ἀικαλᾷειν
2921 4676 3027 4743 γὰρ
3048 4678 3109 4724 τὸ
3139 4676 3360 4742 γεγονὸς
3387 4676 3518 4738 θεὸς
3539 4677 3640 4729 οὐκ
3669 4677 3959 4746 ἠϐούλετο·

2374 4767 2755 4821 πιστώσασθαι
2804 4767 3053 4830 ἅπαντας
3101 4768 3392 4837 ᾑρημένος,
3423 4767 3498 4831 ὥς
3531 4786 3593 4836 γε
3628 4770 3839 4837 οἴομαι,
3885 4773 3963 4834 ὡς

2375 4862 2537 4914 αὐτόν
2568 4859 2621 4927 γ’
2667 4861 2874 4913 ἐκεῖνον
2929 4859 3063 4911 Θεὸν
3100 4859 3258 4911 πάνθ’
3285 4859 3500 4930 ὁρῶντα
3538 4861 3632 4914 καὶ
3680 4862 3964 4916 ἀκοζονῖα

2373 4955 2680 5018 ἀπατῶσιν,
2717 4955 2831 5006 ὅσοι
2858 4954 2920 5022 δὴ
2951 4954 3179 5007 τοιαῦτα
3209 4954 3342 5025 δρᾷν
3370 4955 3463 5007 ἐπὶ
3504 4959 3619 5016 τοῖς
3663 4957 3834 5009 αὐτοῦ
3873 4960 3966 5010 θε-

2374 5049 2612 5118 ράπουσι
2637 5046 2811 5117 τόλμῃ
2835 5046 3193 5115 προάγονται,
3231 5049 3325 5100 καὶ
3360 5050 3499 5116 σφᾶς
3525 5049 3721 5110 αὐτοὺς
3749 5049 3964 5118 μᾶλλον

2372 5143 2757 5208 ἐξαπατῶντες
2792 5143 3104 5212 λελήθασιν.
3155 5142 3242 5195 Ἐν
3273 5143 3444 5212 πλοίῳ
3475 5142 3529 5195 δὲ
3565 5143 3750 5196 θανεῖν
3781 5144 3963 5209 ἔγνων

2371 5237 2462 5286 τὸν
2478 5233 2794 5302 Ἐπιφάνιον
2820 5251 2833 5265 ο
2867 5234 2926 5286 ὃν
2958 5236 3005 5285 οἱ
3033 5235 3161 5304 περὶ
3187 5234 3353 5286 αὐτὸν
3384 5234 3562 5304 μέλιτι
3594 5234 3958 5303 ἐμϐαλόντες,

2370 5324 2455 5379 ἵνα
2491 5330 2564 5397 μή
2600 5342 2653 5378 τι
2683 5327 2848 5395 ἀηδὲς
2877 5327 3005 5390 ἴσως
3053 5328 3222 5398 πάθῃ,
3263 5328 3407 5380 κατὰ
3447 5328 3543 5393 τὴν
3587 5327 3818 5398 Κύπρον
3848 5327 3963 5380 διε-

2373 5437 2573 5472 σωσαν.
2607 5421 2716 5473 Καὶ
2761 5425 2830 5472 τὰ
2894 5422 2994 5489 μὲν
3051 5425 3179 5492 περὶ
3223 5421 3545 5488 Ἐπιφανίςιυ
3603 5419 3847 5474 τοσαῦτα
3896 5426 3958 5475 ἐ).

2375 5514 2517 5566 πάνυ
2557 5513 2768 5565 πολλῶν
2797 5514 2838 5564 ὀ’
2864 5513 2954 5579 ίγα
2989 5515 3358 5584 διηγησάμην.

2130 5618 2184 5659 rt
2225 5609 2338 5674 jam
2385 5609 2521 5662 citra
2568 5609 2751 5663 fucum
2796 5625 2926 5662 Vere
2981 5609 3117 5663 ﬂens
3168 5619 3222 5663 et
3267 5610 3353 5664 lan
3378 5619 3596 5676 enlans,
3640 5619 3700 5665 ut
3741 5612 3960 5667 socium

691 5712 854 5752 suum
884 5697 1263 5757 rCSuscitaret,
1296 5697 1648 5764 supplicavit.
1686 5699 2023 5767 Epiphanius
2055 5715 2260 5769 autem,
2306 5715 2593 5774 postquam
2665 5705 2764 5766 illi,
2834 5719 2900 5756 ne
2952 5705 3152 5758 factum
3193 5706 3244 5759 id
3287 5707 3536 5774 graviter
3567 5705 3756 5772 ferret,
3791 5708 3957 5772 dixit,

691 5790 970 5845 hominem
1009 5790 1296 5841 dimissum
1324 5789 1560 5843 absolvit
1595 5808 1606 5841 :
1648 5790 1792 5858 quo!
1826 5793 1968 5848 Deus
1999 5811 2109 5847 rem
2136 5811 2255 5849 eam
2301 5807 2650 5849 retractata";
2689 5800 2857 5853 ιιοιιρι
2887 5818 2899 5852 ε

2982 5800 3142 5851 tidem
3219 5799 3401 5852 facere
3447 5802 3708 5854 omnibus
3735 5802 3958 5864 volens,

692 5897 749 5941 at
789 5886 1043 5954 equidem
1080 5897 1253 5956 puto:
1318 5885 1413 5957 qui
1464 5894 1679 5944 tentare
1723 5901 1776 5944 et
1820 5880 2008 5948 facere
2086 5894 2214 5950 talia
2268 5895 2320 5948 in
2362 5896 2635 5951 ministris
2691 5897 2808 5967 ejus
2855 5897 3117 5966 audeant,
3171 5896 3325 5951 illum
3381 5899 3564 5966 ipsum
3610 5897 3806 5966 Deum,
3853 5904 3958 5969 qui
