4248 6446
713 437 820 504 915
1924 440 2342 501 NICEPIIORI
2391 443 2733 503 CALI.ISTI
3862 438 3966 502 916

707 549 912 616 copiosi
958 559 1013 604 et
1063 548 1379 619 frequentes
1423 560 1607 608 essent
1657 554 1930 611 homines.
1984 541 2102 612 Sed.
2126 557 2272 610 enim
2305 563 2384 618 Αλ

2305 563 2346 618 Α
2377 574 2435 611 τε
2487 559 2581 612 καὶ
2626 557 2825 626 ἀγαθοὶ
2879 557 3152 624 ἐγένοντο.
3204 557 3612 630 Ἐπεμαρτύρει
3643 556 3701 611 δι
3751 559 3846 610 καὶ
3901 570 3961 611 το

708 652 820 692 tum
851 642 1003 694 multi
1035 643 1126 697 alii
1154 660 1262 697 non
1293 647 1536 716 episcopi
1569 647 1752 711 modo,
1785 665 1978 703 verum
2021 650 2186 704 etiam
2222 652 2276 705 in
2380 655 2385 697 ε

2380 652 2526 704 θεῖον
2573 654 2690 715 ταῖς
2734 651 3034 713 πολιτείαις
3065 649 3244 704 αὐτῶν
3270 667 3286 681 ο
3319 650 3590 720 δεομένων
3623 651 3732 720 γὲρ
3768 652 3962 720 1ἤκουε,

2380 744 2478 794 καὶ
2529 743 2653 808 ξένα
2690 743 2951 812 τεράστια
2991 741 3059 795 δι’
3088 742 3270 794 αὐτῶν
3317 741 3618 808 ἔπραττενο
3653 742 3742 810 ὑφ’
3784 737 3859 794 ὧν
3899 742 3965 811 δὴ

2378 835 2472 887 καὶ
2542 837 2574 905 ἡ
2623 834 2856 888 καθόλου
2917 835 3217 902 Ἐκκλησία
3262 834 3531 902 ἀγομένη,
3589 835 3681 886 καὶ
3731 833 3860 895 λαός
3903 852 3963 885 τε

712 930 991 978 ueremus,
1028 917 1082 970 in
1129 918 1404 990 ingentem
1455 920 1615 976 nobis
1650 923 2015 992 prolixitatem
2051 925 2281 979 historia
2385 945 2389 978 τ

2385 927 2479 980 καὶ
2509 927 2710 996 κλῆρος
2747 927 2877 996 πρὸς
2907 928 2998 980 τὸν
3032 926 3148 980 ἴσον
3181 927 3411 989 ἐκείνοις
3442 927 3541 996 τῆς
3572 927 3774 996 ἀρετῆς
3800 926 3965 996 ζῆλον

707 1020 1067 1064 exrresceret.
1119 1013 1176 1066 In
1230 1013 1432 1082 quibus
1476 1017 1769 1083 omnibus,
1823 1016 1992 1070 veluti
2032 1017 2280 1086 qumdam

1119 1013 1176 1066 In
1230 1013 1432 1082 quibus
1476 1017 1769 1083 omnibus,
1823 1016 1992 1070 veluti
2032 1017 2280 1086 qumdam
2385 1019 2789 1090 ἁνηρεθίζοντο.

713 1105 971 1172 prteclara
1004 1107 1184 1172 stella,
1219 1109 1384 1162 etiam
1427 1110 1471 1162 is
1511 1110 1747 1177 refulsit,
1810 1111 1969 1177 cujus
2034 1126 2200 1180 supra
2275 1113 2647 1176 meminimus,
2695 1111 2982 1166 Arseuius.
3031 1111 3242 1167 Paucos
3316 1122 3524 1173 autem,
3579 1119 3638 1164 ut
3685 1110 3967 1179 specimen

711 1198 930 1266 aliquod
984 1209 1264 1253 tantorum
1347 1201 1616 1267 virorum,
1659 1202 1754 1272 qui
1807 1215 1920 1258 tum
1986 1204 2356 1274 episcopalem
2397 1204 2740 1259 functionem
2790 1204 3016 1270 obiere,
3071 1205 3348 1260 recensui.
3402 1204 3768 1259 Laboriosum
3818 1204 3970 1257 enim

709 1302 853 1345 esset
895 1309 1085 1348 omnes
1138 1296 1366 1361 referre,
1409 1298 1859 1368 quandoquidem
1910 1300 2098 1370 plures
2150 1300 2279 1354 boni
2322 1309 2491 1369 atque
2555 1300 2774 1354 honesti
2826 1299 3002 1362 fuere,
3053 1315 3291 1370 quorum
3357 1301 3526 1355 etiam
3565 1300 3692 1354 vita:
3740 1297 3974 1352 institu-

712 1393 823 1436 tum
859 1389 1174 1441 testimonio
1201 1391 1318 1459 ipse
1350 1407 1450 1445 suo
1478 1393 1826 1448 confirmavit
1859 1395 2023 1449 Deus.
2051 1393 2282 1450 Orantes
2319 1394 2467 1448 enim
2539 1409 2636 1450 eos
2702 1395 2971 1457 exaudiit,
3003 1405 3060 1448 et
3093 1395 3341 1466 prodigia
3391 1410 3534 1449 nova
3579 1410 3677 1464 per
3708 1408 3806 1448 eos
3844 1393 3974 1448 edi-

711 1484 813 1535 dit.
852 1481 916 1536 Et
948 1485 1016 1536 ab
1045 1485 1126 1538 eis
1155 1501 1377 1556 quoque
1415 1489 1488 1541 ita
1518 1488 1764 1543 Ecclesia
1799 1491 2066 1544 catholica
2138 1491 2551 1554 administrata,
2618 1490 2783 1544 simul
2822 1501 2878 1544 ct
2928 1491 3113 1545 clerus
3145 1500 3202 1544 et
3272 1490 3531 1560 populus,
3597 1489 3666 1544 ad
3716 1489 3973 1544 eumdem

711 733 993 788 montibus
1040 735 1326 800 colentes,
1386 749 1636 795 amantes
1687 741 1781 795 Dei
1834 741 1980 808 viri,
2041 742 2281 797 illustres

709 824 884 879 tuere.
934 823 1178 891 Quorum
1227 843 1316 882 res
1362 829 1498 884 bene
1539 840 1690 885 actas
1719 832 1764 886 si
1800 831 2078 903 sigillatim
2113 848 2280 902 expo-

712 1594 838 1632 cum
898 1580 1009 1634 illis
1066 1583 1286 1636 virtutis
1346 1587 1600 1638 ardorem
1661 1598 1714 1637 et
1770 1587 2169 1640 mutilationem
2229 1594 2312 1640 csl
2349 1584 2637 1640 excitatus.

1241 1694 1470 1751 CAPUT
1513 1699 1746 1755 XLVIII.

713 1781 787 1834 lle
810 1783 1105 1838 inventione
1146 1787 1488 1855 reliquiarum
1516 1794 1722 1845 Abacuc
1756 1803 1802 1846 et
1832 1792 2068 1848 Illic/2mm
2089 1837 2103 1856 ,
2143 1803 2277 1847 vete-

1224 1874 1340 1910 rum
1369 1864 1766 1930 map/telarum.

786 1966 998 2039 Ileligio
1029 1988 1157 2024 vero
1202 1991 1310 2028 non
1355 1991 1451 2045 per
1482 1978 1581 2031 hos
1610 1987 1820 2032 tantum
1865 1983 2069 2048 majora
2101 1977 2282 2047 capie—

712 2064 806 2118 bat
845 2065 1206 2133 incrementa,
1242 2085 1432 2123 verum
1475 2087 1596 2124 eam
1624 2073 1787 2126 etiam
1822 2075 2280 2135 cohonestaruut,

710 2169 878 2227 atque
931 2169 988 2212 ut
1043 2177 1260 2230 (equum
1311 2173 1394 2218 est
1429 2179 1591 2233 quam
1642 2167 1876 2219 maxime
1921 2175 2284 2228 exornarunt,

711 2265 835 2318 quae
886 2263 998 2304 tum
1049 2263 1430 2322 apparuerunt
1477 2264 1727 2309 veterum
1768 2266 1934 2326 atque
1983 2256 2282 2311 illustrium

712 2343 1117 2411 prophetarum
1186 2347 1455 2416 reliquiae.
1526 2349 1750 2404 Abacuc
1809 2351 1957 2404 enim
2021 2351 2285 2420 primum,

713 2436 915 2492 deinde
962 2437 1238 2506 Michwas,
1270 2451 1327 2495 et
1373 2441 1591 2495 tandem
1631 2453 1753 2512 post
1793 2442 1895 2497 bos
1931 2444 2147 2518 celebre
2189 2442 2288 2496 Ba-

713 2529 894 2599 ptista:
933 2539 1096 2600 caput
1126 2547 1156 2586 e
1200 2541 1343 2586 terra
1385 2535 1666 2589 exstitere.
1703 2535 1923 2590 Abacuc
1966 2534 2190 2605 quidem
2232 2527 2296 2587 et'

714 2622 954 2678 Michaate
1007 2622 1271 2694 reliquias
1312 2625 1499 2680 divina
1549 2628 1709 2694 visio,
1760 2628 1922 2683 sicuti
1973 2629 2179 2692 audivi,
2230 2628 2283 2681 in

715 2717 926 2770 somnis
967 2715 1187 2770 Zebeno
1239 2719 1507 2782 ostendit,
1555 2719 2002 2789 Eleutheropolis
2033 2735 2099 2775 eo
2144 2731 2284 2774 tem-

714 2823 848 2877 pore
887 2808 1183 2866 ecclesiam
1225 2811 1580 2880 gubernanti.
1627 2813 1702 2866 Ea
1748 2821 1932 2868 autem
1973 2813 2102 2868 urbs
2131 2814 2285 2878 Cela,

714 2911 880 2970 atque
906 2897 1234 2958 etiam’ante
1261 2904 1312 2958 id
1345 2919 1572 2970 nomen,
1603 2904 1751 2960 Ceila
1780 2906 2052 2975 appellata
2087 2907 2284 2970 fuerat,

713 2992 878 3064 335,
911 2993 998 3047 ubi
1029 2995 1249 3051 Abacuc
1275 2998 1534 3052 inventus
1566 3010 1670 3052 est.
1705 2998 1786 3053 Ab
1816 3015 1878 3054 ea
1907 3001 2063 3078 quasi
2092 3001 2287 3056 stadiis

716 3089 904 3140 d-cem
947 3089 1099 3142 locus
1129 3081 1352 3158 quidam
1407 3090 1759 3160 Berathpasia
1810 3092 1886 3163 (l)
1933 3095 2284 3163 cognomina-

719 3193 807 3234 tus
845 3182 1036 3246 distat,
1082 3184 1172 3237 ubi
1215 3183 1450 3238 Michma:
1484 3188 1802 3254 sepulcrum
1831 3200 1951 3241 esse
1979 3187 2284 3243 dicebatur.

716 3270 872 3336 Quod
920 3271 1110 3326 ﬁdeles
1157 3273 1498 3342 ignorantes,
1548 3292 1656 3329 una
1698 3291 1824 3332 cum
1873 3278 2068 3332 incolis
2110 3278 2286 3347 patria

2978 1703 3226 1755 ΚΕΦΑΛ.
3254 1702 3392 1755 MII'.

2425 1795 2560 1862 Περὶ
2601 1793 2708 1861 τῆς
2751 1794 3046 1860 εὑρέσεως
3093 1793 3215 1847 τῶν
3263 1794 3574 1861 λειψάνων
3614 1789 3979 1860 Ἀὅὸακοὺμῖ

2565 1863 2666 1917 καί
2704 1865 2959 1933 Μιχαίου
2987 1863 3106 1918 τῶν
3129 1863 3405 1917 παλαιῶν
3438 1863 3786 1932 προφητῶν.

2460 1977 2574 2030 Οὐκ
2599 1977 2656 2029 ὲν
2687 1977 2895 2040 τούτοις
2919 1977 2974 2030 δὲ
3007 1978 3192 2046 μόνοις
3238 1979 3269 2046 ἡ
3314 1977 3582 2047 θρησκεία
3621 1976 3866 2029 ἐπεδίδου
3895 1979 3978 2036 είς

2391 2068 2603 2137 μεῖζον,
2629 2068 2744 2122 ἀλλ’
2775 2069 3065 2140 ἐγέραιρον
3089 2070 3318 2140 ταύτην,
3341 2070 3436 2120 καὶ
3453 2069 3528 2132 ὠς
3559 2069 3706 2130 εῑκδς
3739 2066 3800 2120 εὖ
3827 2066 3977 2135 μάλα

2388 2158 2706 2228 ἑσέμνυνον,
2749 2161 2843 2212 καὶ
2877 2160 3108 2228 λείψανα
3139 2160 3248 2213 τῶν
3293 2160 3459 2213 πάλαι
3489 2159 3808 2245 περιφανῶν
3836 2175 3977 2226 προ-

2387 2251 2575 2318 φητῶν
2623 2255 2764 2305 κατὰ
2798 2251 2986 2305 τοῦτον
3014 2252 3102 2306 τὸν
3130 2254 3322 2325 χρόνον
3362 2253 3795 2320 ἀναφαινόμενα.
3845 2252 3976 2319 Ἀμ-

2387 2344 2606 2414 6ακοὺμ
2649 2344 2757 2413 γὰρ
2790 2345 3082 2415 πρότερον,
3119 2345 3311 2399 ἔπειτα
3359 2345 3417 2399 δὲ
3449 2346 3546 2399 καὶ
3594 2344 3836 2412 Μιχαίας
3870 2342 3975 2410 τῆς

2387 2436 2492 2505 γῆς
2528 2438 2814 2503 ἀνεδίδοτο,
2849 2441 2944 2492 καὶ
2991 2440 3024 2508 ἡ
3058 2439 3382 2510 περιϐόητος
3433 2439 3571 2509 μετὰ
3611 2437 3832 2498 τούτους
3876 2435 3974 2488 τοῦ

2387 2527 2693 2582 Βαπτιστοῦ
2725 2530 2960 2600 κεφαλή.
3010 2529 3334 2600 Ἀμϐακουμ
3372 2530 3474 2600 μὲν
3500 2524 3593 2582 οὖν
3630 2529 3723 2580 καὶ
3759 2526 3978 2595 Μιχαία

2385 2623 2455 2674 τὰ
2509 2622 2756 2690 λείψανα,
2809 2622 2930 2692 ὄψις
2959 2623 3098 2688 θεία,
3131 2621 3206 2685 ὦς
3238 2623 3292 2690 γ’
3333 2621 3638 2690 ἐπυθόμην,
3669 2620 3975 2689 ὀνείρατος.

2389 2714 2600 2783 Ζεὸένῳ
2630 2716 2921 2784 ὑπέφαινε,
2958 2716 3261 2785 τηνικαῦτα
3292 2715 3393 2784 τὴν
3447 2712 3976 2780 Ἑλευθεροπολιτιὶν

2389 2807 2684 2875 ἐκκλησίαν
2727 2808 3168 2878 ἐπιτροπεύοντι.
3198 2807 3344 2860 Kr.th
3373 2806 3452 2870 δὲ,
3488 2807 3584 2860 καὶ
3635 2807 3742 2874 πρὸ
3778 2804 3976 2856 τούτου

2389 2897 2453 2968 δὴ
2469 2899 2569 2950 ποῦ
2593 2899 2878 2966 ὀνόματος,
2911 2898 3082 2951 Κεῖλὰ
3118 2898 3406 2967 ὠνόμαστο
3441 2899 3470 2967 ἡ
3503 2897 3973 2966 Ἐλευθερὸπολις,

2389 2993 2512 3045 καθ’
2531 2995 2594 3063 ἣν
2617 2994 2646 3046 ό
2680 2991 3007 3061 Ἀμίακοὺμ
3027 2992 3244 3063 εὑρέθη.
3270 2991 3512 3044 Ἐκεῖθεν
3537 2992 3592 3044 δὲ
3619 2990 3751 3042 ὡσεὶ
3781 2989 3973 3042 στάδια

2389 3086 2521 3138 δέκα
2543 3087 2640 3154 τῆς
2671 3085 2877 3148 πόλεως
2907 3085 2985 3138 διε
3000 3086 3151 3148 πὼς,
3179 3085 3354 3154 χῶρός
3399 3084 3482 3145 τίς
3523 3086 3637 3137 ἐστι
3672 3083 3860 3152 Βηραθ
3876 3101 3975 3136 7:3-

2393 3180 2482 3231 σία
2514 3177 2870 3248 καλούμενος,
2895 3181 2951 3231 ὲν
2976 3171 3019 3245 ᾧ
3045 3180 3072 3230 ό
3096 3179 3332 3247 Μιχαίου
3355 3177 3523 3245 τάφος
3558 3172 3699 3228 εἶναι
3733 3175 3974 3242 ἐλέγετο.

2395 3273 2457 3325 Oi
2489 3272 2544 3326 δὲ
2580 3272 2763 3326 πιστοὶ
2802 3270 2947 3325 τοῦτ’
2979 3270 3318 3338 ἀγνοοῦντες,
3353 3271 3461 3331 τοῖς
3492 3268 3812 3337 ἐπιχωρίοις
3848 3267 3975 3318 ἐπί-

716 3379 854 3421 voce
915 3364 1424 3435 Nephsameemana
1487 3379 1776 3424 vocarunt.
1835 3369 1943 3425 Sed
2003 3372 2393 3440 pr0phetaaC‘

2310 3374 2353 3435 (ζ
2391 3381 2490 3435 an;
2548 3364 2870 3433 ὠνόμαζον,
2932 3363 3380 3431 Νεφσαμεεμανὰ
3435 3359 3650 3428 πατρίῳ
3710 3362 3864 3428 φωνῇ
3919 3359 3981 3411 τὸ

717 3456 936 3513 Zebeno
962 3458 1014 3513 In
1048 3462 1257 3513 somnis
1278 3469 1625 3529 apparentes,
1653 3461 2113 3530 quemadmodum
2150 3461 2284 3528 dixi,

718 3554 930 3620 seipsos
955 3550 1051 3620 qui
1085 3561 1292 3618 essent,
1323 3551 1664 3607 indicarunt.

1278 3755 1507 3812 CAPUT
1551 3757 1738 3812 XLIX.

719 3848 794 3904 De
827 3849 1126 3905 inventione
1177 3852 1377 3904 sacrati
1424 3853 1613 3913 capitis
1654 3854 1757 3906 divi
1788 3853 2010 3908 Joannis
2048 3854 2291 3909 Pra'cur-

1245 3923 1381 3974 saris
1411 3931 1462 3975 et
1487 3922 1760 3992 Baptism.

789 4035 1190 4090 Admirandum
1243 4046 1427 4091 autem
1472 4047 1529 4092 et
1572 4038 1790 4092 celebre
1827 4040 2080 4108 Baptism:
2128 4050 2290 4107 caput

718 4129 965 4198 ejusdem
997 4128 1212 4199 imperii
1241 4139 1485 4199 tempore
1510 4135 1818 4192 inventum,
1848 4133 1900 4186 in
1926 4133 2288 4187 clarissimam

724 4223 914 4274 urbem
944 4221 1479 4292 Constantinopolim
1511 4233 1595 4278 est
1626 4224 1997 4293 deportatum.
2043 4225 2099 4279 Id
2135 4241 2289 4279 nam-

722 4329 829 4382 que
867 4314 1154 4378 I'Ierodias,
1183 4315 1329 4384 quod
1373 4315 1552 4369 adhuc
1598 4315 1855 4385 Baptistae
1903 4318 2292 4387 reprehensio-

722 4421 846 4460 nem
901 4409 1135 4470 timeret,
1187 4407 1242 4460 in
1296 4407 1529 4482 Herodis
1575 4410 1720 4478 regia
1770 4409 2018 4465 abstruso
2050 4411 2287 4481 quodam

719 4501 841 4554 loco
882 4500 1192 4569 sepelierat.
1230 4499 1338 4554 Sed
1392 4516 1506 4554 rem
1545 4511 1652 4555 tam
1700 4511 1944 4557 sanctam
1987 4503 2170 4558 divina
2204 4505 2290 4560 vi-

720 4592 877 4646 sione
905 4591 1169 4646 admoniti
1198 4592 1453 4646 monachi
1487 4593 1710 4661 quidam
1743 4593 2146 4651 Macedonians:
2182 4598 2292 4653 ba:-

2397 3452 2583 3527 μνῆμία
2622 3457 2935 3520 καλοῦντες.
2985 3455 3125 3509 ⁹Ἀλλ’
3160 3456 3388 3517 ἑαυτοὺς
3421 3455 3470 3506 οἱ
3515 3453 3794 3522 προφῆται
3841 3452 3981 3520 ³ἇναερ

2393 3551 2603 3619 Ζεόἐνῳ
2645 3552 3019 3619 ἐπιφανέντες,
3053 3551 3126 3613 ὼς
3175 3550 3413 3621 εἴρηται,
3448 3551 3643 3609 οἵτινες
3679 3543 3810 3611 εἷεν,
3840 3545 3982 3615 ἐμή-

2394 3661 2584 3697 νυσαν.

2969 3757 3220 3811 ΚΕΦΑΛ.
3259 3755 3392 3811 ΜΘἏ

2393 3853 2527 3917 Περὶ
2560 3851 2669 3917 τῆς
2697 3852 2992 3919 εὑρέσεως
3014 3850 3124 3915 τῆς
3151 3851 3346 3918 τιμίας
3377 3849 3644 3918 κεφαλῆς
3678 3848 3784 3902 τοῦ
3802 3851 3983 3917 ἁγίου

2513 3924 2797 3976 Ἰωάννου
2829 3921 2936 3975 τοῦ
2969 3921 3315 3989 ιΙροδρόμου
3354 3922 3450 3972 καὶ
3488 3921 3861 3974 Βαπτιστοῦ.

2475 4039 2639 4091 Ἀλλὰ
2655 4038 2748 4090 καὶ
2776 4037 3065 4105 θαυμαστὴ
3086 4037 3182 4089 καὶ
3203 4053 3269 4087 πε
3280 4035 3528 4105 ριὸέητος
3551 4034 3645 4087 τοῦ
3667 4035 3984 4087 Βαπτιστοῦ

2394 4131 2603 4200 κεφαλὴ
2657 4130 2750 4184 ἐπὶ
2789 4131 2888 4199 τῆς
2923 4129 3205 4198 παρούσης
3237 4130 3526 4199 εὑρεθεῖσα
3560 4129 3861 4199 ἡγεμονίας
3903 4130 3986 4190 είς

2392 4227 2489 4295 τὴν
2513 4223 2928 4278 Κωνσταντίνου
2954 4225 3423 4290 περιφανεστάτην
3443 4221 3594 4274 πόλιν
3615 4219 3979 4288 ἀνεκομίσθη.

2404 4317 2470 4370 'H
2506 4318 2614 4387 γὰρ
2662 4316 2934 4387 Ἡρωδιὰς
2973 4317 3068 4368 καὶ
3099 4315 3182 4368 ἔτι
3217 4315 3306 4368 τὸν
3341 4314 3561 4383 ἔλεγχον
3597 4314 3855 4366 δειλιῶσα
3886 4313 3983 4365 τοῦ

2394 4408 2720 4472 Βαπτιστοῦ,
2749 4408 2891 4461 κατά
2917 4410 2977 4460 τὸ
3016 4408 3259 4478 Ἡρώδου
3289 4408 3614 4476 ἀνάκτορον,
3645 4409 3849 4476 ἀφανεῖ
3875 4425 3985 4461 τινι

2392 4504 2544 4572 τόπῳ
2593 4502 2799 4572 ταύτην
2831 4504 3243 4570 κατέκρυπτεν·
3279 4501 3346 4570 ἦν
3394 4517 3540 4562 τινες
3575 4501 3696 4570 ὕψει
3727 4500 3987 4572 θειοτέρα⁵

2396 4595 2626 4665 μοναχοὶ
2655 4595 2750 4663 τῆς
2785 4593 3122 4647 Μακεδονίου
3141 4593 3406 4660 αἱρέσεως
3429 4593 3745 4663 εὑρηκότες⁹
3787 4596 3990 4662 πρῶτα

721 4685 861 4738 resis
889 4684 1222 4738 invenerunt
1254 4701 1269 4738 :
1304 4686 1398 4753 qui
1447 4686 1683 4754 primum
1713 4687 1936 4754 quidem
1973 4685 2286 4760 Hierosoly-
2320 4719 2367 4777 ο
2397 4744 2398 4751 η

2320 4719 2367 4777 D
2397 4689 2495 4758 μὲν
2523 4688 2581 4739 ἐν
2633 4684 3026 4754 Ἰεροσολύμοις
3052 4684 3318 4755 διέτριὸον
3343 4699 3357 4713 ⁶
3391 4681 3492 4737 εἶτ’
3529 4687 3741 4738 ἐκεῖθεν
3771 4689 3852 4748 εἰς
3883 4687 3988 4739 Κί-

719 4779 822 4830 mis
869 4775 1148 4841 vixerunt,
1201 4786 1393 4845 postea
1445 4787 1640 4831 autem
1676 4778 1728 4830 in
1766 4778 2014 4833 Ciliciam
2055 4783 2288 4836 commi-

718 4877 968 4935 grarunt.
1009 4871 1189 4936 Atque
1240 4868 1332 4921 ubi
1394 4879 1562 4937 caput
1613 4868 1664 4922 id
1725 4870 1798 4923 ibi
1853 4886 1976 4925 esse
2023 4874 2292 4942 comperit

719 4959 1035 5014 Mardonius
1086 4961 1185 5029 (εἰ),
1235 4961 1329 5030 qui
1375 4962 1592 5032 primus
1639 4962 1780 5018 inter
1837 4964 2152 5034 imperiales
2198 4982 2293 5021 eu-

724 5052 937 5106 nuchos
966 5053 1092 5118 fuit,
1139 5054 1527 5130 inventionem
1562 5071 1682 5109 eam
1725 5056 1935 5110 Valenti
1983 5057 2245 5112 indicavit
2277 5076 2290 5112 :

721 5153 776 5196 ct
810 5143 899 5196 ille
933 5142 985 5196 id
1025 5143 1562 5215 ConstantinOpolim
1593 5147 1792 5201 deferri
1839 5148 2024 5218 jussit.
2057 5148 2289 5215 Quidam

723 5236 891 5304 igitur
929 5237 1106 5301 missi,
1139 5253 1263 5291 cum
1301 5239 1594 5308 splendido
1622 5240 1885 5294 comitatu
1927 5243 1980 5294 in
2021 5242 2290 5311 imperiali

720 5345 886 5381 curru
921 5328 970 5381 id
1017 5339 1301 5383 vexerunt.
1333 5330 1433 5384 Ubi
1479 5341 1660 5385 autem
1692 5335 1756 5385 ad
1794 5333 2162 5396 I‘antichium,
2190 5349 2291 5402 op-

723 5421 912 5488 pidum
961 5438 1214 5490 parvum,
1270 5440 1376 5476 non
1422 5424 1579 5492 longe
1630 5440 1656 5477 a
1703 5424 2050 5480 Chalcedone
2099 5428 2287 5491 situm,

725 5524 1048 5581 perventum
1088 5527 1194 5580 est,
1245 5518 1479 5570 ulterius
1528 5518 1776 5588 progredi
1808 5534 1926 5588 qum
1959 5521 2024 5572 ad
2067 5536 2288 5574 currum

715 5608 923 5674 juncta».
964 5617 1122 5661 erant
1155 5610 1334 5672 mulae,
1367 5611 1620 5676 quamvis
1647 5610 1837 5680 auriga
1864 5613 1946 5665 eis
1987 5613 2286 5667 vehemen-

725 5713 832 5752 tius
863 5711 918 5754 et
965 5702 1174 5770 ﬂagello
1209 5713 1263 5755 et
1313 5703 1618 5755 calcaribus
1656 5707 1721 5756 ad
1770 5721 1989 5757 cursum
2026 5707 2291 5774 instigaus

906 5851 1007 5898 5oz
1034 5866 1119 5898 tttt.
1160 5851 1242 5898 liu’
1269 5862 1316 5899 c:
1356 5845 1716 5898 Hcmlhaatin.

2393 4780 2548 4841 λικας
2598 4777 2962 4846 μετεχώρουν.
3027 4776 3235 4828 Ἐκεῖσε
3271 4776 3316 4828 δ’
3366 4773 3460 4828 οὖν
3496 4775 3665 4844 αὐτὴν
3714 4778 3986 4845 φωράσας

2395 4871 2718 4939 Μαρδΰνιος,
2748 4869 2824 4944 ὃς,
2839 4867 3052 4938 πρῶτος
3089 4866 3196 4919 τῶν
3240 4866 3539 4936 βασιλικῶν
3571 4867 3845 4936 εὐνούχων
3877 4863 3947 4937 ἦν
3968 4907 3985 4933 ,

2398 4965 2664 5018 Οὐάλεντι
2688 4961 2879 5030 ἐδήλου
2906 4961 3006 5025 τὴν
3019 4958 3256 5030 εὕρεσιν.
3294 4959 3354 5012 '0
3372 4959 3507 5021 δἐίς
3531 4960 3990 5012 Κωνσταντινού-

2395 5058 2552 5110 πολιν
2578 5058 2735 5124 ἄγειν
2769 5056 2984 5108 ἐκέλευε
3005 5071 3017 5083 ο
3044 5052 3140 5107 καί
3167 5069 3312 5116 τινες
3343 5054 3714 5123 πεμφθέντες,
3745 5052 3987 5122 λαμπρᾷ

2397 5155 2700 5223 προπομπῇ
2730 5153 2788 5203 ἐν
2812 5151 3121 5220 βασιλικοῖς
3155 5149 3430 5219 ὀχήμασιν
3453 5143 3608 5216 ἦγον.
3646 5147 3734 5208 Ὠς
3757 5146 3816 5198 δὲ
3851 5149 3988 5214 περὶ

2399 5245 2457 5296 τὸ
2495 5245 2813 5311 Παντείχιον
2853 5243 2955 5313 ἤδη
2987 5242 3256 5310 ἐγένοντο,
3290 5241 3488 5310 μικρὸν
3518 5239 3574 5292 δὲ
3606 5240 3767 5290 τοῦτο
3800 5239 3942 5292 ἂστυ
3968 5277 3984 5300 ,

2397 5337 2457 5388 οὐ
2492 5339 2634 5386 πάνυ
2668 5336 2999 5406 πορόωτέρω
3041 5334 3140 5398 τῆς
3160 5332 3496 5402 Χαλκηδόνος
3533 5330 3815 5399 κείμενον,
3845 5345 3987 5396 περ’

2396 5430 2598 5495 αιτέρω
2629 5428 2831 5496 βαίνειν
2865 5429 2919 5480 αἱ
2953 5428 3089 5500 πρὸς
3119 5426 3277 5480 τοῦτο
3313 5425 3605 5493 τεταμέναι
3633 5424 3853 5494 ἡμίονοι
3882 5423 3987 5474 οὐκ

2395 5522 2721 5590 ἠϐούλοντο,
2752 5521 2845 5573 καί
2892 5519 3064 5574 ταῦτα
3093 5519 3202 5572 τῶν
3238 5517 3706 5588 ὑπηρετουμένων
3747 5516 3986 5567 πλεῖστα

2395 5613 2883 5683 διαπειλουμένων,
2917 5614 3012 5667 καὶ
3044 5611 3139 5665 τοῦ
3170 5611 3386 5680 ἡνιόχου
3416 5609 3868 5689 χαλεπαίνοντος,
3886 5609 3987 5661 καὶ

2401 5706 2733 5776 σφοδροτέρα
2782 5708 3065 5776 χρωμένου
3119 5709 3184 5774 τῇ
3247 5705 3494 5772 μάστιγι,
3532 5705 3626 5755 καὶ
3675 5701 3868 5770 πυκνῴ
3907 5699 3989 5769 τῷ

797 5851 872 5915 (I)
906 5851 1007 5898 Sol
1034 5866 1119 5898 nu.
1160 5851 1242 5898 Itu’
1269 5862 1316 5899 c:
1356 5851 1716 5898 Ut’t'ulhaatiu.

793 5921 869 5981 (ι’)
907 5919 1014 5982 Τῆς
1054 5919 1334 5979 βασιλικῆς
1386 5920 1558 5978 mnia,
1604 5921 1820 5980 μείζων,
1864 5917 1964 5970 hoc
1989 5927 2094 5975 est.
2121 5914 2470 5969 imucrinlisth

1917 5933 1964 5970 κ
1989 5927 2094 5975 est.
2121 5915 2411 5969 imm-"iulia
2430 5914 2611 5966 domus
2645 5912 2835 5974 maior.
2868 5912 3084 5966 δοκοίη.
3111 5910 3204 5964 lib.
3227 5925 3320 5976 vu,
3351 5925 3472 5974 cap.
3506 5908 3594 5960 2!.
