4248 6446
294 402 397 469 917

1217 404 1825 466 ECCLESIASTICJE
1862 407 2249 467 illSTUltLE
2276 407 2420 468 LIB.
2464 407 2606 468 XII.

3438 408 3545 471 918

292 519 506 590 κέντρῳ
536 518 947 588 διερεθίζοντος.
1007 518 1093 583 Ὠς
1120 519 1175 573 δὲ
1220 520 1385 589 μηδὲν
1414 522 1670 585 ἀνύοντες
1696 519 1835 593 ἦσαν
1857 564 1872 587 ,
1912 532 1945 585 Α

1870 568 1872 581 .
1912 532 1945 585 Α
1978 525 2316 592 immineret,
2364 524 2615 581 noluere.
2663 522 2830 579 Porro
2872 541 2996 580 cum
3043 527 3195 597 gravi
3241 540 3309 581 eo
3340 525 3547 596 impetu

291 615 442 678 ξένον
476 630 531 666 τι
576 612 768 682 δηλοῦν
810 612 868 665 τὸ
897 613 1050 666 Θεῖον
1083 613 1256 667 ἑδόκει
1303 615 1364 667 οὐ
1408 616 1522 675 τοῖς
1550 617 1746 683 ἄγουσι
1774 618 1869 670 καὶ

290 707 589 774 θεωμένοις
636 706 817 776 μόνον,
856 706 992 760 ἀλλὰ
1020 708 1113 760 καὶ
1141 706 1289 777 αὐτῷ
1313 706 1542 777 βασιλεῖ.
1578 710 1685 762 Καὶ
1713 709 1871 777 δόξαν

289 799 483 863 οὕτως,
527 799 795 853 ἀπέθεντο
820 800 910 853 τὸν
947 800 1091 868 ίερδν
1120 802 1330 855 τουτονὶ
1365 800 1638 872 θησαυρὸν
1675 803 1731 856 ἐν
1764 821 1869 857 τινι

290 892 454 963 κώμη
499 892 852 963 γειτονούσῃθ
899 891 989 945 τοῦ
1039 892 1306 946 Κοσιλάου
1365 894 1567 963 ταύτην
1608 894 1869 965 ὲγχὼριος

290 986 512 1050 ὲγκάλει
548 988 700 1055 φωνή
726 1001 741 1015 ο
766 985 859 1036 τοῦ
891 986 945 1038 δὲ
974 986 1275 1054 Μαρδονίου
1307 986 1365 1039 τὸ
1391 988 1577 1057 κτῆμα
1598 982 1684 1059 ἦν.
1715 989 1872 1042 Κατὰ

288 1079 345 1131 δὲ
386 1078 576 1131 τοῦτον
606 1080 697 1132 τὸν
738 1080 950 1147 γρόνον,
998 1078 1030 1145 ἢ
1062 1078 1157 1132 τοῦ
1186 1078 1345 1139 Θεοῦ.
1389 1080 1421 1149 ἢ
1461 1083 1554 1133 καὶ
1584 1082 1749 1135 αὑτοῦ
1776 1080 1871 1134 τοῦ

292 1173 574 1237 προφήτου
610 1172 959 1237 κινήσαντος,
1014 1172 1079 1240 τῇ
1130 1172 1293 1243 κώμῃ
1338 1162 1583 1241 ταύτῃ-ό
1624 1172 1872 1241 βασιλεὺς

292 1262 584 1328 ἐφίσταται
614 1260 918 1323 Θεοδόσιος,
954 1261 1046 1324 Είς
1077 1261 1200 1314 νοῦν
1229 1263 1282 1314 δὲ
1316 1263 1540 1331 θέμενος
1569 1264 1667 1334 τὴν
1696 1264 1873 1334 χάραν

291 1352 504 1405 ἐκεῖθεν
548 1352 754 1417 λαϐεῖν,
791 1353 1015 1424 ἀντέσχε
1051 1356 1184 1424 μόνη
1227 1355 1542 1426 Ματρώνα·
1584 1357 1617 1426 ἢ
1658 1357 1875 1425 παρθέ-

290 1426 378 1504 νος
408 1444 543 1499 me
566 1446 662 1497 καὶ
690 1446 1044 1515 ἀφιερωμένη
1094 1446 1245 1517 Θεῷ,
1280 1450 1345 1519 τῇ
1399 1448 1518 1519 θείᾳ
1566 1448 1753 1501 εῖπετο
1784 1449 1874 1501 τοῦ

291 1536 605 1591 Βιπτιστοῦ
640 1537 874 1609 κεφαλῇ,
902 1536 1230 1592 διακονοῦσα
1260 1539 1331 1592 τὰ
1356 1540 1636 1609 ἐπιτήδεια
1663 1544 1727 1609 τῇ
1750 1539 1872 1609 ὀδῷ,

303 1633 400 1683 καὶ
431 1631 612 1701 φύλαξ
639 1631 1022 1699 καθισταμένη
1046 1648 1059 1661 ·
1121 1632 1189 1702 ἢν
1236 1632 1300 1702 δὴ
1329 1633 1594 1700 γενναίως
1617 1633 1876 1686 ἀνθιστα-

295 1726 490 1797 μένην,
541 1725 644 1777 οὐκ
688 1722 828 1795 ᾤετο
855 1724 965 1777 δεῖν
1003 1723 1145 1777 οὕτω
1177 1723 1489 1793 βιάσασθαι.
1537 1726 1771 1779 Ἰκεσίαν
1818 1726 1875 1778 δὲ

292 1819 614 1889 προσάγων,
680 1820 989 1889 συγχωρεῖν
1046 1820 1255 1872 εδεῖτο·
1318 1819 1473 1887 μόλις
1530 1818 1587 1873 δὲ
1638 1820 1874 1874 ἐνεδίδου

292 1914 479 1985 ἐκείνῃ
507 1914 749 1984 ἀνήνυτα
783 1912 879 1967 καὶ
908 1915 1098 1967 τοῦτον
1127 1913 1356 1983 οίομένη
1390 1914 1705 1982 ἐπιχειρεῖν,
1738 1912 1879 1966 καθὰ

294 2011 390 2063 καὶ
419 2010 681 2062 Οὐάλεντι
718 2006 923 2076 συνέϐη
947 2005 1358 2076 συμϐάλλουσα.
1402 2005 1461 2057 '0
1490 2005 1547 2058 δὲ
1579 2008 1678 2075 τήν
1702 2005 1881 2074 θήκην

292 2103 353 2154 ἐν
423 2102 547 2171 ίερὰ
573 2101 862 2155 κατέκειτο
894 2097 1127 2169 κεφαλὴ,
1145 2100 1210 2169 τῇ
1237 2097 1516 2167 ἁλουργίδι
1544 2096 1877 2166 περιελίξας,

292 2191 457 2252 αὐτὸς
503 2189 607 2242 ἆ.ιά
645 2190 833 2261 χεῖρας
887 2187 1115 2241 διετέλει
1167 2187 1479 2257 βαστάζων,
1513 2186 1643 2257 ἄχρι
1676 2186 1741 2255 δὴ
1776 2186 1882 2255 πρὸ

290 2283 392 2349 τῆς
439 2283 847 2335 Κωνσταντίνου
898 2281 978 2350 τῷ
1025 2280 1306 2351 λεγομένῳ
1370 2279 1618 2346 Ἑϐδόμῳ
1676 2277 1883 2346 ταύτην

290 2373 555 2428 κατέθετο
578 2390 592 2404 ·
623 2375 756 2427 ὅπου
775 2372 839 2444 δή
872 2372 1237 2442 διαφερόντως
1267 2372 1545 2441 σεμνύνων
1560 2372 1651 2422 τὸν
1683 2369 1885 2421 Βαπτι-

294 2469 449 2539 στὴν,
502 2469 597 2522 καὶ
627 2467 764 2520 νεὼν
802 2467 1057 2536 μέγιστον
1092 2466 1191 2518 καὶ
1223 2464 1411 2519 κάλλει
1443 2464 1732 2516 κάλλιστον
1762 2464 1884 2514 ivs-

294 2563 492 2632 τείρει.
528 2561 704 2615 Πολλὰ
734 2560 791 2614 δὶ
826 2562 918 2613 καὶ
946 2560 1210 2621 πολλάκις
1236 2558 1540 2628 Ματρὼναν
1578 2554 1883 2626 μετελθὼν,

294 2660 390 2707 καὶ
418 2654 801 2722 ὑπεσχημένος
826 2651 1228 2721 κεχαρισμένα,
1252 2648 1566 2718 μειαθεῖναι
1599 2649 1699 2716 τὴν
1729 2648 1885 2711 δόξαν

291 2750 500 2821 ἣκιστα
526 2744 773 2800 επειθενο
807 2740 876 2815 ἦν
904 2744 1011 2813 γὰρ
1058 2742 1319 2795 νοσοῦντα
1345 2742 1415 2793 τὰ
1437 2743 1533 2811 τῆς
1551 2739 1884 2794 Μακεδονίου

293 2840 597 2909 αἱρέσεως)
633 2836 843 2905 καίπερ
891 2835 1190 2898 Βικεντίου,
1224 2834 1283 2897 ός
1331 2831 1697 2903 πρεσϐύτερος
1722 2827 1790 2901 ἦν
1817 2830 1887 2882 τὰ

299 2933 394 2985 ῖσα
420 2931 657 3000 φρονῶν,
689 2930 785 2983 καὶ
818 2929 888 2981 τὰ
915 2928 1045 2992 περ)⁸
1076 2927 1174 2995 τὴν
1201 2929 1378 2995 θήκην
1410 2926 1607 2992 ἐπίσης
1642 2924 1780 2993 αὐτῇ
1810 2920 1887 2990 τῷ

297 3024 579 3091 Βαπτιστῇ
626 3022 904 3091 πράττων,
942 3019 1039 3071 καὶ
1073 3018 1162 3070 διὰ
1206 3016 1415 3085 ταύτην
1451 3014 1765 3083 ίερωμένος,
1794 3014 1887 3065 εὑ-

299 3116 400 3179 ίέὺς
430 3113 856 3185 μεταϐαλόντος,
896 3112 993 3162 καὶ
1024 3113 1089 3178 τῇ
1129 3109 1359 3162 καθόλου
1394 3107 1889 3178 προσχωρήσαντος

1974 618 2107 671 nihil
2156 615 2462 683 ellicereut,
2499 618 2628 672 novi
2680 618 2942 684 quiddam
2997 620 3165 674 Deum
3215 622 3550 689 signiﬁcare.

1977 727 2087 765 non
2123 712 2387 765 ductores
2419 713 2584 788 modo
2620 720 2677 766 et
2708 721 3071 781 spectatores,
3104 713 3195 768 sed
3230 714 3345 782 ipse
3384 714 3550 767 etiam

1976 805 2279 871 imperator
2312 805 2670 859 existimavit.
2715 806 2908 876 Itaque
2941 807 3199 874 placitum
3233 816 3336 871 est,
3376 817 3436 861 ιιι
3468 823 3553 861 sa-

1972 911 2067 950 cer
2097 895 2201 949 iste
2245 897 2557 961 thesaurus,
2599 906 2711 951 tum
2767 897 2820 950 in
2867 898 3051 953 vicino
3094 900 3236 959 vico,
3268 914 3429 967 quem
3467 900 3553 952 in-

1974 986 2104 1041 cola:
2141 986 2415 1040 Cosilautn
2462 986 2735 1041 vocabant
2776 988 2915 1055 (erat
2950 997 3131 1041 autem
3186 989 3239 1040 in
3288 987 3553 1042 Mardonii

1976 1078 2249 1144 dominio)
2288 1078 2652 1147 deponerent.
2696 1079 2970 1134 Cu'tcrnm
3016 1080 3121 1134 hoc
3174 1091 3419 1151 tempore
3466 1097 3553 1136 act

1974 1172 2130 1238 cidit,
2162 1173 2278 1225 sive
2313 1172 2422 1225 Deo
2448 1188 2545 1226 seu
2576 1171 2845 1239 Pr0phcta
2881 1174 3000 1241 ipso
3038 1173 3357 1242 instigante,
3392 1183 3450 1227 ut
3488 1174 3553 1226 ad

1975 1265 2156 1319 vicum
2189 1265 2334 1318 hunc
2379 1264 2725 1318 Theodosius
2759 1265 2990 1319 veniret.
3031 1265 3099 1320 Et
3129 1281 3251 1319 eum
3296 1278 3461 1333 caput
3504 1268 3555 1319 id

1979 1358 2106 1410 inde
2150 1358 2450 1412 transferre
2479 1358 2879 1418 constituisset.
2932 1358 3049 1412 sola
3090 1358 3141 1412 ei
3189 1357 3408 1413 obstitit
3450 1359 3561 1413 Ma-

1977 1457 2156 1513 trona,
2216 1447 2325 1503 Deo
2361 1448 2540 1503 dicata
2590 1449 2766 1520 virgo,
2801 1465 2922 1519 qua:
2961 1450 3208 1505 divinum
3259 1448 3364 1507 hoc
3397 1461 3562 1516 caput

1977 1541 2236 1611 Baptista:
2279 1541 2634 1613 sequebatur.
2693 1554 2754 1598 ut
2804 1543 2859 1599 in
2914 1544 3112 1599 itinere
3152 1550 3268 1615 pro'
3288 1560 3355 1600 eo
3394 1555 3559 1613 atque

1977 1648 2118 1704 Opus
2170 1643 2336 1697 esset,
2390 1637 2439 1690 ei
2492 1637 2827 1702 inserviret,
2884 1648 3180 1708 custosque
3230 1638 3348 1707 ejus
3391 1648 3556 1693 esset.

1977 1728 2138 1800 335
2171 1730 2299 1784 Eam
2334 1746 2465 1785 vero
2498 1731 2801 1800 imperator
2831 1746 3027 1801 magno
3070 1732 3256 1786 animo
3287 1732 3563 1786 obsisten-

1982 1834 2114 1889 tem,
2170 1823 2400 1878 minime
2442 1824 2490 1877 vi
2546 1824 2846 1892 cogendam
2897 1825 3126 1889 ducens,
3178 1828 3433 1895 precibus
3478 1833 3564 1880 est

1984 1932 2299 1987 aggressus,
2357 1927 2419 1971 ut
2454 1917 2872 1972 translationem
2905 1933 3025 1973 eam
3069 1918 3431 1988 permitteret.
3469 1917 3561 1973 Illa

1986 2010 2039 2064 id
2092 2009 2385 2065 diﬂiculter
2442 2010 2663 2064 tandem
2724 2013 2940 2077 annuit,
3000 2027 3114 2066 rem
3191 2029 3340 2078 eum,
3397 2030 3560 2084 quam

1985 2104 2249 2175 perﬁcere
2283 2104 2562 2174 nequiret,
2598 2104 2761 2161 sicuti
2791 2105 2957 2160 etiam
2986 2105 3202 2161 Valenti
3235 2107 3560 2177 contigerat,

1985 2214 2083 2267 per
2109 2198 2489 2268 conjecturam
2540 2196 2763 2267 aggredi
2808 2206 2946 2252 rata.
2990 2198 3059 2253 At
3090 2198 3438 2255 Theodosius
3473 2217 3561 2253 ar-

1984 2305 2131 2352 cam,
2178 2289 2230 2343 in
2267 2304 2373 2357 qua
2412 2303 2630 2344 sacrum
2669 2297 2831 2357 caput
2866 2291 3168 2359 repositum
3206 2290 3401 2353 fuerat.
3437 2309 3565 2360 pur—

1984 2395 2123 2449 pura
2174 2378 2664 2439 circumvolutam.
2700 2380 2818 2449 ipse
2872 2381 3126 2436 manibus
3161 2382 3276 2436 suis
3309 2385 3562 2453 gestavit,

1989 2488 2163 2541 usque
2216 2472 2280 2527 ad
2326 2472 2629 2541 Septimum
2660 2490 2781 2542 quze
2831 2474 3035 2529 dicitur
3085 2476 3364 2545 regionem
3414 2478 3566 2532 urbis

1985 2561 2611 2631 Coustantinopolitanm
2659 2581 2673 2617 ι
2730 2562 2821 2616 ubi
2883 2562 2936 2617 id
3001 2565 3270 2633 reposuit,
3338 2567 3563 2635 templo,

1986 2654 2115 2708 divo
2141 2653 2419 2722 Baptism,
2450 2669 2609 2721 quem
2637 2655 2922 2724 praecipue
2956 2656 3294 2722 celebrabat,
3330 2662 3567 2712 maximo

1986 2749 2043 2797 et
2070 2742 2446 2812 pulcherrimo
2474 2751 2799 2799 constructo
2832 2746 2930 2815 (l).
2966 2745 3031 2800 Et
3060 2762 3184 2801 eum
3233 2764 3374 2818 saepe
3424 2752 3566 2803 lttol-

1989 2844 2219 2904 tumque
2255 2835 2563 2891 Matrouam
2603 2836 2856 2891 maximis
2886 2837 3322 2910 gratissimisque
3354 2842 3568 2907 pollici-

1990 2928 2317 2991 lationibus,
2350 2938 2410 2983 ut
2440 2928 2566 2983 lidei
2595 2930 2929 2983 sententiam
2964 2942 3203 2986 mutaret
3236 2931 3564 3002 (Macedonii

1989 3020 2138 3075 enim
2180 3020 2409 3076 ltmresis
2450 3022 2745 3077 tenebatur
2785 3024 3024 3089 morbo),
3066 3039 3359 3093 aggressus
3390 3036 3563 3093 esset,

1985 3112 2331 3182 persuadere
2359 3112 2412 3169 id
2448 3114 2498 3168 ei
2530 3129 2638 3169 non
2669 3114 2847 3184 potuit
2882 3131 2897 3168 :
2932 3132 3056 3171 eum
3083 3117 3305 3187 quidem
3341 3118 3566 3174 \‘iucen-

313 3208 636 3277 Ἐκκλησία,
688 3207 783 3261 καὶ
808 3200 961 3257 ταῦτ’
1006 3202 1299 3269 ἀπώμοτον
1345 3200 1596 3271 θεμένου,
1629 3197 1705 3261 ὥς
1756 3211 1960 3273 φασια

1914 3211 1960 3273 C
1993 3206 2125 3265 tius.
2161 3206 2411 3274 ejusdem
2456 3208 2741 3275 religionis
2780 3208 3091 3280 presbyter,
3130 3210 3223 3281 qui
3262 3208 3402 3266 idem
3441 3227 3566 3267 cum

297 3303 354 3356 Μ
374 3346 375 3349 η
397 3299 720 3360 κεδονιανοὶ,
749 3298 961 3365 μήποτε
993 3294 1090 3355 τὴν
1117 3293 1326 3344 οἰκείαν
1345 3292 1504 3356 δόξαν
1532 3289 1880 3355 ἀπώσασθαι,

303 3391 567 3463 μετέθετο
583 3389 638 3444 δὲ
681 3388 868 3460 ὁρίσας
900 3387 1092 3448 οὕτως’
1124 3388 1282 3453 εἴπερ
1312 3384 1486 3439 ἕλοιτο
1519 3384 1548 3435 ό
1580 3382 1885 3451 Βαπτιστὴς

300 3483 667 3551 ἀκολουθῆσαι
720 3481 795 3550 τῷ
831 3481 1060 3547 βασιλεῖ,
1093 3479 1189 3531 καὶ
1224 3478 1385 3530 αὑτὸν
1435 3476 1536 3546 τὴν
1586 3469 1891 3545 θρησκείαν

301 3578 628 3637 ἀποθέσθαι,
666 3576 759 3629 καὶ
790 3575 937 3643 αὐτῷ
974 3574 1252 3626 κοινωνεῖν
1283 3570 1376 3623 τοῦ
1412 3569 1601 3622 λοὶποῦ
1638 3572 1802 3637 μηδὲν
1832 3585 1884 3620 τι

295 3670 714 3739 διαφερόμενον.
756 3665 1117 3727 Βικέντιοςδδ⁸
1152 3658 1306 3726 οὗτος
1335 3663 1545 3730 Πέρσης
1590 3663 1687 3731 μὲν
1729 3657 1795 3731 ἦν
1825 3660 1885 3712 τὺ

299 3764 493 3827 γένος’
549 3757 929 3810 Κωνσταντὶου
993 3756 1050 3808 δὲ
1107 3754 1482 3825 βασιλεύοντος
1542 3754 1600 3803 ὲν
1661 3749 1882 3819 Περσίδι

294 3851 544 3920 διωγμοῦ
581 3850 901 3918 γενομένου,
935 3847 1115 3917 φυγὰς
1145 3846 1240 3898 καὶ
1271 3845 1431 3906 αὐτὸς
1468 3843 1684 3910 σύναμα
1730 3841 1884 3911 Ἀδδᾷ

295 3946 379 4015 τῷ
406 3943 634 4013 ἀνεψιῷ,
664 3945 732 4013 τῇ
780 3940 1068 4010 Ῥωμαίων
1088 3940 1157 4008 γῇ
1200 3936 1525 4007 προσφοιτᾷ.
1558 3934 1697 3987 Ἀλλ’
1729 3935 1757 3985 ὁ
1784 3933 1885 4002 μὲν

298 4038 379 4106 τῷ
413 4038 602 4106 κλήρῳ
636 4033 979 4101 καταλεγεὶς,
1013 4032 1106 4084 καὶ
1155 4031 1231 4090 είς
1257 4028 1629 4099 πρεσδυτέρου
1678 4025 1882 4095 προῆλ-

298 4133 395 4184 θεν
424 4130 599 4193 ἀξίαν.
658 4126 847 4185 Ἀδδᾶς
877 4126 934 4178 δὲ
966 4125 1186 4193 γυναικὶ
1218 4122 1535 4190 συναφθε’·ς,
1555 4124 1621 4191 τῇ
1653 4121 1886 4188 Ἐκκλη-

301 4227 396 4294 σία
432 4220 568 4277 πολύ
603 4237 657 4273 τι
703 4220 894 4289 ὄφελος
929 4218 1174 4286 ἐγεγόνει
1197 4232 1212 4246 ·
1264 4217 1426 4269 παῖδα
1455 4216 1560 4285 γὰρ
1591 4214 1883 4281 ἐγέννησεν

298 4315 591 4379 Αὑξέντιον
617 4313 809 4383 ὄνομα,
847 4310 1039 4364 πιστὸν
1074 4310 1174 4381 μὲν
1212 4311 1290 4371 είς
1321 4308 1389 4361 τὰ
1424 4308 1563 4372 θεῖα,
1595 4306 1881 4359 σπουδαῖον

297 4409 354 4460 δὲ
393 4409 521 4476 περὶ
572 4407 760 4476 φίλους
786 4422 799 4435 ο
838 4406 957 4477 βίου
995 4404 1052 4458 δὲ
1081 4402 1358 4473 σώφρονος
1387 4403 1634 4472 ἡμμένον
1668 4401 1881 4467 καὶὲμ-

302 4499 502 4569 μελοῦς
528 4514 543 4531 ·
570 4497 850 4566 φιλολόγον
880 4497 936 4550 δὲ
981 4497 1236 4567 μάλιστα,
1264 4496 1405 4566 ίδριν
1435 4512 1494 4547 τε
1536 4494 1646 4546 τῶν
1675 4495 1731 4546 ὲν
1752 4492 1883 4545 Ἕλ-

1987 3296 2085 3351 illa
2135 3297 2282 3366 apud
2328 3313 2512 3354 arcam
2552 3300 2808 3368 Baptistae
2856 3301 3148 3369 prmstabat
3179 3302 3568 3369 miuistcriuu,

1993 3398 2049 3443 et
2077 3403 2199 3442 eam
2231 3390 2300 3445 ob
2330 3406 2552 3444 causam
2583 3391 2984 3446 sacerdotalem
3034 3406 3355 3464 susceperat
3393 3395 3565 3465 digni-

1991 3488 2183 3543 tatem,
2258 3483 2443 3534 statim
2492 3484 2823 3537 sententiam
2876 3487 3217 3549 mutavisset,
3269 3499 3326 3542 et
3376 3489 3440 3541 ad
3482 3506 3570 3542 ca-v

1993 3574 2253 3627 tbolicam
2289 3573 2595 3627 Ecclesiam
2646 3578 2975 3632 accessisset
3013 3593 3026 3631 :
3060 3579 3224 3649 idque
3255 3591 3437 3637 antea.
3488 3583 3564 3635 si-

1994 3664 2106 3718 cuti
2149 3664 2526 3721 Maccdoniani
2559 3666 2774 3733 dicunt,
2824 3669 3183 3741 jurejurando
3218 3675 3565 3743 interposito,

1992 3773 2276 3826 nunquam
2304 3773 2362 3813 se
2388 3761 2705 3829 opinionem
2738 3777 2893 3817 suam
2925 3765 3254 3834 rejecturum
3289 3784 3431 3822 esse.
3462 3769 3566 3823 Sed

1991 3850 2140 3903 enim
2171 3865 2293 3904 eam
2331 3855 2585 3919 mutavit,
2614 3854 2714 3908 hac
2741 3856 2843 3910 sibi
2877 3858 3195 3928 przescripta
3228 3862 3567 3925 conditione,

1991 3956 2053 3999 ut
2103 3955 2215 3999 tum
2270 3946 2496 4001 demum
2552 3947 2873 4017 religionem
2925 3965 3078 4002 suam
3130 3950 3454 4019 deponeret,
3512 3966 3567 4009 et

1990 4047 2179 4107 postea
2214 4039 2336 4093 sine.
2368 4038 2694 4095 discrimine
2736 4040 2846 4096 ullo
2880 4055 3001 4096 cum
3041 4044 3371 4113 imperatore
3412 4063 3566 4102 com-

1996 4129 2324 4193 municaret,
2369 4132 2414 4186 si
2458 4132 2610 4186 illum
2648 4131 2893 4202 Baptista
2937 4149 3283 4205 sequeretur.
3327 4139 3564 4194 Vincen-

1992 4220 2102 4273 tius
2133 4220 2236 4273 iste
2267 4236 2471 4290 genere
2500 4222 2608 4278 fuit
2636 4224 2824 4280 Persa.
2855 4223 2990 4280 cum
3023 4238 3208 4282 autem
3244 4230 3296 4282 in
3340 4229 3567 4285 Perside

1990 4310 2096 4365 sub
2133 4310 2460 4368 Constantio
2496 4317 2815 4384 persecutio
2860 4327 3008 4372 esset
3048 4328 3215 4381 mota,
3252 4322 3569 4391 profugiens

1986 4400 2118 4456 inde
2155 4417 2278 4455 cum
2318 4405 2656 4460 consobrino
2688 4407 2865 4473 Adda,
2921 4409 2977 4462 in
3030 4409 3406 4468 Romanorum
3439 4430 3566 4484 per-

1990 4495 2142 4550 venit
2191 4497 2476 4552 ditionem.
2515 4499 2698 4569 Atque
2738 4501 2827 4557 hic
2876 4502 2930 4556 in
2964 4503 3171 4557 clerum
3213 4508 3462 4575 allectus,
3498 4509 3565 4563 ad

298 4595 427 4661 λησι
468 4595 562 4644 καὶ
620 4592 729 4644 τῶν
776 4592 928 4660 παρὰ
963 4594 1076 4653 τοῖς
1130 4589 1606 4660 ὲκκλησιαστικοῖς
1645 4603 1885 4655 συγγραο
1917 4583 1964 4641 D

1917 4583 1964 4641 D
1990 4588 2295 4659 presbyteri
2321 4590 2644 4660 dignitatem
2673 4594 2946 4663 pervenit.
2979 4595 3162 4651 Addas
3190 4608 3371 4650 autem
3398 4613 3566 4654 uxore

301 4684 500 4755 φεῦσιν
521 4682 972 4754 ἑρμηνευθέντων
995 4698 1009 4712 ·
1031 4683 1254 4752 μέτριον
1270 4682 1327 4735 δὲ
1353 4681 1525 4741 ἄλλως
1548 4697 1561 4711 ·
1587 4680 1683 4733 καὶ
1711 4678 1883 4733 ταῦτα

304 4774 526 4846 βασιλεῖ
555 4791 615 4827 τε
652 4774 961 4844 ἐπιτήδειον
987 4774 1083 4827 καὶ
1112 4777 1221 4835 τοῖς
1249 4773 1361 4824 ὅσοι
1401 4772 1528 4839 περὶ
1557 4770 1719 4823 αὐτόν
1741 4785 1755 4798 ⁸
1792 4769 1886 4822 καὶ

297 4868 575 4938 λαμπρῶς
614 4867 1094 4937 στρατηγήσαντα.
1126 4859 1200 4918 Οὗ
1224 4866 1317 4917 καὶ
1351 4866 1507 4931 λόγος
1533 4865 1698 4927 πολὺς
1736 4865 1888 4933 παρὰ

296 4978 357 5014 τε
407 4962 521 5023 τοῖς
561 4959 807 5027 ἀρίστοις
849 4958 960 5011 τῶν
991 4959 1261 5027 μοναχῶν,
1302 4957 1529 5010 καὶτῶν
1561 4958 1674 5009 ὅσοι
1717 4974 1885 5009 σπου-

296 5053 441 5105 eam
490 5052 682 5121 ἄνδρες
710 5051 761 5105 οἳ
816 5052 1010 5120 πεῖραν
1038 5050 1197 5119 ἔσχον
1224 5050 1447 5116 τάνδρός
1530 5048 1795 5117 Ματρὼνα
1830 5047 1886 5099 δὲ

295 5146 388 5197 δια
437 5143 555 5214 βίου
582 5146 647 5214 τῇ
682 5144 948 5197 Κοσιλάου
992 5143 1155 5218 κώμῃ
1193 5144 1523 5212 παρήδρευε.
1569 5142 1780 5211 σεμνῶς
1826 5158 1885 5194 τε

300 5240 401 5293 καὶ
452 5237 798 5307 ἱεροπρεπῶς
846 5236 1089 5300 διαζῶσα
1134 5240 1270 5305 μετά
1314 5238 1571 5303 λαμπρᾶς
1601 5238 1696 5290 καὶ
1743 5237 1887 5304 μάλα

302 5330 587 5399 σώφρονος
642 5328 851 5398 βιοτῆς,
883 5330 977 5382 καὶ
1021 5329 1233 5382 πολλῶν
1265 5329 1551 5397 παρθένων
1602 5330 1884 5396 ἡγήσατοο

299 5420 379 5476 ὧν
418 5424 451 5492 ή
486 5420 709 5491 διαδοχὴ
734 5422 830 5473 καὶ
858 5420 1090 5475 ἐπιπολὺ
1128 5420 1225 5474 τοῦ
1259 5421 1453 5491 χρόνον
1482 5422 1757 5492 διήρκεσε,
1788 5420 1888 5488 τῆς

299 5514 613 5582 Ματρώνης
648 5513 901 5576 παιδείας
932 5508 1065 5585 ἦθός
1092 5530 1150 5567 τε
1183 5514 1332 5578 ἄξιον
1366 5515 1459 5567 καὶ
1496 5516 1767 5584 περιφανῆ
1786 5513 1884 5581 τήν

298 5610 496 5679 φήμην
524 5606 985 5677 κληρωσαμένων.
1011 5606 1261 5660 Τοσαῦτα
1316 5608 1409 5659 καὶ
1438 5608 1564 5676 περ)⁵
1590 5607 1793 5659 τοᾶτων
1814 5621 1827 5636 ·
1851 5605 1887 5660 ἃ

297 5701 441 5766 δῆτα
500 5698 594 5753 καὶ
634 5700 798 5753 ίκανά
845 5716 909 5770 γε
959 5694 1111 5767 οἶμαι
1138 5700 1271 5771 πρὸς
1297 5701 1455 5766 δόξαν
1484 5701 1581 5770 τῆς
1611 5699 1887 5770 ἡμετέρας

1613 5781 1624 5806 l

374 5813 454 5881 (I)
478 5812 700 5867 Sozom.
735 5813 830 5868 lib.
876 5830 973 5878 vit,
1005 5828 1127 5883 cap.
1154 5814 1246 5880 2i,
1272 5814 1362 5867 9.4.
1394 5814 1439 5867 Is
1472 5816 1580 5866 lico
1624 5815 1883 5883 templum

302 5884 359 5942 id
397 5890 781 5940 constructum
830 5883 1046 5941 scribit.
1073 5885 1359 5957 Templum
1396 5886 1542 5941 enim
1580 5885 1671 5942 Dei
1704 5896 1883 5952 weat,

1990 4680 2176 4747 ducta,
2250 4698 2505 4749 magnum
2561 4682 2820 4739 Ecclesiae
2869 4687 3298 4742 emolumentum
3354 4693 3562 4760 genuit,

1990 4775 2323 4828 Auxentium
2370 4775 2565 4839 lilium,
2620 4777 2675 4831 in
2730 4779 2896 4833 rebus
2943 4780 3149 4834 divinis
3206 4782 3445 4845 ﬁdelem,
3508 4787 3562 4838 in

1990 4868 2197 4921 amicos
2252 4867 2575 4929 oﬂieiosum.
2610 4870 2720 4925 vita
2768 4872 3136 4938 moderatum,
3184 4884 3243 4930 et
3295 4877 3401 4930 sibi
3462 4878 3562 4946 ipsi

1988 4972 2352 5028 constantem,
2373 4962 2680 5017 studiorum
2714 4964 2976 5018 doctrina:
3000 4977 3270 5022 amantem
3307 4972 3562 5031 maxime,

1989 5052 2297 5107 litterarum
2342 5055 2695 5124 profanarum
2740 5065 2903 5126 atque
2943 5059 3108 5114 etiam
3157 5062 3563 5117 ecclesiastica-

1991 5162 2113 5198 rum
2151 5146 2414 5215 peritum.
2442 5149 2748 5203 modestum
2778 5162 3072 5219 praeterea,
3106 5164 3160 5206 ct
3194 5154 3564 5221 imperatoria:

1989 5238 2128 5291 aula:
2161 5237 2535 5299 commodum,
2589 5240 2908 5307 pra-clarum
2956 5241 3122 5296 etiam
3166 5243 3220 5294 in
3262 5242 3405 5296 bello
3457 5242 3561 5294 du-

1990 5345 2108 5384 cem
2143 5347 2158 5383 ε
2205 5332 2363 5401 cujus
2395 5331 2628 5387 celebris
2660 5332 2823 5386 etiam
2861 5333 2999 5388 fama
3031 5343 3117 5388 est
3142 5335 3282 5404 apud
3326 5336 3562 5404 Optimos

1991 5437 2244 5492 quosque
2276 5426 2596 5489 monachos,
2624 5435 2677 5479 et
2710 5426 2845 5479 alios
2864 5424 3055 5479 doctos
3082 5425 3370 5495 bonosque
3393 5428 3558 5492 viros,

1989 5516 2083 5582 qui
2121 5516 2272 5568 illum
2301 5530 2629 5586 cognovere.
2666 5518 2837 5571 Porro
2867 5517 3110 5571 Matrona
3147 5520 3311 5571 vitam
3350 5519 3403 5571 in
3439 5519 3560 5574 vico

1988 5605 2207 5661 Cosilao
2225 5610 2429 5678 exegit,
2454 5620 2509 5662 et
2541 5610 2792 5679 pluribus
2820 5610 3125 5679 virginibus
3156 5610 3395 5679 prml'uit,
3421 5626 3559 5680 qua-

1990 5716 2113 5754 rum
2149 5703 2432 5755 successio
2465 5703 2518 5756 in
2554 5702 2777 5772 longum
2812 5713 3025 5772 tempus
3070 5703 3306 5766 duravit,
3347 5687 3556 5757 morem

1989 5817 2242 5884 quamvis
2274 5826 2665 5885 antcaquoque
2698 5818 2750 5869 in
2779 5819 3038 5873 honorem
3066 5818 3121 5872 S.
3146 5817 3400 5888 Baptista:
3426 5832 3558 5877 conv

1992 5890 2158 5946 ditant
2192 5888 2387 5945 tlixetit
2418 5889 2704 5944 ecclesiam
2735 5906 2874 5943 eum.
