4248 6446
267 427 378 485 925

1211 426 1812 486 ECCLESIASTIZI/E
1850 427 2240 487 IIIS'I‘OIII.E
2286 429 2440 487 LIB.
2487 429 2663 490 XIII.

3418 423 3522 494 925

267 535 436 604 φῦναι
482 536 802 604 δυνάμενος.
860 535 1021 588 Ἀλλὰ
1078 537 1207 608 περὶ
1258 539 1356 606 μέν
1407 538 1706 607 Εὑτροπὶου
1759 542 1924 603 καὶΑ

1842 559 1851 592 ι
1879 545 1924 603 Α
1955 539 2093 593 chus
2122 542 2398 609 praepositi
2445 541 2582 595 sacri
2625 539 2864 596 cubiculi
2898 541 3218 610 dignitatem
3249 559 3519 600 consecu-

265 629 500 700 ὕστερον
539 630 808 701 ἐροῦμεν·
846 630 1020 683 ταῦτα
1049 631 1106 683 δέ
1157 633 1221 700 τῇ
1257 631 1468 702 ίστορίᾳ
1505 631 1845 700 διελάσομεν,

263 723 462 791 ὅτιπερ
508 723 612 776 οὐκ
663 723 922 792 ἐλαχίστη
953 724 1046 776 καὶ
1094 723 1268 778 ταῦτα
1299 726 1572 794 πρόφασις
1621 726 1845 792 γέγονεν

263 815 358 866 ἐπὶ
390 815 536 891 μέγα
569 815 667 883 τὴν
698 815 1000 886 θρησκείαν
1031 817 1326 871 ἐπιδιδόναι
1349 835 1364 850 ο
1393 821 1568 888 οἱγὰρ
1606 821 1842 888 βασιλεῖς

263 909 529 975 ἀσφαλῶς
574 908 744 978 ᾣοντο
759 910 836 978 τῷ
866 910 1016 979 σφῶν
1039 913 1206 979 πατρὶ
1229 913 1326 974 τὰς
1360 913 1498 966 κατὰ
1518 913 1624 966 τῶν
1644 914 1840 983 τυραν-

263 1019 372 1052 νων
404 1004 754 1070 ἐπιγενέσθαι
790 1004 971 1066 νίκας,
1003 1006 1106 1058 ὑπὸ
1140 1006 1421 1071 εὐσεϐείας
1465 1007 1665 1075 μᾶλλον
1691 1025 1705 1038 ·
1746 1007 1840 1060 καὶ

274 1093 553 1162 Ῥουφῖνον
585 1096 630 1148 δ’
655 1097 729 1159 ῶς
763 1098 1044 1152 ἐπίϐουλον
1072 1099 1172 1168 τῆς
1205 1100 1380 1170 ἀρχῆς
1411 1101 1537 1153 ἄνευ
1573 1101 1836 1170 ἐμφυλίου

263 1189 445 1254 μάχης
487 1189 729 1242 ἐκποδῶν
787 1191 1144 1260 καταστῆναι.
1201 1194 1297 1245 Διά
1347 1209 1426 1244 τοι
1459 1191 1618 1246 τοῦτο
1648 1195 1740 1245 καί
1772 1195 1839 1246 τὰ

260 1273 672 1341 προδεδογμένα
720 1279 828 1333 τοῖς
850 1280 981 1344 πρὶν
1009 1277 1378 1331 εὖσεὸἐσιτῶν
1410 1279 1679 1348 βασιλέων
1698 1281 1837 1348 ὑπὲρ

258 1363 371 1414 τῶν
417 1365 729 1433 ἐκκλησιῶν
781 1367 874 1418 καὶ
924 1368 1134 1429 τούτοις
1173 1370 1473 1438 ἐπιμᾶλλον
1501 1371 1833 1442 ἐκράτυναν,

257 1455 520 1521 ἀσφαλῶς
556 1473 614 1509 τε
662 1459 930 1530 ἐτήρουν·
984 1463 1074 1514 καὶ
1123 1462 1287 1532 ἕτερα
1327 1463 1550 1533 θεοφιλῆ
1584 1463 1835 1532 προσετί-

259 1547 417 1600 θεντο
443 1547 610 1620 ἔργα⁴
640 1552 870 1620 μάλιστα
889 1553 933 1606 δ’
961 1552 1223 1621 ἀσθὸνους
1254 1555 1718 1625 ἐπιχορηγοῦντες
1739 1558 1834 1619 τὰς

257 1639 490 1708 δωρεάς.
552 1643 627 1695 Τὸ
659 1642 704 1696 δ’
761 1643 867 1696 ὑπὸ
909 1649 1065 1716 χεῖρα
1098 1648 1324 1714 σύμπαν
1359 1647 1491 1716 πρὸς
1542 1647 1669 1710 τοὺς
1698 1665 1832 1716 κρα-

255 1735 491 1796 τοῦντας
525 1737 703 1806 ὀρῶν,
745 1737 871 1789 ὅσον
926 1740 1024 1806 μὲν
1068 1741 1126 1791 ἐν
1158 1740 1420 1808 Ἕλλησιν
1451 1739 1534 1808 ἦν,
1577 1741 1710 1807 πρὸς
1742 1741 1832 1793 τὸν

255 1825 688 1897 Χριστιανισμδν
725 1829 1038 1900 μετετίθετο
1064 1850 1077 1862 ο
1113 1833 1165 1884 ot
1205 1832 1249 1885 δ’
1285 1833 1550 1902 αίρετικοὶ
1573 1836 1708 1904 πρδς
1735 1835 1831 1902 τὴν

257 1919 843 1992 καθόλουἚκκλησίαν
866 1924 1272 1994 προσεχώρουν.
1301 1925 1370 1978 Οἵ
1417 1943 1478 1993 γε
1513 1927 1618 1997 μὴν
1637 1926 1834 1998 ’Ᾱρείῳ

258 2013 351 2062 καὶ
396 2012 645 2082 Εὑνομίῳ
694 2015 951 2083 ἑπόμενοι
989 2015 1076 2067 διὰ
1106 2015 1174 2069 τὰ
1207 2016 1445 2086 πρόσθεν
1474 2019 1737 2088 είρημένα
1778 2020 1836 2071 ἐν

257 2103 550 2170 διχοννιίαις
598 2100 778 2175 ἦσαν’
813 2107 905 2158 καὶ
949 2106 1035 2159 διὰ
1078 2107 1254 2161 ταῦτα
1288 2109 1539 2172 ἐλάττους
1574 2110 1832 2178 ἐγίνοντο.

255 2196 320 2245 Ui
340 2191 463 2260 ’γὰρ
508 2197 752 2250 πλεῖστοι
783 2197 856 2266 μὴ
891 2197 1064 2266 ὀρθῶς
1115 2199 1314 2261 αὐτοὺς
1341 2198 1588 2264 δοξάζειν
1619 2203 1745 2269 περὶ
1776 2200 1835 2253 τὸ

250 2287 408 2340 Θείον
444 2290 704 2357 οίόμενοι,
761 2291 840 2360 τῷ
886 2291 976 2344 διὰ
1034 2293 1215 2361 μάχης
1271 2293 1523 2362 ἀλλήλοις
1572 2295 1707 2347 ίέναι
1743 2296 1836 2346 καὶ⁴

251 2381 550 2444 ἐριστικῶς
600 2383 748 2450 μάλα
789 2383 953 2454 ἔχειν,
1001 2384 1137 2453 πρὸς
1179 2385 1304 2448 τοὺς
1340 2387 1533 2457 ἐπίσης
1562 2389 1672 2448 τοῖς
1704 2403 1839 2456 κρα-

249 2468 409 2522 τοῦσι
454 2471 790 2541 φρον’.ὖντας
839 2473 1005 2536 εὐθὺς
1034 2472 1396 2541 μετετίθεντο.
1439 2477 1502 2526 Οἱ
1539 2474 1595 2527 δὲ
1626 2476 1692 2526 τὰ
1720 2476 1839 2527 Μα-

252 2563 498 2616 κεδονίου
571 2565 897 2634 φρονοῦντες
959 2568 1017 2620 ἐν
1077 2568 1648 2620 Κωνσταντινουπόλει
1713 2568 1834 2618 κατ’

253 2660 437 2710 ἐκεῖνο
475 2659 672 2726 καιροῦ
721 2659 965 2722 ἀσθενῶς
999 2655 1181 2727 εἶχον,
1215 2659 1604 2728 βλαπτόμενοι,
1641 2661 1723 2714 ὅτι

252 2750 362 2801 ὑπὸ
385 2752 674 2821 ἐπισκόπῳ
707 2749 1154 2818 ἐτάττοντο.Ἀφ¹
1182 2745 1242 2804 οὗ
1275 2751 1385 2819 γὰρ
1416 2752 1508 2802 ἐπὶ
1541 2753 1834 2804 Κωνστιν-

247 2847 371 2895 τίου
400 2843 550 2912 παρὰ
590 2842 844 2909 Εὑδοξίου
886 2845 980 2896 καὶ
1026 2842 1134 2897 τῶν
1161 2844 1299 2913 ἀμφ’
1324 2845 1486 2897 αὑτὸν
1513 2845 1610 2907 τὰς
1637 2843 1837 2913 ἐκκλη-

251 2937 379 2995 σίας
404 2935 729 3005 ιὰφῄρηντο,
783 2935 888 2988 ὑπὸ
917 2936 1100 3004 μόνοις
1140 2936 1530 3006 πρεσϐυτέροις
1581 2938 1707 3006 ἄχρι
1740 2937 1837 3005 τῆς

249 3028 527 3096 ἐχομένης
557 3028 867 3095 διεγένοντο
894 3029 1196 3096 βασιλείας.
1225 3028 1474 3092 Εὐδοξίου
1497 3029 1551 3081 δὲ
1581 3031 1718 3098 μετᾶ
1743 3029 1838 3082 θά-

249 3137 438 3180 νατον,
464 3121 522 3182 ὃς
537 3120 634 3190 τῆς
655 3123 711 3173 ἐν
739 3123 1317 3175 Κωνσταντιννιυπόλει
1347 3123 1684 3193 Εὑνομιανῆς
1714 3141 1834 3175 συν-

1953 643 2061 696 tus,
2101 649 2278 704 neque
2313 635 2428 703 ipse
2478 635 2532 689 in
2565 635 2775 690 honore
2805 649 2893 700 eo,
2929 651 3090 705 quem
3121 647 3320 706 praeter
3353 641 3519 691 meri-

1951 738 2064 782 titm
2120 727 2380 795 gerebat,
2443 727 2739 797 acquievit.
2791 726 2926 782 Cum
2987 745 3230 798 namque
3279 733 3516 785 virilium

1947 820 2193 874 exs.:ctio
2223 835 2477 889 purpura:
2507 821 2554 873 ci
2587 835 2737 889 Spem
2773 820 3090 880 ademisset,
3131 824 3516 889 imperatorem

1947 928 2256 982 aggressus,
2302 923 2362 967 ut
2398 911 2689 982 patricium
2730 914 2806 979 (l)
2843 930 2901 967 se
2935 922 2992 968 et
3027 896 3313 968 consulem
3358 931 3514 969 crea-

1946 1018 2049 1064 ret.
2080 1007 2128 1058 ei
2165 1006 2460 1074 persuasit.
2493 1004 2842 1075 Quopropter
2870 1007 3164 1060 eunuchus
3190 1008 3383 1062 deinde
3417 1011 3516 1060 iiii-

1944 1098 2209 1165 peratoris
2247 1113 2401 1166 pater
2433 1099 2509 1167 (‘2)
2556 1099 2680 1159 fuit,
2715 1100 2806 1166 qui
2856 1098 3023 1152 etiam
3075 1099 3286 1151 vilioris
3333 1103 3508 1158 sortis

1947 1190 2116 1241 filium
2174 1205 2468 1257 procreare
2520 1206 2627 1242 non
2683 1189 2880 1254 potuit.
2947 1189 3052 1242 Sed
3112 1190 3179 1243 de
3241 1191 3512 1260 Eutropio

1944 1291 2130 1348 postea
2187 1280 2634 1333 memorabimus.
2692 1278 2817 1333 Ilzec
2864 1290 3045 1333 autem
3100 1280 3342 1334 historia:
3388 1281 3514 1336 huic

1943 1366 2301 1432 intexuinius,
2339 1367 2483 1434 quod
2543 1381 2648 1420 non
2698 1369 2891 1436 exigua
2941 1370 3160 1422 occasio
3197 1370 3421 1432 fuerint,
3455 1382 3514 1426 ut

1941 1461 2132 1529 religio
2175 1470 2364 1514 nostra
2405 1461 2636 1513 multum
2683 1472 2903 1528 caperet
2945 1463 3293 1516 incrementi.
3331 1464 3508 1532 Impe-

1939 1564 2154 1606 ratores
2186 1569 2419 1622 namque
2456 1561 2608 1606 certo
2650 1568 2972 1620 persuasum
3025 1554 3322 1620 habebant,
3365 1557 3507 1624 patri

1935 1639 2126 1697 eorum
2180 1660 2207 1696 a
2265 1659 2389 1696 vera
2437 1645 2636 1712 pietate
2690 1643 2952 1697 victorias
3001 1653 3192 1698 contra
3247 1654 3510 1715 tyrannos

1935 1737 2227 1790 obvenisse
2267 1751 2282 1788 :
2333 1735 2419 1790 cui
2464 1737 2628 1789 etiam
2679 1748 2959 1802 aeceptnin
3010 1738 3258 1790 furebant
3302 1737 3507 1799 Rufini.

1935 1827 2030 1894 qui
2081 1826 2316 1895 imperio
2349 1825 2639 1880 insidiatus
2670 1827 2868 1890 fuerat,
2923 1826 3131 1895 absque
3178 1829 3322 1882 civili
3368 1830 3510 1882 lii-llo

1938 1917 2165 1971 cmdem.
2207 1917 2444 1971 Proinde
2476 1933 2816 1986 quascunque
2852 1919 3174 1971 decessorcs
3202 1934 3394 1972 eorum
3431 1919 3507 1989 pii

1938 2012 2299 2080 imperatores
2337 2027 2437 2080 pro
2482 2011 2730 2065 ecclesiis
2765 2022 3090 2076 statuerant,
3141 2023 3195 2066 et
3241 2015 3340 2083 ipsi
3377 2032 3511 2069 con-

1938 2086 2223 2157 firmarunt
2257 2103 2356 2174 (3),
2401 2119 2572 2170 eaque
2623 2105 2854 2158 firmiter
2915 2115 3225 2171 servarunt,
3291 2107 3507 2178 aliaque

1938 2198 2165 2265 insuper
2195 2196 2308 2250 Deo
2338 2205 2489 2263 grata
2522 2196 2773 2266 adjecerc
2799 2213 2987 2266 opera,
3022 2215 3282 2266 perquam
3310 2200 3510 2254 libera—

1937 2285 2063 2339 liter
2097 2286 2150 2340 in
2186 2287 2377 2354 primis
2411 2288 2552 2340 dona
2589 2291 2672 2342 eis
2695 2290 3068 2342 conferentes.
3119 2289 3339 2344 Subditi
3379 2307 3508 2346 vero

1937 2393 2132 2433 omnes
2171 2379 2236 2432 ad
2287 2378 2566 2450 principes
2613 2395 2744 2436 suos
2790 2393 3120 2450 spectantes.
3168 2384 3260 2453 qui
3309 2383 3511 2440 Gra'ete

1939 2473 2322 2540 Superstitioni
2389 2472 2594 2526 addicti
2657 2484 2849 2539 erant,
2898 2475 2966 2528 ad
3024 2475 3509 2531 Christianismum

1941 2564 2281 2618 transierunt
2333 2582 2346 2617 :
2393 2565 2488 2633 qui
2542 2581 2673 2619 vero
2721 2568 2956 2620 haereses
3005 2567 3377 2632 sectabantur,
3440 2567 3508 2622 ad

1942 2640 2242 2710 Ecclesiam
2286 2654 2614 2710 catholicam
2653 2667 3030 2712 accesserunt.
3078 2657 3362 2727 Siquidem
3415 2661 3507 2728 qui

1939 2747 2054 2800 Arii
2086 2757 2140 2802 et
2169 2747 2419 2802 Ennomii
2448 2748 2696 2802 haeresim
2729 2749 3258 2818 complectebantur,
3287 2763 3512 2820 propter

1938 2856 2032 2894 eas
2080 2856 2216 2909 quas
2258 2843 2497 2896 diximus
2528 2858 2722 2896 causas
2757 2841 2901 2895 inter
2929 2859 2987 2897 se
3021 2843 3389 2910 dissidebant,
3418 2859 3512 2899 ea-

1939 2947 2045 3000 que
2097 2933 2270 3002 gratia
2323 2933 2735 2986 minuebantur.
2801 2932 3031 2987 Plurimi
3098 2951 3335 3004 namque
3398 2951 3508 2990 non

1939 3034 2087 3078 recte
2121 3039 2213 3078 eos
2239 3023 2307 3078 de
2343 3025 2454 3078 Deo
2478 3024 2706 3087 sentire,
2737 3040 2802 3078 ex
2831 3041 2898 3079 eo
2925 3013 3156 3094 opinati,
3187 3027 3330 3095 quod
3366 3028 3510 3082 inter

1939 3131 1997 3170 se
2034 3115 2386 3170 vehementer
2417 3117 2816 3171 contenderent
2842 3127 3007 3186 atque
3041 3127 3392 3189 pugnarent,
3426 3120 3509 3175 eis

248 3214 476 3278 αγωγῆς
510 3212 920 3279 περιειστήκει,
955 3212 1249 3272 Λουκιανός
1279 3230 1362 3275 τις
1393 3213 1828 3266 ἀντικαθίστατο.
1858 3223 1902 3284 ρ

1858 3223 1902 3284 C
1938 3222 1996 3261 5e
2027 3209 2210 3262 statim
2252 3217 2634 3276 aggregarunt,
2670 3209 2763 3278 qui
2815 3209 3060 3263 eamdem
3093 3224 3217 3263 cum
3264 3210 3507 3278 impera-

250 3304 387 3364 Παίς
432 3303 488 3354 δέ
538 3303 647 3372 ἄρα
696 3295 851 3365 οὗτος
900 3301 1138 3370 ἀδελφῆς
1171 3305 1435 3372 Εὑνομίου
1469 3305 1722 3371 ἐγένετο·
1769 3305 1831 3357 ὃν

251 3412 421 3462 φασιν
458 3397 538 3456 εἰς
568 3393 940 3464 φιλαργυρίαν
973 3397 1063 3447 καὶ
1095 3399 1158 3449 τὰ
1202 3396 1438 3465 συγγενῆ
1473 3395 1619 3466 πάθη
1661 3413 1826 3449 κατοο

248 3486 612 3554 λισθὴσαντα,
646 3487 1066 3556 ὑπερορώμενόν
1091 3504 1148 3541 τε
1179 3489 1266 3542 διὰ
1301 3488 1474 3541 ταῦτα
1504 3489 1658 3558 δίκην
1695 3490 1829 3542 διδό-

246 3598 358 3644 ναι,
383 3583 578 3632 ἐαυτὸν
595 3581 697 3650 τῆς
721 3582 886 3650 ἄλλης
915 3583 1264 3649 Εὑνομιανῶν
1288 3582 1576 3650 διαστῆσαι
1607 3582 1823 3650 μοίρας.

245 3671 570 3740 Συμμορίας
606 3671 659 3725 δὲ
695 3672 830 3735 ίδίας
853 3673 1155 3742 προστῆναι
1185 3672 1280 3725 καὶ⁵
1308 3672 1551 3740 ἀρχηγὸν
1573 3672 1828 3738 γενέσθαι

243 3764 348 3814 οὐκ
376 3763 638 3832 ἀγεννοῦς
670 3765 1070 3833 συντάγματος,
1091 3765 1311 3817 πάντων
1330 3764 1499 3832 ἄρδην
1532 3767 1646 3827 τοῖς
1667 3767 1826 3838 ἐπιρο

245 3855 434 3925 ρήτοις
487 3856 581 3908 καὶ
629 3855 897 3918 ποικίλοις
930 3855 1129 3907 πάθεσι
1181 3854 1654 3922 καθωπλισμένων
1690 3855 1826 3922 πρὸς

243 3948 411 3999 αὑτὸν
441 3947 869 4018 διερρυηκότων.
910 3946 1080 4014 Λόγος
1135 3946 1180 3999 δ’
1216 3947 1350 4016 ἔχει,
1389 3945 1693 4014 Εὑτροπίου
1734 3946 1825 3997 τοῦ

244 4037 615 4106 πραιποσίτου
681 4038 961 4103 σπουδαῖς,
1019 4039 1164 4090 ἅπαν
1225 4037 1324 4106 μὲν
1381 4035 1649 4103 Εὐνομίου
1700 4035 1829 4104 σύγ-

241 4149 504 4204 γραμμα,
529 4133 662 4197 πυρὶ
694 4130 1083 4201 παραδίδοσθαι
1105 4129 1342 4198 δημοσίᾳ
1369 4145 1382 4159 ·
1416 4129 1504 4181 τὸν
1539 4128 1582 4181 δ’
1614 4131 1825 4183 ἐκείνου

238 4226 443 4298 νεκρὸν
477 4225 612 4292 μηδέ
645 4225 822 4294 ταφῆς
867 4224 1023 4275 ἐᾶσαι
1066 4221 1388 4292 ἠξιωμένον,
1420 4221 1535 4273 ἀλλ’
1566 4223 1629 4274 ἐκ
1653 4223 1824 4274 Δακό·

241 4338 359 4390 ρων
390 4320 468 4379 είς
497 4317 688 4372 Τύανα
735 4316 1092 4387 μεταρρίψαι.
1121 4317 1183 4369 Οἱ
1216 4315 1258 4368 δ’
1285 4316 1392 4368 ἀπὸ
1429 4315 1679 4368 Ναυάτου
1705 4355 1720 4380 ,
1751 4314 1824 4378 ῶς

238 4429 306 4479 γε
350 4411 590 4481 εἴρηται,
618 4411 752 4470 τέως
787 4409 884 4476 μὲν
915 4409 1154 4478 ἠρέμουν
1193 4407 1315 4459 καθ’
1353 4406 1576 4469 ἐαυτούς
1601 4422 1615 4438 ⁸
1651 4408 1756 4460 κᾶν
1791 4411 1824 4478 ἡ

237 4501 338 4554 τοῦ
375 4501 565 4569 Πάσχα
622 4499 872 4568 ζήτησις,
918 4498 986 4568 ἢν
1015 4497 1314 4556 Σαὸϐάτιος
1338 4497 1681 4565 ἐνεωτέρισε,
1722 4513 1820 4564 με·

1935 3303 2147 3356 toribus
2180 3302 2511 3355 sententiam
2545 3301 2892 3354 obtinebant.
2927 3301 3090 3373 344
3127 3302 3504 3356 Illacedoniani

1932 3403 2112 3447 autem
2138 3409 2202 3447 eo
2234 3401 2478 3462 tempore
2501 3391 2978 3461 Constantinopoli
3015 3411 3204 3461 parum
3240 3395 3503 3463 valuere;

1931 3485 2133 3552 quibus
2171 3484 2302 3537 illud
2357 3485 2607 3547 nocebat,
2643 3484 2788 3554 quod
2827 3487 3145 3554 episcopum
3185 3501 3345 3538 suum
3394 3501 3502 3541 non

1933 3575 2215 3628 haberent.
2273 3574 2346 3627 Ex
2401 3590 2467 3630 eo
2514 3589 2748 3644 namque
2802 3567 3070 3642 tempore,
3106 3591 3215 3643 quo
3267 3576 3350 3628 eis
3399 3575 3502 3630 sub

1929 3669 2254 3722 Constantio
2285 3668 2354 3721 ab
2386 3667 2636 3721 Eudoxio
2668 3667 3140 3736 popularibusque
3175 3668 3296 3737 ejus
3322 3668 3502 3722 eccle-

1930 3762 2024 3812 siae
2076 3759 2346 3826 ademptae
2398 3757 2652 3820 fuerant,
2707 3757 2809 3811 sub
2868 3758 2999 3812 solis
3050 3758 3382 3828 presbyteris
3434 3760 3500 3814 ad

1929 3865 2172 3918 pra-scus
2212 3851 2291 3917 (ι)
2325 3863 2500 3919 usque
2548 3849 2840 3919 imperium
2893 3857 3196 3903 conventus
3245 3865 3374 3903 suos
3407 3850 3502 3904 ha-

1931 3945 2120 3999 liuere.
2158 3944 2284 3999 I’ost
2317 3946 2551 3999 Eudoxii
2589 3954 2770 3998 autem
2815 3955 3070 4009 mortem,
3099 3947 3192 4014 qui
3233 3946 3502 4000 Constan-

1929 4035 2157 4102 tinopoli
2215 4035 2572 4090 Eunomiana:
2619 4044 2781 4088 secta:
2832 4036 3164 4102 praefuerat,
3218 4037 3273 4090 in
3319 4036 3498 4090 locum

1927 4129 2044 4197 ejus
2076 4126 2353 4180 Luciauus
2377 4127 2597 4195 quidam
2636 4127 2815 4180 fuerat
2850 4129 3207 4197 subrogatus,
3244 4130 3497 4184 Eunomii

1927 4221 2135 4272 sororis
2173 4221 2336 4274 filius.
2388 4217 2541 4274 Iquc
2572 4221 2714 4289 quod
2752 4221 2803 4274 in
2838 4221 3127 4274 avaritiam
3173 4231 3228 4276 et
3269 4233 3498 4292 cognata

1928 4311 2000 4365 illi
2035 4311 2264 4365 erimina
2299 4312 2404 4365 alia
2435 4312 2693 4381 delapsus
2717 4322 2883 4377 esset,
2912 4329 3144 4382 eamque
3172 4313 3242 4369 ob
3275 4329 3496 4371 causam

1927 4419 2119 4473 pinnas
2168 4419 2225 4457 se
2275 4404 2530 4458 daturum
2573 4405 2970 4473 suspicaretur,
3010 4406 3077 4459 ab
3125 4404 3500 4460 Eunomiano-

1929 4509 2048 4545 rum
2085 4493 2322 4548 factione
2365 4496 2574 4563 reliqua
2607 4495 2904 4550 descivisse
2927 4536 2941 4556 ,
2971 4496 3356 4566 sodalitatique
3387 4512 3501 4551 suae

234 4589 410 4658 τρίως
442 4587 666 4648 τούτους
698 4587 1015 4654 ἐτάραττεν.
1050 4585 1123 4637 υύ
1157 4584 1262 4654 μὴν
1297 4587 1404 4647 τοῖς
1430 4584 1612 4648 ἄλλοις
1651 4585 1822 4637 ἐπιτι-
1857 4569 1900 4623 Ῑ)

1819 4569 1900 4623 νῙ)
1931 4586 2198 4656 pra'iisse,
2260 4596 2468 4639 etnon
2525 4587 2943 4642 contemnenda:
2998 4587 3246 4641 cohortis
3302 4590 3496 4642 ducem

240 4683 392 4752 μίοις
425 4681 517 4734 καὶ
549 4675 694 4735 οῦτοι
714 4679 887 4747 Ενοχοι
908 4675 1074 4749 ἦσαν,
1098 4677 1177 4746 τῷ
1209 4693 1266 4730 τε
1300 4676 1506 4746 Τριάδα
1540 4676 1822 4746 ὁμοούσιον

233 4771 442 4840 ἐπίσης
463 4773 528 4839 τῇ
563 4768 791 4821 καθόλου
830 4765 1127 4837 Ἐκκλησία
1153 4766 1465 4835 κηρύττειν,
1497 4767 1590 4819 καὶ
1623 4770 1686 4834 τῇ
1713 4767 1820 4819 τῶν

233 4862 568 4930 ἡγουμένων
631 4859 869 4927 μάλιστα
924 4858 1158 4925 ἀγωγῇσ
1216 4858 1352 4925 μετὰ
1409 4859 1519 4925 γὰρ
1577 4858 1821 4924 ’Δγέλιον

233 4953 563 5024 Μαρκιανός
593 4970 606 4984 ·
654 4953 750 5006 καὶ
788 4951 979 5004 τοῦτον
1012 4950 1068 5003 δὲ
1103 4950 1335 5012 Σισίνιος
1364 4951 1653 5016 διεδέξατο,
1685 4953 1822 5018 ὁπη-

234 5051 373 5102 νίκα
429 5048 711 5111 Ῥουφῖνος
769 5046 1032 5116 ἀνῄρητο.
1098 5043 1234 5114 Περὶ
1282 5039 1358 5097 ῶν
1426 5047 1519 5099 καὶ
1563 5045 1822 5113 ἀνωτέρω

234 5146 439 5213 μνείαν
500 5142 875 5212 ἐποιησάμην.
942 5141 1052 5194 Καὶ
1121 5139 1250 5209 περὶ
1312 5140 1410 5208 μὲν
1465 5138 1668 5192 τούτων
1731 5137 1820 5190 οῦ-

227 5252 372 5298 τως.

1928 4679 2132 4734 factuin
2186 4697 2306 4735 esse
2355 4683 2566 4746 dicunt,
2618 4683 2874 4735 omnibus
2921 4697 3145 4750 prorsus
3192 4684 3287 4752 qui
3334 4685 3509 4740 variis

1930 4771 2337 4841 iufamibusque
2365 4774 2581 4828 delictis
2612 4775 2797 4828 obruti
2828 4782 3034 4838 essent,
3063 4775 3128 4830 ad
3158 4777 3334 4845 ipsum
3366 4792 3507 4830 cons

1929 4862 2245 4918 fluentibus.
2335 4865 2496 4919 Fama
2567 4866 2819 4931 obtinet,
2895 4863 3140 4934 Eutropii
3219 4867 3502 4936 prapositi

1928 4969 2116 5024 Opera,
2162 4958 2364 5025 scripta
2407 4957 2662 5012 Eunomii
2709 4959 2894 5012 omnia
2950 4959 3168 5029 publice
3201 4969 3437 5012 cremata
3486 4974 3500 5013 :

1923 5048 2162 5102 cadaver
2201 5060 2385 5103 autem
2434 5051 2550 5120 ejus
2585 5051 2840 5118 sepulcro
2900 5059 3238 5112 extractum,
3277 5049 3503 5109 Dacoris

1931 5139 2172 5210 Tyanam
2229 5141 2531 5211 projectum
2588 5141 2930 5210 missumque
2981 5155 3126 5194 esse.
3182 5139 3505 5203 Novatiani,L

1930 5233 2394 5301 quemadmodum
2442 5227 2664 5287 dictum
2729 5241 2843 5297 est,
2910 5230 3082 5300 quieti
3147 5239 3261 5284 tum
3324 5229 3505 5298 fuere,

226 5329 483 5382 Tametsi
511 5329 657 5381 enim
683 5327 911 5398 quaestio
942 5326 1009 5381 de
1039 5326 1178 5381 festo
1239 5325 1483 5388 Pascha.
1551 5341 1715 5396 quam
1784 5324 2103 5387 Subbatitts,
2153 5342 2239 5380 res
2301 5342 2472 5380 novas
2519 5327 2763 5391 molitus,
2811 5327 3094 5388 excitarat,
3139 5323 3495 5391 aliquantum

228 5437 337 5477 cos
371 5422 649 5476 turbasset
681 5442 693 5475 :
740 5437 849 5475 non
881 5431 1063 5475 tamen
1101 5422 1178 5476 illi
1218 5421 1342 5476 aliis
1377 5421 1576 5490 pinnis,
1609 5435 1731 5489 quae
1799 5419 1852 5472 in
1899 5419 2188 5473 haereticos
2223 5419 2434 5489 legibus
2460 5419 2694 5474 decreta:
2729 5420 2966 5482 fuerant,
3034 5416 3257 5472 obnoxii
3293 5416 3488 5478 fuere:

309 5597 388 5659 (l)
409 5593 702 5654 Patricius,
727 5592 1074 5658 imperatoris
1109 5602 1283 5662 pater.
1313 5593 1447 5648 Inst.
1483 5591 1683 5658 Quibus
1714 5610 1824 5645 nio-

229 5670 317 5721 dis
345 5667 438 5734 jus
469 5673 609 5732 patr.
639 5673 750 5734 pot.
785 5665 864 5716 sol
911 5665 936 5731 ᾗ
967 5663 1396 5732 Filiusfamilias.

310 5741 390 5804 (ἐξ.)
416 5735 749 5789 Claudianus
781 5737 845 5787 de
887 5735 1150 5802 Eutaopio
1179 5738 1283 5790 i520
1312 5754 1325 5789 :

341 5855 484 5866 —---—
517 5826 833 5878 l’rwsidium
867 5827 1039 5894 legum
1060 5828 1363 5894 genitorque
1386 5837 1602 5879 vocatur

344 5897 633 5964 Ριιιιιτιὶς,
661 5907 707 5950 ct
745 5897 1000 5965 [amulum
1037 5899 1287 5966 dignatur
1314 5900 1454 5965 ιένὶα
1488 5909 1705 5950 uari-cm.

2005 5595 2081 5660 (ὅ)
2114 5593 2153 5645 Ι.
2182 5591 2238 5646 Si
2261 5594 2596 5647 venerabilis.
2628 5591 2688 5646 C.
2723 5590 2796 5646 De
2826 5591 2996 5659 episc.
3021 5597 3076 5643 et
3106 5589 3238 5642 cler.

2003 5658 2078 5731 t4)
2113 5663 2274 5732 Ἄχρι
2305 5665 2400 5730 τῆς
2436 5666 2704 5731 ἐχομένης
2743 5658 3046 5732 βασιλείας.
3081 5658 3496 5732 Intelligendum

1930 5729 2108 5786 autem
2160 5729 2235 5786 de
2284 5729 2514 5797 imperio
2579 5729 2878 5787 Theodosii
2934 5729 3188 5803 junioris.
3242 5731 3495 5798 (Sozoni.

1927 5809 2018 5859 IID.
2051 5821 2160 5869 \lll,
2197 5823 2315 5873 cap.
2357 5806 2422 5872 l.)
