4248 6446
210 434 318 494 9‘29

1141 432 1744 495 ECCLESIASTICE
1786 431 2174 493 illSl‘OitlE
2221 434 2370 495 LIB.
2419 432 2588 493 XIII-

3365 425 3479 492 930

210 547 531 614 διαθεούσης
556 548 750 617 αὐτὴν,
781 547 855 609 ὡς
889 548 979 599 καὶ
1004 548 1093 600 τὸν
1139 546 1491 619 ἀκροώμενον
1518 546 1799 616 τυραννεῖν
1831 553 1871 601 Α

1793 563 1799 589 ι
1831 553 1871 601 Α
1905 543 2060 598 valde
2089 554 2143 598 et
2172 546 2412 600 dilucida
2447 544 2757 601 elocutione
2788 559 2922 602 usus
2948 554 3035 601 est
3071 564 3083 600 :
3119 546 3172 601 in
3200 561 3308 616 qua
3346 560 3470 601 cum

211 638 275 705 τῇ
307 636 504 707 ὲνούσῃ
532 636 1012 706 κατακηλούμενον
1030 637 1242 706 χάριτι.
1280 636 1469 706 Ὀγιιῳ
1517 635 1573 689 δ’
1603 637 1800 705 ἀφανεῖ

212 729 307 780 καὶ
348 728 571 798 ἀοράτῳ
603 728 892 799 δεινότητι,
928 726 1078 793 ξένον
1102 746 1153 781 τι
1188 730 1364 799 μίγμα
1398 729 1667 799 φράσεως¹
1693 727 1798 781 ὑπὸ

212 820 413 889 μετρία
434 822 500 890 τῇ
528 819 670 885 λέξει
699 820 989 890 κεράννυσι
1021 836 1035 852 ·
1073 820 1253 874 πυκνὰ
1289 819 1470 890 βρύων
1487 820 1548 873 τὸ
1573 819 1753 891 νόημα
1777 832 1794 850 ⁸

208 905 275 966 ὠ,
315 907 628 973 ἐξίστασθαι
661 907 870 972 πάντας
894 911 961 979 τῇ
1006 909 1267 981 ἁρμονίᾳ,
1296 909 1390 965 καί
1438 927 1561 963 τινα
1592 911 1797 980 τρόπον

211 998 521 1067 κατάληψιν
552 999 939 1070 ἀκατάληπτον
998 1004 1113 1064 τοῖς
1171 1002 1384 1057 ἐκείνου
1412 1002 1591 1070 λόγοις
1626 1018 1795 1073 περι-

215 1092 727 1162 νοεῖν.⁹Ρητορικῆς
750 1090 797 1146 δ’
832 1092 981 1162 αὐτῷ
1013 1092 1331 1157 διδάσκαλος
1363 1095 1617 1157 Λιδάνιος
1639 1096 1801 1164 ἐχρη·

214 1182 415 1248 μάτισε
453 1198 470 1214 ο
502 1181 612 1234 τῶν
650 1182 707 1235 δὲ
732 1182 1035 1253 φιλοσόφων
1098 1184 1439 1255 μαθημάτων
1505 1184 1798 1255 Ἀνδραγά-

213 1270 330 1333 θιος
363 1270 737 1340 καθηγήσατο.
777 1274 913 1342 Περὶ
936 1274 992 1329 δὲ
1019 1274 1079 1326 τὸ
1105 1273 1259 1337 δίκας
1296 1273 1580 1344 ἀγορεύειν
1638 1274 1797 1341 δόξας

210 1360 358 1415 εἶναί
396 1380 479 1425 τις
525 1362 722 1431 δεξιὸς,
775 1367 868 1419 τὸν
917 1352 1155 1421 τοιοῦτον
1208 1366 1324 1436 βίον
1372 1366 1792 1438 μετεχειρίζετο.

214 1451 437 1506 Ἀδικον
458 1453 504 1508 δ’
524 1457 734 1508 ἐκείνον
752 1454 845 1507 τὸν
865 1454 980 1525 βίον
995 1456 1089 1508 καὶ
1114 1458 1387 1528 μοχθηρὸν
1418 1457 1793 1528 ἡγησάμενος,

208 1544 355 1611 ἔγνω
384 1546 503 1598 δέον
523 1547 620 1609 τὰς
642 1546 797 1617 ίερὰς
826 1546 1092 1623 πρότερον
1116 1546 1335 1618 βίϐλους
1357 1550 1601 1619 άκριδῶς
1625 1552 1795 1621 ἀσκῆ-

211 1654 329 1702 σαι,
354 1638 445 1691 τὸν
466 1637 691 1707 ἡσύχιόν
723 1655 781 1691 τε
831 1638 966 1708 βίον,
1017 1642 1112 1693 καὶ
1161 1640 1458 1710 φιλοσόφως
1509 1641 1607 1713 ζῇν
1654 1644 1796 1697 κατὰ

210 1730 303 1782 τὸν
332 1730 430 1797 τῆς
472 1728 796 1799 Ἐκκλησίας
825 1732 1047 1799 θεσμὸν,
1082 1732 1330 1802 ζηλώσας
1356 1735 1645 1806 Εὑάγριον.
1685 1739 1795 1791 Καὶ

208 1819 569 1884 διδασκάλους
610 1824 713 1874 κάν
779 1821 987 1885 τούτοις
1038 1823 1219 1894 ἔσχεν,
1268 1826 1317 1879 οἳ
1377 1826 1485 1879 τῶν
1534 1830 1789 1898 τηνικάδε

209 1913 564 1982 άσκητηρίων
598 1915 884 1983 ἐπισήμων
910 1891 1248 1985 προεστῶτες
1281 1913 1452 1989 ἦσαν·
1488 1891 1790 1990 Καρτέριόν
1823 1891 1863 1947 Β

207 2020 270 2055 τε
302 2004 400 2057 καὶ
426 2005 691 2077 Διόδωρον
725 2008 955 2071 ἐκεῖνον,
979 2008 1037 2061 ὃν
1062 2008 1486 2079 καθηγήσασθαι
1506 2011 1605 2080 τῆς
1640 2011 1787 2082 Ταρ-

211 2096 325 2148 σῶν
348 2096 641 2167 ἐκκλησίας
683 2098 990 2165 φθάσαντες
1030 2092 1400 2170 ἐδηλώσαμεν.
1452 2101 1561 2154 Καὶ
1593 2104 1794 2168 πολλὰς

214 2191 545 2261 συγγραφὰς
580 2191 729 2246 ίδίων
759 2193 961 2263 βίϐλων
988 2193 1144 2263 λόγος
1178 2196 1292 2265 ἔχει
1320 2196 1667 2260 καταλιπεῖν,
1692 2215 1793 2252 πε·-

213 2287 273 2353 ρὶ
325 2286 385 2337 τὸ
426 2286 594 2356 ῥητὸν
651 2288 814 2356 μόνον
856 2287 1166 2356 γινόμενον,
1218 2287 1538 2341 ἐκκλίνοντα
1594 2290 1654 2342 τὸ
1694 2290 1796 2358 τῆς

210 2377 435 2447 γραφῆς
460 2380 809 2447 ἀναγωγικόν
840 2396 899 2432 τε
928 2382 1020 2435 καὶ
1081 2378 1415 2450 θεωρητικόν
1440 2396 1456 2412 ·
1495 2380 1522 2433 6
1560 2382 1653 2434 καὶ
1700 2382 1793 2433 τὸν

213 2472 477 2540 φοιτητὴν
503 2473 871 2543 διαφερόντως
903 2474 1270 2543 μιμήσασθαι.
1314 2472 1535 2543 Ἐφοετα
1559 2474 1615 2525 δέ
1643 2490 1711 2527 πα
1726 2474 1795 2542 ρὰ

212 2566 429 2625 τούτοις
462 2565 715 2630 Ἰωάννης
749 2568 809 2620 οὐ
836 2568 1018 2636 μόνος,
1052 2568 1188 2619 ἀλλὰ
1215 2567 1446 2629 πολλοὺς
1472 2570 1567 2621 καὶ
1598 2568 1794 2629 ἄλλους

212 2658 469 2729 ἑταίρους
490 2658 639 2728 αὺτῷ
671 2660 1022 2721 καθεστῶτας
1073 2660 1137 2711 ἐκ
1192 2659 1292 2727 τῆς
1340 2660 1493 2729 παρὰ
1551 2660 1790 2729 Λιϐανίῳ

216 2750 507 2820 διατριϐῆς
539 2752 699 2820 ἔχων,
730 2750 1008 2819 Θεόδωρόν
1035 2767 1094 2802 τε
1142 2751 1233 2802 καὶ
1288 2752 1543 2819 Μάξιμον
1574 2767 1589 2784 ·
1625 2744 1701 2802 ὧν
1764 2755 1793 2804 6

219 2842 322 2910 μὲν
353 2841 580 2912 ὕστερον
608 2842 707 2911 τὴν
753 2841 1018 2909 Ἰσαύρων
1071 2840 1353 2909 ποιμαίνει
1401 2841 1742 2905 Σελεύκειαν,
1766 2845 1794 2895 6

216 2934 277 2986 δὲ
310 2934 592 3002 Θεόδωρος
626 2934 726 3000 τῆς
756 2933 897 2985 κατὰ
927 2932 1154 2994 Κίλικας
1180 2931 1554 3001 Μοψουεστίας
1585 2936 1795 3003 ἡγησα-

215 3042 303 3079 το.
337 3024 446 3079 Ἤν
480 3026 535 3079 δὲ
563 3027 591 3077 6
625 3026 765 3095 ἀνὴρ
789 3024 899 3077 τῶν
918 3042 976 3076 τε
1007 3024 1165 3077 θείων
1188 3024 1387 3093 βίϐλων
1408 3027 1500 3078 καὶ
1527 3026 1636 3089 τῶν
1663 3028 1793 3096 παρ’

216 3119 453 3188 Ἕλλησι
487 3118 852 3186 μαθημάτων,
884 3118 1178 3187 ῥητορείας
1219 3134 1277 3169 τε
1316 3121 1408 3170 καὶ
1453 3119 1790 3187 φιλοσοφίας,

1899 635 2213 691 incredibili
2240 637 2535 707 Splendore
2562 636 2747 692 divina
2777 638 3024 708 quadam
3049 638 3250 694 enituit
3275 638 3473 709 gratia,

1898 728 1973 783 ita
2016 738 2075 784 ut
2110 744 2174 785 ea
2218 730 2371 800 quasi
2412 730 2578 785 insita
2612 730 2848 799 quadam
2882 730 3170 803 tyrannide
3211 737 3268 785 et
3297 729 3475 785 domi—

1897 821 2122 875 natione
2150 821 2373 877 auditor
2400 820 2845 877 demulceretur.
2875 820 3133 877 Mediocri
3169 830 3353 877 autem
3386 820 3475 875 di-

1898 914 2058 969 cendi
2093 916 2319 986 generi,
2354 930 2608 970 arcanam
2642 914 3061 985 amplitudinem
3085 952 3098 976 .
3128 922 3184 968 et
3218 929 3339 983 qua:
3367 912 3473 967 sub

1897 1007 2087 1063 oeulos
2116 1022 2224 1061 non
2269 990 2670 1074 caderet,.vim
2702 1006 2975 1072 inseruit,
3008 1017 3321 1075 novamque
3354 1006 3473 1061 elo-

1897 1101 2143 1156 cutionis
2204 1100 2490 1155 misturam
2558 1099 3031 1171 contemperavit,
3088 1097 3473 1167 frequentibus

1896 1201 2118 1246 scatens
2147 1191 2441 1246 sententiis
2472 1208 2487 1245 :
2532 1192 2670 1245 adeo
2706 1200 2767 1245 ut
2795 1206 2987 1245 omnes
3025 1189 3091 1245 ad
3126 1188 3471 1244 harmoniam

1898 1286 2442 1354 convenientemque
2475 1282 2747 1355 ejusmodi
2786 1292 3114 1337 concentum
3149 1290 3472 1336 consterna-

1898 1390 2129 1442 rentur,
2184 1385 2240 1432 et
2287 1373 2907 1445 incomprehensibilem
2962 1371 3461 1442 deprehensionent

1895 1488 2020 1526 cum
2052 1485 2315 1527 sensuum
2352 1469 2664 1539 privatione
2702 1467 2941 1522 orationi
2974 1466 3094 1537 ejus
3140 1464 3469 1520 tribuerent.

1894 1566 1954 1620 lu
2009 1564 2283 1619 rhetorica
2323 1574 2377 1618 et
2426 1561 2645 1617 dicendi
2695 1572 2810 1615 arte
2857 1569 3247 1631 praeceptorem
3282 1554 3475 1611 habuit

1896 1658 2185 1711 Libanium
2228 1674 2241 1710 :
2291 1656 2343 1709 in
2388 1654 2782 1725 philosophicis
2834 1667 2965 1706 vero
3010 1649 3318 1720 disciplinis
3363 1648 3476 1703 An-

1895 1748 2271 1817 dragathium.
2308 1747 2373 1802 Et
2416 1747 2561 1815 quod
2599 1747 2663 1799 ad
2699 1744 2963 1799 dicendas
3008 1745 3061 1798 itt
3108 1744 3229 1798 foro
3276 1758 3473 1798 causas

1894 1842 2181 1911 appositus
2230 1854 2351 1893 esse
2404 1839 2706 1899 videretur,
2754 1837 2877 1890 vita:
2928 1835 2983 1890 id
3033 1850 3204 1905 genus
3232 1844 3473 1890 sectatus

1897 1942 2001 1987 est.
2054 1932 2119 1985 At
2171 1932 2317 1985 enim
2371 1945 2494 1983 cum
2548 1928 2601 1983 id
2644 1928 2894 1997 iniquum
2942 1936 3107 1997 atque
3160 1926 3470 1996 improbum

1897 2040 2020 2079 esse
2056 2032 2294 2094 putaret.
2338 2022 2647 2076 faciendum
2689 2020 2793 2074 sibi
2828 2035 2949 2074 esse
2984 2020 3215 2084 statuit,
3252 2028 3312 2073 ut
3360 2018 3472 2088 pri-

1898 2134 2047 2170 mum
2091 2112 2475 2185 diligenterjin
2516 2111 2692 2166 sacris
2730 2118 3048 2165 versaretur
3077 2108 3275 2163 libris:
3311 2118 3369 2163 et
3410 2106 3466 2162 in

1898 2210 2007 2263 vita
2078 2207 2414 2277 tranquilla,
2475 2206 2628 2273 juxta
2689 2193 2957 2259 Ecclesia:
3020 2200 3466 2264 constitutiones,

1897 2297 2278 2367 pliilosOpltice
2328 2296 2565 2357 viveret,
2618 2293 2912 2363 Evagrium
2963 2293 3227 2346 imitatus.
3268 2291 3325 2345 ln
3360 2306 3472 2359 quo

1896 2390 2080 2443 studio
2110 2396 2481 2458 praeceptores
2515 2401 2610 2441 eos
2646 2386 2859 2451 habuit,
2901 2384 2995 2453 qui
3046 2393 3159 2437 tum
3193 2383 3471 2452 praeclaris

1898 2480 2248 2533 monasteriis
2296 2477 2636 2547 praefuerunt
2658 2515 2671 2537 ,
2705 2474 3013 2529 Carterium
3041 2514 3055 2538 ,
3088 2481 3144 2527 et
3171 2472 3473 2527 Diodorum

1897 2572 2073 2635 illum,
2102 2586 2263 2639 quem
2285 2569 2574 2623 ecclesiam
2601 2567 2927 2621 Tarsensem
2955 2567 3291 2635 gubernasse
3311 2573 3469 2616 antea

1894 2665 2155 2719 diximus.
2214 2661 2522 2729 Reliquisse
2572 2660 2737 2713 etiam
2792 2660 2839 2712 is
2885 2658 3086 2711 multos
3134 2656 3465 2725 scriptorum

1894 2771 2121 2812 suorum
2156 2755 2329 2808 libros
2362 2753 2589 2814 dicitur,
2622 2752 2676 2803 in
2709 2750 2913 2820 quibus
2945 2759 3152 2808 tantum
3186 2749 3238 2802 in
3268 2748 3469 2801 littera:

1896 2847 2069 2916 ipsius
2127 2843 2471 2913 expositione
2531 2848 2835 2909 occupatus
2891 2848 3011 2903 est,
3067 2837 3463 2892 ahstrusiorem

1895 2937 2384 3004 sublimioremque
2420 2933 2721 3002 Scriptura:
2759 2946 2982 2986 sensum
3027 2941 3083 2987 et
3129 2934 3467 3001 contempla-

1895 3033 2107 3086 tionum
2157 3027 2565 3097 speculationes
2611 3026 2921 3081 declinans.
2972 3025 3084 3091 Qua
3133 3025 3187 3079 in
3231 3039 3291 3077 re
3336 3039 3464 3079 eum

1896 3126 2065 3180 etiam
2103 3125 2377 3192 prtscipue
2407 3129 2492 3175 est
2527 3119 2833 3189 discipulus
2872 3117 3139 3172 imitatus.
3173 3117 3290 3171 Non
3319 3117 3467 3171 solus

216 3212 421 3274 ίκανῶς
447 3212 711 3281 ἔμπειρος
735 3226 750 3241 ·
806 3210 942 3279 πρὸς
981 3212 1039 3264 ὃν
1078 3211 1377 3264 ἐκπεσόντα
1406 3213 1437 3263 6
1470 3211 1614 3273 θεῖος
1646 3209 1793 3281 Χρυ-
1820 3222 1862 3277 c

1788 3222 1862 3277 ac
1896 3228 2081 3271 autem
2139 3216 2429 3283 magistros
2481 3212 2580 3266 hos
2626 3211 2864 3265 Joannes
2916 3218 3157 3263 sectatus
3203 3217 3321 3273 cst,
3369 3212 3465 3267 scd

220 3307 519 3373 τόστομες,
550 3304 613 3355 οὐ
637 3303 790 3372 μίαν,
822 3303 959 3355 ἀλλὰ
993 3307 1088 3356 καὶ
1140 3302 1398 3371 δευτέραν
1435 3303 1642 3371 πέμπει
1678 3305 1797 3355 ἐπι-

218 3393 443 3461 ιδιοὶοήν.
479 3391 587 3444 Καὶ
616 3390 725 3460 γὰρ
757 3390 918 3459 ἡνίκα
953 3393 1065 3453 τοῖς
1097 3391 1218 3441 καθ’
1267 3391 1414 3459 ἡμᾶς
1453 3391 1641 3458 νόμοις
1686 3392 1797 3443 ἐνέ-

218 3502 380 3554 τυχε,
444 3484 538 3536 καὶ
591 3486 701 3543 τοῖς
761 3482 941 3543 θείοις.
994 3483 1250 3550 ἀνδράσιν
1305 3481 1571 3551 ὡμίλησε,
1619 3482 1798 3535 πάντα

220 3580 453 3646 ᾰέμενος
480 3577 538 3628 ἐν
596 3575 855 3644 δευτέρῳ,
889 3574 982 3627 καὶ
1030 3575 1120 3626 τὸν
1152 3575 1371 3627 ἀστικὸν
1402 3575 1799 3643 παρωσάμενος

222 3671 477 3741 θόρυϐον,
514 3670 614 3738 την
646 3666 1172 3735 πολιτείανὲκείνην
1203 3667 1416 3738 ἐπῄνει,
1450 3670 1655 3722 καὶτὸν
1682 3669 1798 3736 βίον

224 3767 367 3835 πρὸς
403 3764 748 3833 τὴνέκείνων
778 3761 1003 3830 ἀγωγὴν
1060 3762 1519 3833 μετερρύθμιζεν.
1573 3765 1647 3815 Οὐ
1691 3766 1797 3833 μήν

220 3873 287 3924 γε
355 3854 684 3922 διαρκέσας,
748 3849 918 3914 οὕτως
990 3849 1145 3921 ὤφθη
1209 3851 1552 3927 προθυμίας
1606 3857 1796 3923 εχωνο

224 3946 536 4016 μετάμελος
583 3945 625 3996 δ’
677 3938 792 3996 οἷον
836 3944 1157 4013 γενόμενος,
1206 3944 1342 4013 πρὸς
1398 3948 1488 3997 τὸν
1534 3948 1799 4016 πρότερον

220 4040 560 4107 κατεσὺρετο
591 4038 727 4107 βίον.
790 4038 1079 4098 Ἐναντίως
1117 4038 1173 4089 δὲ
1227 4037 1497 4100 διατεθεὶς
1555 4042 1689 4107 πρὶς
1738 4040 1805 4091 τὸ

221 4132 687 4199 σπουδαζόμενον,
715 4130 776 4182 τὸ
799 4130 1115 4199 φιλοσοφεῖν
1136 4128 1278 4180 οὕτω
1298 4129 1635 4193 καταλιπὼν,
1662 4132 1797 4200 πρδς

217 4224 321 4293 τὴν
340 4223 497 4274 πόλιν
529 4220 831 4289 ἐπανῆλθεν
848 4216 1037 4284 αὖθις,
1065 4219 1286 4287 ἄμεινον
1318 4219 1675 4289 λογισάμενος
1707 4239 1800 4275 τυ-

220 4319 339 4385 χεῖν
359 4316 456 4382 τῆς
490 4314 753 4380 ἐφέσεως.
778 4313 844 4364 Ὅ
883 4311 1069 4381 μαθὼν
1100 4312 1448 4379 Ἰωάννης,ὲν
1480 4315 1793 4381 πράγμασιν

218 4402 704 4471 σύτὸνὸλισθῆσαι.
726 4401 818 4453 καὶ
838 4400 965 4469 περὶ
984 4402 1194 4469 γάμους
1217 4402 1486 4466 σπεύδειν,
1512 4404 1798 4472 ἐπιστολὴν

216 4498 447 4557 δι-θείς,
482 4494 681 4563 φράσει
704 4496 798 4546 καὶ
835 4491 1070 4561 νοήμασι
1099 4493 1404 4561 κρείττοσιν
1438 4493 1470 4564 ἢ
1498 4496 1638 4547 κατὰ
1675 4497 1796 4547 νοῦν

1902 3309 2085 3378 plures
2129 3306 2297 3359 etiam
2348 3304 2485 3356 alios
2536 3302 2845 3357 studiorum
2896 3300 3079 3355 sccios
3130 3315 3195 3353 ex
3252 3298 3463 3353 Libanii

1899 3399 2086 3454 schola
2118 3397 2183 3451 ad
2221 3410 2317 3449 eos
2352 3394 2614 3456 adduxit;
2666 3394 2717 3447 in
2752 3393 2944 3461 primis
2983 3402 3165 3446 autem
3210 3392 3467 3447 Theodo-

1903 3503 2058 3550 rum,
2112 3498 2169 3538 et
2224 3485 2549 3548 Maximum;
2602 3498 2838 3552 quorum
2893 3473 3013 3536 iste‘
3046 3495 3231 3551 postea
3281 3494 3465 3552 pastor

1901 3578 2167 3632 Seleucizc
2202 3576 2536 3637 Isaurorum,
2576 3575 2665 3628 ille
2698 3590 2829 3628 vero
2860 3573 3202 3643 Mopsuestia
3234 3576 3459 3630 Cilicum

1900 3676 2191 3740 cpiscopus
2217 3670 2392 3723 factus
2420 3676 2525 3723 est.
2558 3667 2719 3738 347
2758 3666 3084 3722 Theodorus
3122 3680 3302 3723 autem
3335 3669 3460 3729 iste,

1902 3765 1986 3820 vir
2014 3765 2116 3819 luit
2166 3764 2476 3817 divinarum
2511 3762 2816 3817 litterarum
2848 3763 3268 3832 Graecarumque.
3296 3762 3465 3816 disci-

1902 3860 2195 3930 plinarum,
2223 3872 2438 3913 necnon
2469 3858 2602 3911 artis
2627 3855 2880 3910 oratoria:
2910 3864 3075 3927 atque
3108 3856 3465 3926 philosophia:

1898 3950 2115 4020 egregie
2146 3951 2377 4019 peritus.
2415 3949 2494 4003 Ad
2524 3964 2711 4018 quem,
2740 3961 2866 4002 cum
2900 3963 2929 4001 a
2961 3948 3160 4001 studiis
3200 3948 3465 4017 religiosa:

1901 4042 2025 4093 vitae
2057 4039 2418 4104 descivisset,
2459 4038 2621 4092 divus
2651 4036 3079 4107 Cltrysostomus
3110 4051 3273 4089 unam
3302 4045 3465 4105 atque

1900 4132 2125 4185 alteram
2174 4130 2328 4184 dedit
2376 4129 2688 4199 epistolam.
2740 4126 2878 4181 Cum
2929 4142 3165 4196 namque
3220 4128 3267 4181 is
3316 4128 3463 4197 leges

1898 4225 2217 4292 litterasque
2271 4231 2489 4276 nostras
2540 4222 2781 4292 legisset,
2830 4228 2885 4274 et
2938 4234 2995 4274 se
3039 4220 3093 4274 in
3146 4219 3459 4273 divinorum

1906 4317 2145 4370 virorum
2177 4315 2594 4368 familiaritatem
2625 4314 2981 4376 insinuasset,
3012 4312 3271 4367 omnibus
3300 4315 3462 4367 rebus

1900 4408 2248 4479 posthabitis,
2280 4416 2335 4461 et
2366 4407 2587 4460 urbana:
2617 4409 2742 4459 vitae
2772 4406 3013 4460 tumultu
3043 4407 3270 4475 reiecto,
3301 4407 3459 4463 insti-

1902 4509 2077 4553 tutum
2108 4497 2161 4551 id
2192 4497 2455 4559 laudavit,
2486 4505 2539 4550 et
2565 4498 2728 4548 vitam
2759 4509 2911 4549 suam
2938 4495 3248 4554 ad,illorum
3283 4512 3460 4551 mores

217 4588 511 4657 ἀνθρώπου
546 4585 1035 4652 διεσκευασμένην,
1090 4584 1226 4655 πρὸς
1274 4587 1433 4637 αὑτὸν
1489 4587 1792 4655 ἐκπέμπει.
1827 4591 1869 4645 D

1780 4628 1792 4640 .
1827 4591 1869 4645 D
1899 4593 2227 4661 composuit.
2273 4592 2540 4645 Caeterum
2590 4589 2929 4642 alacritatem
2977 4604 3096 4643 eam
3145 4604 3457 4647 consulum

221 4685 457 4736 Ἔπειτα
488 4681 583 4732 καὶ⁵
603 4678 769 4746 άλλην
791 4680 1149 4748 συνέγραφεν.
1174 4672 1269 4740 Af;
1306 4678 1546 4747 ἐντυχὼν
1568 4682 1790 4742 ἐκεῖνος,

214 4776 321 4845 τῆς
358 4773 633 4844 προτέρας
667 4771 883 4839 ἐγένετο
923 4770 1148 4839 ἀγωγῆς
1182 4786 1195 4800 ⁸
1222 4774 1323 4839 τήν
1363 4788 1421 4823 τε
1472 4774 1580 4841 γάρ
1609 4773 1794 4825 οὐσίαν

216 4867 404 4933 ἀφεὶς,
438 4862 533 4914 καὶ
560 4862 679 4922 ταῖς
706 4861 833 4927 περὶ
890 4860 1070 4927 γάμον
1111 4860 1388 4929 ἀσχολίαις
1449 4861 1795 4930 ἀποταξάμε-

217 4972 332 5017 νος.
366 4950 501 5024 πρδς
540 4952 631 5005 τὸν
678 4952 966 5018 φιλίσοφον
1010 4952 1335 5021 ἐπανέτρεχε
1369 4952 1503 5021 βίον,
1543 4956 1661 5014 ταῖς
1692 4970 1791 5005 κα-

216 5050 341 5107 λαίς
372 5045 727 5113 εἰσηγήσεσιν
774 5043 1022 5095 Ἰωάννου
1075 5040 1498 5111 διασωζόμενος.
1533 5043 1794 5109 Συνάγειν

216 5140 314 5193 οὖν
339 5139 484 5200 δέον,
520 5139 617 5204 ὅση
643 5152 724 5197 τις
774 5133 996 5203 ἐπήνθει
1059 5133 1320 5203 δεινότης,
1372 5135 1471 5206 ὅση
1528 5152 1589 5189 τε
1635 5136 1793 5207 χάρις

217 5232 334 5291 τοῖς
373 5228 625 5279 Ἰωάννου
662 5224 966 5293 ἐπεκάθητο
991 5226 1190 5294 χείλεσι
1209 5241 1224 5255 ο
1256 5224 1429 5294 ταύτῃ
1458 5226 1567 5294 γὰρ
1596 5227 1791 5293 μᾶλλον

219 5320 474 5389 ἐκράτει,
506 5322 597 5370 καὶ
638 5320 741 5369 τπίν
774 5317 972 5385 ἐπίσης
1025 5316 1173 5386 αὐτῷ
1213 5320 1421 5370 πείθειν
1458 5334 1515 5370 τε
1552 5320 1668 5388 ἅμα
1704 5320 1795 5372 καὶ

217 5415 406 5479 λέγειν
462 5412 598 5479 πρὸς
660 5409 842 5476 ίσχύος
896 5408 1153 5479 ἐχόντων.
1210 5408 1514 5461 Κάντεῦθεν
1578 5399 1669 5463 καὶ
1726 5412 1793 5464 τὰ

219 5505 402 5575 πληῢη
436 5504 637 5572 μᾶλλον
683 5502 818 5568 πρὸς
858 5501 1050 5551 ἐαυτὸν
1101 5501 1379 5553 ἐπεσπᾶτο
1414 5516 1425 5528 ·
1476 5503 1569 5552 καὶ
1625 5502 1684 5553 τὸ
1731 5502 1794 5569 δὴ

219 5599 271 5649 π’
297 5596 408 5659 έον,
442 5593 521 5647 ὅτι
556 5594 650 5646 καὶ
671 5596 793 5654 τοὺς
840 5592 1253 5660 ἁμαρτάνοντας
1284 5590 1573 5660 διελέγχων
1599 5587 1668 5663 ἦν
1707 5592 1792 5645 ἐπ’

218 5686 520 5755 ἐκκλησίας
546 5700 561 5716 ’
594 5686 704 5745 τοῖς
726 5700 782 5735 τε
823 5681 1099 5736 ἀδικοῦσιν
1140 5682 1413 5746 ἐπέκειτο,
1470 5684 1792 5749 ἀγανακτῶν

218 5782 296 5842 ὡς
325 5780 377 5832 εί
409 5794 516 5845 περ
551 5778 710 5838 αὐτὸς
759 5777 1088 5846 ἠδικημένος
1140 5776 1433 5842 ἐτύγχανεν
1471 5792 1483 5805 ’
1531 5776 1558 5828 ὃ
1585 5776 1648 5845 δὴ
1701 5777 1792 5829 καὶ

219 5872 299 5943 τῷ
322 5872 423 5942 μὲν
455 5870 646 5943 πλήθει
688 5870 877 5940 χάριεν
908 5864 996 5940 ἦν,
1024 5870 1131 5930 τοῖς
1166 5883 1225 5935 γε
1281 5868 1387 5939 μὴν
1418 5869 1642 5939 ἄρχουσι
1698 5872 1791 5924 καὶ

1897 4702 2007 4739 non
2054 4685 2323 4738 retinuit:
2385 4682 2480 4737 sed
2534 4682 2700 4734 veluti
2750 4682 3070 4751 pmnitentia
3120 4683 3339 4747 ductus,
3391 4685 3455 4736 ad

1898 4778 2133 4845 priorem
2170 4774 2334 4828 rediit
2379 4774 2568 4825 vitam.
2615 4772 2679 4825 Et
2722 4786 2846 4825 cum
2886 4770 3157 4825 diversam
3189 4775 3257 4825 de
3303 4787 3458 4825 saeuo

1895 4868 2080 4921 studio
2121 4866 2464 4935 concepisset
2505 4864 2874 4925 sententiam,
2918 4862 2968 4915 id
3002 4878 3174 4932 genus
3220 4864 3457 4931 philoso-

1891 4959 2037 5027 phiae
2089 4958 2307 5027 reliquit
2332 4998 2346 5023 ,
2374 4966 2429 5011 et
2470 4956 2523 5009 in
2563 4956 2751 5009 urbem
2786 4964 2871 5009 est
2920 4969 3211 5009 reversus:
3260 4956 3458 5009 melius

1896 5068 1953 5106 se
2008 5053 2083 5104 ita
2138 5050 2189 5103 id
2246 5049 2391 5119 quod
2446 5056 2749 5115 expeteret,
2804 5055 3228 5100 consecuturum
3278 5056 3452 5103 ratus.

1894 5144 2047 5210 Quod
2091 5141 2181 5195 ubi
2212 5140 2450 5195 Joannes
2479 5136 2769 5207 cognovit,
2812 5136 2877 5189 ad
2913 5150 2998 5190 res
3028 5136 3241 5191 scilicet
3267 5137 3457 5192 civiles

1894 5236 2046 5289 illum
2098 5248 2219 5287 esse
2276 5231 2591 5299 relapsum,
2644 5238 2700 5283 et
2759 5229 3005 5282 animum
3078 5229 3145 5281 ad
3230 5231 3471 5297 nuptias-

1893 5328 2191 5395 adjecisse,
2231 5324 2520 5394 epistolam
2552 5322 2617 5375 ad
2648 5336 2773 5375 eum
2805 5320 2976 5384 dedit,
3012 5304 3195 5374 verbis
3234 5328 3287 5375 et
3323 5300 3449 5375 sett-

1894 5419 2081 5473 tentiis
2110 5416 2497 5472 selectiorihus
2522 5402 2686 5484 supra
2720 5413 2973 5467 humana:
3005 5414 3205 5467 mentis
3233 5424 3451 5482 captum

1894 5509 2276 5577 compositam.
2322 5506 2559 5573 Scripsit
2599 5491 2799 5557 dein’de
2833 5506 2900 5556 ad
2939 5502 3192 5556 eumdem
3234 5517 3452 5571 quoque

1892 5602 2140 5655 alteram.
2196 5598 2342 5664 Quas
2398 5597 2484 5651 ille
2539 5611 2664 5650 cum
2719 5594 2960 5664 legisset,
3018 5594 3083 5647 ad
3136 5594 3258 5647 vitae
3306 5594 3451 5662 quod

1892 5704 2047 5751 antea
2082 5700 2326 5761 ceperat,
2358 5691 2664 5745 institutum
2696 5702 2755 5741 se
2785 5703 2999 5740 rursum
3029 5687 3280 5741 contulit.
3313 5685 3452 5739 Sub-

1893 5781 2091 5834 smntia
2131 5779 2277 5832 enim
2311 5792 2409 5831 sua
2441 5776 2626 5829 relicta
2654 5818 2666 5840 ,
2703 5786 2757 5829 et
2798 5776 3112 5845 nuptiarum
3160 5774 3449 5830 ambitioni

1893 5873 2082 5924 nuntio
2116 5870 2377 5936 remisso,
2415 5869 2480 5922 ad
2518 5868 2949 5938 philosophieam
2993 5870 3225 5923 recurrit
3259 5869 3447 5933 vitam,
