4248 6446
731 420 829 483 931

1934 404 2349 468 NICEPIIORI
2395 406 2743 464 CALLISTI

3873 413 3983 475 932

733 531 1118 603 pulcherrimis
1175 527 1410 585 -Joannis
1470 525 1949 586 cohortationibus
2013 535 2325 579 servatus..

2401 522 2766 590 ἐνδυναστεία
2819 522 3059 591 λυπηρὸν
3101 522 3274 574 ἐδόκει
3314 537 3326 552 ·
3355 524 3435 577 ὅτι
3481 540 3539 590 γε
3587 528 3774 578 καὶτὰ
3811 528 3985 580 πολλὰ

727 627 873 680 υιιιίι·
896 623 1156 692 colligere
1184 622 1328 683 licet,
1354 635 1476 690 quae
1493 619 1712 673 dicendi
1747 618 1828 671 ris
1854 619 1906 670 in
1931 631 1998 671 eo
2022 615 2289 673 ﬂoruerit,

723 733 912 784 qurere
952 714 1329 784 persuasionis
1363 713 1535 784 gratia
1580 712 1634 764 in
1682 710 1829 765 illius
1862 705 2181 763 consederit
2215 706 2294 758 la-

726 811 856 862 bris.
903 809 976 862 Ea
1024 807 1172 861 enim
1209 821 1307 860 eos
1356 803 1676 874 superavit,
1725 803 1817 870 qui
1873 811 1984 855 tum
2031 814 2213 854 secum
2263 814 2291 851 a

724 898 958 952 dicendo
999 908 1054 952 et
1106 885 1490 967 persuadendo
1543 895 1782 950 valuere.
1836 895 2074 949 Proinde
2127 892 2292 946 etiam

730 991 1143 1046 multitudinem
1187 989 1253 1043 ad
1298 1004 1356 1043 se
1389 989 1678 1057 pertraxit.
1714 989 1779 1042 Et
1806 986 1951 1054 quod
1986 988 2161 1054 majus
2188 993 2292 1048 est,
2322 972 2325 977 ’

726 1091 1021 1152 peccantes
1079 1082 1133 1135 in
1192 1080 1428 1136 ecclesia
1489 1081 1670 1133 acrius
1724 1076 2073 1147 objurgavit,
2129 1087 2296 1143 atque

725 1176 984 1245 iujuriam
1016 1174 1141 1228 aliis
1178 1171 1546 1227 inferentibus
1595 1171 1909 1230 insnltavit,
1958 1185 2065 1223 non
2113 1168 2294 1221 minus

724 1267 794 1320 ob
821 1265 1149 1320 aﬂlictorum
1195 1265 1367 1316 vicem
1421 1261 1742 1329 indignans,
1776 1273 1940 1328 quam
1975 1257 2016 1309 si
2059 1257 2159 1324 ipsi
2194 1255 2292 1307 sibi

724 1356 925 1423 injuria
972 1355 1111 1409 facta
1147 1363 1312 1408 esset.
1348 1351 1502 1417 Quod
1533 1351 1756 1419 quidem
1795 1347 2134 1402 multitudini
2167 1362 2296 1414 per-

725 1457 940 1519 gratum
975 1447 1112 1510 fuit,
1153 1446 1497 1514 principibus
1529 1453 1714 1498 autem
1754 1443 1883 1496 viris
1914 1453 1968 1496 et
2002 1442 2294 1510 magistra-

729 1544 875 1598 tibus
905 1542 1166 1596 acerbum
1208 1542 1385 1594 visum
1428 1547 1551 1592 est:
1591 1537 1735 1607 quod
1771 1537 1978 1590 scilicet
2007 1537 2087 1588 eis
2122 1533 2299 1586 delin-

724 1650 898 1704 quere
948 1635 1118 1688 multa
1163 1633 1341 1689 licuit.
1392 1633 1497 1686 Eas
1537 1631 1608 1686 ob
1647 1644 1841 1684 causas
1883 1627 2177 1697 praeclarus
2215 1626 2298 1678 vir

728 1727 946 1781 habitus
1000 1736 1106 1789 est,
1161 1741 1283 1780 cum
1320 1724 1400 1777 eis
1437 1725 1530 1793 qui
1580 1738 1709 1778 eum
1769 1722 2070 1784 vidissent,
2126 1720 2298 1773 virtu-

726 1831 947 1888 temque
994 1820 1114 1888 ejus
1153 1817 1365 1886 experti
1411 1825 1634 1881 essent,
1675 1826 1786 1869 tum
1833 1815 1914 1869 eis
1957 1829 2174 1883 quoque
2205 1813 2295 1880 qui

727 1913 881 1966 illum
923 1926 1209 1978 nunquam
1245 1911 1418 1962 visum
1457 1908 1596 1961 fama
1633 1915 1844 1961 tantum
1877 1907 2299 1971 cognovissent;

724 2017 846 2070 qua:
879 1999 1117 2054 celebris
1152 1999 1219 2052 de
1251 2013 1317 2052 eo
1352 1997 1590 2066 vulgata,
1628 2011 1790 2049 aures
1826 1994 2072 2049 omnium
2105 1994 2300 2059 imple-

725 2102 897 2146 verat.
939 2091 1175 2145 ldoneus
1218 2104 1349 2144 sane
1397 2089 1662 2143 Romana:
1708 2087 1934 2141 ditionis
1981 2085 2302 2141 haminibus

732 2188 881 2238 visus
909 2191 1012 2247 est,
1042 2184 1130 2237 cui
1168 2181 1787 2249 ConstantinOpolitanae
1818 2180 2060 2234 ecclesiae
2091 2180 2304 2247 episco-

728 2289 886 2342 patus
913 2274 1360 2329 demandaretur.
1409 2272 1574 2342 35.8
1598 2271 2015 2341 Sull'ragabatur
2043 2287 2174 2325 vero
2206 2287 2302 2339 po-

728 2370 840 2437 puli
878 2378 932 2422 et
961 2367 1124 2432 cleri,
1173 2365 1586 2432 multorumque
1630 2362 1953 2422 sententiae,
2004 2363 2303 2431 imperator

728 2462 890 2514 etiam
922 2458 1210 2512 Arcadius.
1242 2457 1429 2525 Itaque
1460 2457 1638 2511 statim
1665 2456 1756 2524 qui
1787 2470 1910 2507 cum
1945 2454 2300 2518 adducerent,

735 2555 900 2606 misit.
930 2552 1221 2606 Multorum
1245 2565 1464 2619 quoque
1491 2549 1725 2602 aliorum
1752 2549 2138 2617 episcoporum
2167 2562 2301 2600 con-

731 2658 952 2700 ventum
992 2646 1250 2705 instituit,
1287 2641 1717 2710 splendidiorem
1760 2640 2301 2708 ambitiosiorentque

730 2738 1200 2792 consecrationem
1243 2736 1362 2804 ejus
1401 2749 1521 2789 csse
1560 2733 1769 2787 volens.
1810 2734 1978 2787 Porro
2019 2733 2106 2786 ubi
2151 2734 2303 2787 Aste-

731 2834 844 2884 rius
885 2829 1126 2884 Orientis
1161 2827 1448 2896 prmfeetus
1492 2825 1841 2894 imperatoris
1886 2825 2100 2877 litteras
2150 2839 2306 2877 act-e-

731 2927 839 2991 pit,
895 2923 947 2976 in
999 2921 1377 2974 suburbanum
1427 2918 1718 2986 quemdam
1769 2916 2072 2970 Antiochiae
2111 2931 2301 2982 agrum

729 3016 997 3071 Joannem
1043 3012 1110 3066 ad
1155 3027 1213 3065 se
1256 3011 1539 3072 evocavit.
1581 3010 1785 3064 habere
1817 3024 1875 3063 se
1910 3009 2094 3064 arcani
2139 3007 2302 3076 quid-

730 3121 896 3176 quam
923 3144 938 3169 ,
983 3105 1128 3172 quod
1177 3117 1301 3156 cum
1352 3117 1418 3156 eo
1463 3111 1677 3156 secreto
1711 3100 2178 3162 communicaret,
2217 3117 2305 3153 re-

2401 613 2610 674 τούτοις
2631 614 2965 680 ἁμαρτάνειν
2990 613 3139 679 ἐξῆν.
3183 615 3282 668 Διὰ
3330 615 3503 668 ταῦτα
3547 617 3724 670 πάντα
3753 637 3991 687 περιφαο

2401 707 2497 774 νὴς
2523 700 2590 776 ἦν
2614 707 2643 758 ὁ
2673 705 2812 773 ἀνὴρ
2836 706 2946 766 τοῖς
2976 705 3075 773 μὲν
3102 705 3179 774 τῷ
3209 722 3268 757 τε
3299 706 3446 770 ἰδεῖν,
3505 710 3602 762 καὶ
3654 709 3955 777 πειραθῆνῖ
3975 726 3992 760 ι

2406 797 2640 861 ἐκείνου,
2690 798 2801 859 τοῖς
2842 795 2897 848 δὲ
2965 796 3131 863 μήπω
3179 795 3559 865 Θεασαμένοις,
3610 801 3676 866 τῇ
3728 801 3907 870 φήμῃ.
3957 801 3990 866 ἢ

2404 887 2574 958 πολλή
2623 905 2705 946 τις
2755 887 2961 958 διέρρει
3010 891 3104 950 τὰς
3150 888 3413 942 ἁπάντων
3466 889 3640 952 ἀκοὰς
3683 890 3990 961 πληροῦσα.

2405 980 2512 1033 Καὶ
2537 980 2600 1047 δὴ
2626 980 2738 1042 τοὶς
2761 978 2863 1033 ἀνὰ
2890 978 2952 1032 τὸ
2979 979 3223 1042 ὑπήκοον
3256 980 3391 1033 πᾶσι
3443 979 3734 1048 Ῥωμαίων
3791 986 3955 1050 ἐπιτή
3975 1013 3988 1022 -

2403 1074 2542 1134 δειος
2569 1067 2710 1123 εἶναι
2737 1073 2801 1141 τῇ
2826 1071 2926 1139 τῆς
2964 1071 3382 1124 Κωνσταντίνου
3417 1073 3692 1141 ἐπισκοπῇ
3717 1073 3988 1138 ἐκρίνετο.

2404 1169 2629 1239 Συνῄνει
2667 1169 2730 1238 δὴ
2757 1169 2824 1238 τῇ
2858 1167 2950 1220 τοῦ
2997 1166 3131 1219 λαοῦ
3175 1169 3267 1220 καὶ
3303 1166 3396 1220 τοῦ
3455 1167 3662 1238 κλήρου
3731 1172 3826 1222 καὶ
3883 1169 3991 1220 τῶν

2407 1262 2620 1314 πολλῶν
2652 1260 2820 1330 ψήφῳ
2858 1261 2955 1312 καὶ
2977 1262 3004 1312 ὁ
3035 1259 3289 1328 βασιλεὺς
3329 1260 3617 1329 Ἀρκὰδιος
3646 1277 3660 1291 ·
3693 1261 3787 1311 καὶ
3827 1259 3994 1318 εὐθὺς

2404 1355 2529 1417 τοὺς
2553 1354 2778 1422 ἄξοντας
2809 1352 2973 1405 αὐτὸν
3005 1352 3242 1421 ἔπεμπε.
3277 1351 3496 1405 Πολλῶν
3549 1352 3606 1406 δέ
3661 1352 3754 1404 καὶ
3817 1351 3994 1406 ἄλλων

2405 1447 2596 1515 ἱερέων
2628 1444 2848 1498 σύνοδον
2881 1443 3288 1513 μετεστέλλετο,
3324 1444 3660 1514 σεμνοτέραν
3684 1444 3783 1514 τὴν
3817 1460 3996 1513 χειρο-

2405 1542 2588 1591 τονίαν
2630 1538 2892 1606 πράττειν
2931 1535 3409 1605 φιλοτιμούμενος.
3459 1535 3544 1598 Ὠς
3570 1536 3618 1588 δ’
3659 1534 3934 1603 Ἀστέριο,
3966 1536 3996 1588 δ

2404 1634 2502 1698 τῆς
2541 1630 2616 1682 ἐω
2665 1629 2908 1697 ὕπαρχος
2935 1627 3004 1681 τὰ
3078 1627 3344 1696 βασιλέως
3396 1627 3474 1689 είς
3526 1628 3720 1696 χεῖρας
3774 1625 3995 1690 ἐδὲξιτο

2405 1728 2736 1794 γράμματα.
2768 1724 2858 1775 ἐπί
2887 1740 2993 1775 τινι
3023 1722 3131 1774 τῶν
3165 1721 3272 1790 πρὸ
3319 1722 3425 1790 τῆς
3477 1722 3756 1790 ’Δντιόχου
3802 1721 3996 1788 ἀγρῶν

2407 1819 2497 1871 τὸν
2549 1817 2799 1885 Ἰωάννην
2835 1815 3209 1886 μετεκαλεῖτο,
3269 1815 3531 1884 μυστικόν
3589 1832 3642 1866 τι
3705 1812 3995 1881 ἀγγέλλειν

2337 1889 2374 1941 Β
2406 1911 2549 1980 ἔχειν
2586 1908 2899 1977 διαμηνύων
2935 1922 2948 1935 ·
2985 1906 3044 1960 ὃν
3080 1906 3327 1970 ἐλθόντα,
3359 1906 3602 1975 ὀχήματι
3658 1904 3994 1962 ἐπιὸιὸάσας

2404 2004 2588 2065 εὐθὺς,
2621 2003 2699 2064 είς
2732 2002 2957 2069 Πάγρας
3002 2000 3243 2068 σταθμόν
3300 2016 3423 2050 τινα
3451 1998 3597 2051 οὕτω
3651 1996 3996 2066 καλούμενον

2403 2096 2653 2162 ἔφθανεν.
2683 2092 2850 2145 Ἔνθα
2877 2093 2940 2161 δὴ
2966 2091 3236 2160 παραδοὺς
3287 2094 3396 2152 τοῖς
3431 2093 3493 2142 ἐκ
3532 2089 3797 2158 βασιλέως
3848 2106 3997 2156 πεμ-

2404 2189 2585 2255 φθεῖσι
2615 2188 2845 2240 πλεῖστα
2865 2185 3293 2253 διατεινόμενον,
3328 2184 3463 2252 πρδς
3492 2183 3560 2236 τὰ
3586 2185 3765 2234 οίκεῐα
3789 2181 3995 2234 ἐπανέ-

2405 2297 2639 2350 στρεφεν
2687 2279 2815 2348 ἤθη.
2849 2275 3023 2328 Τοῦτο
3053 2276 3096 2329 δ’
3129 2277 3389 2345 ἔπραττε,
3423 2273 3661 2343 Θερμοὺς
3695 2275 3825 2340 περὶ
3861 2271 3999 2323 στά-

2405 2390 2517 2434 σεις
2546 2368 2685 2424 εἶναι
2722 2371 3032 2438 Ἀντιοχέας
3064 2369 3220 2430 εἰδώς
3247 2385 3260 2398 ’
3295 2369 3353 2419 οὐ
3377 2369 3482 2437 γὰρ
3511 2368 3575 2420 ἄν
3611 2384 3742 2418 ποτε
3770 2366 3997 2426 ἑκόντες

2404 2461 2542 2518 εἶναι
2572 2466 2670 2532 τῆς
2722 2464 2971 2518 Ἰωάννου
3012 2462 3411 2531 ἀπηλλάγησαν
3447 2460 3726 2528 γλώσσης,
3769 2457 3902 2523 πρίν
3941 2472 3998 2505 τι

2403 2557 2513 2611 τῶν
2537 2557 2723 2609 δεινῶν
2753 2555 2949 2624 δρᾶσαί
2983 2572 3042 2607 τε
3076 2556 3169 2608 καὶ
3213 2553 3427 2606 παθεῖν.
3472 2551 3558 2612 Ὠς
3594 2551 3651 2604 δέ
3682 2550 3782 2620 τὴν
3834 2550 3999 2600 Κων-

2405 2650 2685 2703 σταντίνου
2717 2647 3038 2711 κατέλαϐον,
3073 2647 3326 2714 παρῆσαν
3361 2645 3419 2696 δέ
3457 2645 3549 2696 καὶ
3580 2645 3696 2696 ὅσοι
3759 2641 3872 2694 τῶν
3905 2643 3992 2692 is-

2408 2744 2518 2814 ρῶν
2552 2743 2762 2813 ἀνδρῶν
2817 2740 3255 2810 μετεκλήθησαν,
3317 2739 3365 2790 oi
3432 2738 3532 2807 μὲν
3575 2738 3722 2792 ἄλλοι
3791 2737 4001 2796 πάντες

2407 2837 2683 2901 ὡμονόουν
2707 2839 2772 2905 τῇ
2818 2836 2983 2904 ψήφῳ
3014 2851 3027 2863 ο
3089 2833 3247 2898 μόνος
3304 2832 3348 2884 δ’
3407 2833 3433 2882 ὁ
3480 2831 3578 2897 τῆς
3641 2830 3999 2898 Ἀλεξάνδρου

2406 2927 2661 2994 Θεόφιλος
2693 2926 2946 2996 ἐμποδὼν
2977 2928 3040 2995 τῇ
3070 2925 3378 2994 χειροτονίᾳ
3427 2924 3677 2976 Ἰωάννου
3735 2922 4003 2975 καθεστα-

2407 3036 2489 3083 το,
2519 3017 2793 3085 διασύρων
2819 3019 2918 3086 μὲν
2953 3020 3052 3084 τὴν
3116 3016 3328 3068 ἐκείνου
3388 3015 3569 3081 δόξαν,
3639 3015 3898 3084 Ἰσιδώρῳ
3939 3016 4001 3068 δέ

2410 3111 2726 3175 σπουδάζων
2751 3112 2850 3180 τὴν
2920 3113 3227 3177 ἐπισκοπὴν
3277 3110 3588 3178 ἐγχειρίσαι
3619 3127 3633 3143 ο
3660 3109 3720 3172 ὃς
3752 3109 3966 3179 πρεσσύ
3987 3136 4002 3146 -

734 3198 1012 3252 nuntians.
1070 3196 1206 3249 Eum
1267 3209 1397 3247 vero
1456 3193 1845 3247 advenientem
1907 3193 2058 3248 illico
2111 3194 2301 3246 currui

2413 3217 2564 3268 τερος
2601 3200 2696 3267 μὲν
2747 3200 3157 3267 Ἀλεξανδρείας
3188 3196 3276 3270 ἦν,
3312 3201 3420 3251 τῶν
3452 3200 3496 3251 δ’
3524 3201 3578 3252 ἐν
3612 3200 3793 3270 ἐκείνη
3825 3200 4001 3264 ξένων

731 3293 1069 3360 impositum,
1103 3291 1294 3357 Pagas,
1321 3290 1375 3341 in
1407 3287 1796 3350 diversorium,
1831 3301 1927 3340 seu
1959 3287 2299 3339 tttattsiouem

731 3381 1024 3451 quamdam
1075 3383 1145 3434 ita
1201 3379 1660 3448 cognominatam.
1709 3376 1884 3429 duxit.
1920 3375 1984 3429 Et
2016 3387 2302 3444 postquam

731 3491 854 3527 eum
889 3474 959 3526 ibi
999 3473 1079 3526 eis
1116 3471 1207 3539 qui
1245 3471 1313 3523 ab
1349 3470 1681 3538 imperatore
1720 3469 1870 3522 missi
1909 3467 2147 3529 fuerant,
2188 3469 2306 3536 plu-

731 3570 934 3621 rimum
972 3566 1333 3625 reluctantem
1370 3560 1633 3625 tradidit,
1668 3560 1892 3614 domum
1927 3575 2082 3614 suam
2119 3574 2307 3614 rever-

733 3661 819 3712 tit.
854 3660 908 3711 ΙιΙ
945 3666 1128 3710 autem
1166 3657 1235 3707 ita
1269 3655 1438 3718 fecit,
1471 3652 1615 3722 quod
1655 3660 1938 3721 promptos
1979 3649 2046 3704 ad
2081 3650 2309 3704 seditio.

735 3765 834 3805 nes
865 3749 1238 3803 Antioclienos
1273 3762 1392 3802 esse
1423 3746 1653 3801 sciebat.
1697 3745 2128 3814 Haudquaquam
2160 3744 2306 3796 enini

738 3843 814 3896 illi
855 3843 1089 3894 libentes
1137 3840 1290 3909 prius
1337 3852 1396 3892 se
1439 3836 1668 3892 Joannis
1711 3837 1894 3906 lingua
1929 3836 2112 3889 orbari
2153 3835 2311 3887 tulis-

735 3944 858 3990 sent
879 3978 891 3996 ,
923 3950 1086 4003 quam
1117 3948 1281 4002 grave
1327 3930 1626 4002 quidquam
1658 3939 1713 3983 et
1743 3929 2002 3983 fecissent
2024 3966 2041 3990 ,
2072 3939 2128 3983 et
2162 3929 2306 3997 passi

738 4029 990 4080 fuissent.
1037 4025 1141 4080 Ubi
1192 4023 1721 4087 Constantinopolim
1775 4037 2109 4092 pervenere,
2144 4031 2308 4089 atque

740 4121 813 4173 ibi
871 4120 1185 4187 quicunque
1233 4115 1442 4170 evocati
1502 4115 1719 4168 fuerant
1768 4113 2052 4182 episcopi,
2109 4124 2307 4180 praesto

737 4210 922 4271 fuere,
973 4223 1165 4261 omnes
1211 4205 1433 4273 quidem
1475 4205 1563 4259 alii
1611 4203 1873 4271 suil'ragio
1902 4203 2130 4256 ferendo
2173 4218 2307 4256 con-

738 4315 1005 4352 sensere:
1059 4313 1202 4351 unus
1256 4306 1470 4349 tantum
1518 4295 1857 4363 TlieOpbilus
1906 4295 2309 4348 Alexandrinus

736 4390 967 4444 Joannis
1013 4388 1346 4442 ordinationi
1392 4388 1640 4446 obstitit,
1694 4387 1881 4455 gloriae
1925 4386 2071 4439 illius
2123 4385 2308 4437 tlclra-

740 4483 902 4546 hens,
953 4482 1164 4534 lsidoro
1188 4489 1369 4533 autem
1399 4478 1779 4546 episcupatum
1812 4477 2027 4530 tradere
2057 4478 2305 4536 studens,

3637 3293 3701 3343 ἐκ
3763 3292 3887 3343 νέου
3937 3291 4000 3344 δέ

2409 3384 2512 3438 ἀνὰ
2543 3384 2639 3451 τὴν
2680 3385 2879 3452 Σκῆτιν
2918 3385 3031 3444 τοῖς
3054 3383 3380 3452 ἀσκητικοῖς
3416 3384 3608 3444 πόνοις
3634 3385 4000 3451 ἐγγυμνασάο

2413 3493 2572 3544 μενος
2604 3472 2671 3544 ἦν
2701 3492 2716 3507 ·
2751 3475 2890 3528 πάνυ
2909 3476 2962 3526 δέ
2985 3475 3072 3527 διὰ
3105 3476 3338 3544 σπουδῆς
3361 3475 3452 3527 τὸν
3492 3475 3766 3546 Ἰσίδωρον
3794 3477 4003 3527 ἐποιεῖ-

2411 3586 2488 3628 το.
2520 3569 2809 3640 συνίστορα
2842 3571 3169 3639 πράγματος
3221 3568 3566 3622 ἐπικινδύνου
3621 3568 3771 3637 αὺτῷ
3819 3568 3999 3621 πάλαι

2411 3663 2723 3730 γενόμενον.
2763 3650 2959 3714 Ἡνίκᾶ
3011 3666 3118 3730 γὰρ
3159 3664 3185 3713 δ
3221 3660 3476 3729 βασιλεὺς
3525 3661 3811 3720 Θεοδόσιος
3855 3661 3998 3729 πρὸς

2411 3757 2500 3805 τὸν
2531 3752 2674 3805 κατὰ
2703 3753 2797 3805 τοῦ
2830 3758 3097 3821 τυράννου
3118 3752 3371 3821 Μαξίμου
3401 3753 3638 3820 πόλεμον
3666 3754 4002 3822 ἠγωνίζετο,

2412 3846 2564 3913 δῶρα
2592 3844 2830 3911 πέμπων
2880 3845 3162 3914 Θεόφιλος,
3195 3845 3378 3906 διττὰς
3412 3844 3704 3907 ἐπιστολὰς
3743 3844 4006 3914 Ἰσιδώρῳ

2409 3935 2638 3985 τουτωνὶ
2663 3933 3009 4002 ἐγχειρίζων,
3064 3933 3198 4001 πρὸς
3243 3931 3466 4000 Ῥώμην
3516 3933 3878 4000 κατήπειγεν,
3911 3934 4005 3982 ἐν-

2412 4026 2731 4090 τειλάμενος
2761 4027 2935 4076 ἐκεῖσε
2971 4025 3286 4090 γενόμενον,
3323 4025 3640 4092 περιμένειν
3670 4023 3772 4091 τῆς
3808 4025 4000 4092 μάχης

2411 4116 2507 4184 τὴν
2534 4114 2756 4165 ἑκϐασιν
2788 4129 2806 4144 ο
2842 4113 2934 4165 καὶ
2969 4106 3011 4180 ᾧ
3043 4113 3108 4166 ἂν
3152 4116 3184 4181 ἡ
3233 4115 3356 4182 νίκη
3411 4114 3752 4180 ἐπιγελάσοι,
3801 4115 3873 4166 τά
3937 4131 4001 4166 τε

2413 4207 2720 4275 γράμματα
2758 4207 2852 4258 καὶ
2885 4207 2950 4258 τὰ
3001 4207 3148 4274 δῶρα
3187 4202 3451 4276 παρέχειν
3493 4222 3506 4236 ⁸
3536 4207 3626 4259 τὸν
3661 4207 3716 4259 δὲ
3758 4207 4006 4274 ὑποστῆ-

2415 4321 2500 4353 ναι
2530 4302 2588 4352 τὸ
2614 4301 2774 4370 ἔργον

2411 3308 2469 3341 τε
2505 3292 2596 3342 καὶ
2631 3290 2863 3360 πτωχῶν
2892 3292 2990 3358 τὴν
3036 3292 3343 3359 ἐπιτροπὴν
3389 3287 3535 3358 εἶχεν
3568 3307 3580 3322 ο

2818 4317 2831 4331 ’
2869 4304 2960 4354 καὶ
3014 4303 3167 4370 παρὰ
3209 4305 3309 4370 τὴν
3390 4302 3615 4372 Ῥώμην
3677 4304 4004 4371 γενόμενον,

2416 4393 2730 4462 ὑφεδρεύειν
2770 4395 2834 4462 τῇ
2865 4393 3008 4463 νίκη,
3037 4394 3129 4445 καὶ
3161 4394 3232 4463 μὴ
3266 4394 3450 4446 λαϐεῖν
3503 4397 3570 4448 τὰ
3605 4395 3827 4447 τοιαῦτα
3887 4413 4010 4447 πει-

2419 4485 2683 4552 ρώμενον,
2707 4485 2801 4537 τοῦ
2828 4487 3074 4548 συνόντος
3103 4487 3255 4554 αὐτῷ
3304 4486 3658 4554 ἀναγνώστου
3682 4487 4008 4556 καταμηνύ-

741 4578 833 4642 qui
886 4573 1229 4628 Alexandria:
1266 4572 1820 4640 presbyterhcuram
1871 4570 1944 4624 ibi
1977 4570 2311 4622 advenarum

2422 4593 2634 4640 σαντος,
2669 4576 2888 4638 καὶτὰς
2928 4577 3223 4638 ἐπιστολὰς
3270 4577 3456 4646 κρύφα
3490 4577 3830 4645 ὑφελομένου
3866 4592 3882 4607 ⁶
3911 4581 4008 4630 καὶ

742 4681 798 4720 ct
831 4681 1130 4735 pauperum
1161 4666 1400 4734 gerebat,
1434 4664 1502 4717 ab
1533 4663 1901 4716 adolescentia
1937 4664 1989 4714 in
2019 4665 2162 4715 Secti
2200 4678 2312 4714 mo-

747 4761 974 4812 nasticis
1032 4739 1312 4810 laboribus
1374 4756 1734 4809 exercitatus.
1790 4754 2080 4808 Studiosus
2129 4764 2309 4806 autent

743 4850 1081 4919 'l'lxeupliilns
1111 4850 1301 4903 lsidori
1349 4850 1645 4918 plurimum
1693 4847 1826 4907 fuit,
1858 4847 2004 4916 quod
2052 4846 2098 4898 is
2127 4846 2173 4898 ei
2215 4846 2315 4898 du-

737 4943 868 4995 dum
902 4943 974 4995 rei
1002 4947 1133 4996 Satis
1168 4942 1489 5010 periculosa:
1516 4941 1772 4992 conscius
1802 4950 1967 4992 esset.
1999 4939 2131 4991 Cum
2165 4937 2310 4989 enim

739 5037 1042 5102 iii-.pet'ator
1093 5033 1442 5086 Theodosius
1501 5032 1642 5084 bello
1696 5030 1961 5084 adversus
2019 5031 2309 5084 Maximum

740 5139 1028 5196 l}fallltUlll
1079 5128 1421 5188 decertaret,
1455 5125 1795 5194 Tbeopbilus
1839 5124 2153 5191 imperatori
2193 5141 2312 5177 mu-

740 5238 874 5276 licia
908 5222 1162 5284 mittens,
1210 5220 1364 5271 binas
1411 5218 1619 5271 Isidoro
1654 5217 1782 5271 huic
1827 5217 1978 5270 dedit
2029 5218 2308 5284 epistolas,

737 5330 978 5383 eumque
1015 5315 1243 5366 Romam
1297 5311 1482 5374 misit,
1531 5326 1653 5362 cmn
1705 5310 1962 5364 mandato
2015 5311 2308 5377 ejusmodi.

744 5422 805 5463 ut
846 5411 919 5462 ibi
958 5423 1218 5469 mancus,
1267 5405 1392 5457 belli
1431 5415 1686 5458 eventum
1718 5414 2084 5472 exspectaret.
2141 5415 2192 5455 ct
2224 5408 2310 5457 cui

743 5503 970 5557 victoria
1002 5501 1296 5560 arrisissct,
1325 5501 1374 5551 ci
1403 5511 1458 5551 et
1488 5498 1698 5550 litteras
1725 5505 1778 5550 et
1801 5497 2004 5549 donum
2040 5498 2308 5550 redderet.

744 5596 1096 5665 chatinnetn
1156 5608 1275 5644 eam
1310 5589 1554 5658 suscepit
1592 5589 1863 5650 Isidorus,
1898 5600 1950 5642 et
1989 5592 2170 5641 notua:
2203 5607 2315 5640 Illit-

744 5700 928 5742 tnento
981 5687 1221 5738 victoria:
1276 5685 1515 5735 intentus
1571 5681 1842 5736 consedit.
1903 5683 1967 5734 Et
2018 5699 2142 5734 cum
2199 5699 2311 5735 rem

745 5785 884 5835 hanc
929 5794 1173 5846 premere
1213 5787 1531 5840 conaretur,
1565 5775 1737 5829 lector
1780 5778 1872 5843 qui
1909 5791 2031 5827 cum
2070 5791 2134 5828 ιη)
2171 5785 2310 5834 erat,

743 5870 990 5942 epistolis
1024 5869 1163 5924 clam
1205 5867 1462 5932 sublatis,
1498 5882 1617 5921 eam
1652 5867 1931 5921 iudicavit.
1968 5866 2312 5935 Quapropter

2418 4669 2504 4720 διὰ
2538 4669 2708 4720 ταῦτα
2746 4669 2918 4720 κακόν
2950 4686 3000 4720 τι
3041 4669 3232 4720 παθεῖν
3273 4671 3361 4721 τὸν
3402 4669 3670 4738 Ἰσίδωρον
3711 4668 4006 4738 ὑφορώμε-

2417 4777 2528 4823 νον,
2587 4760 2752 4822 εὑθὺς
2805 4759 3020 4828 φυγάδα
3094 4763 3408 4828 γενόμενον,
3449 4761 3580 4830 ετὴν
3644 4759 4006 4831 Ἀλεξάνδρου

2419 4853 2748 4905 καταλαᾶείν
2781 4870 2794 4883 ο
2832 4854 3152 4906 πιστότατον
3177 4854 3220 4904 δ’
3247 4857 3455 4906 ἐκεῖνον
3494 4853 3750 4906 ἐντεῦθεν
3774 4857 4008 4922 γενόμε-

2417 4961 2526 5001 νον.
2553 4942 2646 4994 νῦν
2671 4945 2926 4996 ἀποτῖσαι
2956 4943 3062 4994 τῶν
3095 4944 3234 5012 ὑπὲρ
3267 4943 3435 4996 αὐτοῦ
3479 4944 3745 4997 κινδύνων
3777 4945 4006 4997 διενοεῖ-

2419 5055 2476 5088 το
2507 5038 2604 5104 τὴν
2644 5035 2905 5103 ἀμοιϐὴν,
2936 5038 3030 5088 καὶ
3083 5037 3182 5105 τὴν
3241 5037 3514 5102 τοσαύτην
3573 5037 3811 5107 σπουδὴν
3865 5042 3940 5089 ὑπ
3979 5057 4007 5106 ρ

2418 5127 2583 5181 αὑτοῦ
2618 5128 2954 5181 κατετίθετο.
3000 5129 3114 5181 Εἶτ’
3164 5125 3258 5181 οὖν
3304 5129 3391 5180 διὰ
3442 5129 3634 5192 ταῦτα,
3692 5128 3770 5191 ὡς
3825 5129 4006 5196 λόγος,

2418 5224 2526 5274 site
2547 5220 2637 5273 καὶ
2674 5221 2749 5282 ὡς
2785 5222 3005 5289 Θεοφιλῆ
3041 5221 3206 5285 ἄνδρα
3243 5222 3333 5273 ἐπὶ
3363 5221 3459 5289 τὴν
3484 5221 3798 5289 ἐπισκοπὴν
3831 5222 4010 5289 προῆ-

2417 5331 2478 5379 γε
2511 5313 2790 5379 Θεόφιλος,
2822 5314 2978 5374 τέλος
3006 5315 3100 5364 καὶ
3149 5313 3312 5374 αὐτὸς
3343 5316 3406 5382 τῇ
3449 5312 3756 5381 χειροτονίᾳ⁵
3822 5313 4008 5364 Ἰωαν-

2419 5425 2508 5458 νου
2549 5406 2826 5476 συπιῄνεσε,
2865 5408 2959 5458 καὶ
3001 5410 3111 5468 τοῖς
3147 5407 3286 5458 κατὰ
3323 5407 3387 5457 τὰ
3448 5406 3698 5474 βασίλεια
3753 5405 4008 5470 δεδογμέ-

2419 5518 2528 5562 νοις
2559 5501 2851 5568 σύμψηφος
2879 5496 2967 5568 ἦν,
2994 5500 3234 5568 ἀτεχνῶς
3293 5500 3527 5569 μαλιστα
3584 5503 3648 5568 τῇ
3694 5505 4009 5567 χειροτονία

2434 5594 2678 5644 Ἰωάννου
2714 5591 3087 5654 σπουδάζοντα
3113 5593 3293 5653 δείσας
3331 5593 3636 5661 Εὐτρόπιον
3693 5591 3787 5643 τὸν
3845 5608 4010 5659 πραι-

2418 5685 2654 5746 πόςιτον,
2702 5683 2757 5744 ὃς
2799 5683 2893 5735 τοῦ
2938 5683 3220 5752 βασιλικοῦ
3281 5685 3430 5736 οἴκου
3487 5700 3545 5735 τε
3596 5685 3692 5736 καὶ
3749 5686 4008 5744 κοιτῶνος

2417 5775 2721 5845 τηνικαῦτα
2753 5777 3050 5844 προϊστατο
3076 5796 3086 5806 ·
3125 5777 3384 5846 ἄντικρυς
3412 5776 3522 5844 γὰρ
3548 5775 3698 5844 αὖτῷ
3721 5778 4006 5846 διηπείλη-

2420 5885 2550 5933 σεν,
2610 5868 2639 5919 ἦ
2689 5870 2799 5930 τοῖς
2841 5869 3019 5930 ἄλλοις
3075 5869 3280 5926 ἱερεῦσι
3343 5869 3635 5938 σύμψηφον
3695 5871 3788 5923 καὶ
3849 5872 4005 5923 αὑτὸν
