4248 6446
216 404 323 468 933

1137 399 2164 465 ECCLESIASTICEHISTORI.E
2205 407 2347 469 LIB.
2401 408 2575 468 Xill.

3352 420 3456 484 93%

216 521 420 574 aut“
474 518 750 586 γενέσθαι,
789 519 821 587 ἢ
870 516 1090 588 ἕτοιμον
1141 519 1278 589 πρὸς
1340 518 1638 586 ἀπολογίαν
1684 520 1794 582 τοῖς
1825 524 1869 577 Α

1776 537 1794 582 ς
1825 524 1869 577 Α
1900 519 2141 574 Isidorus
2173 522 2274 574 sibi
2303 538 2368 574 ne
2391 524 2518 590 quid
2555 523 2680 576 mali
2709 531 2987 590 pateretur
3014 527 3233 590 timens,
3272 531 3453 581 statim

217 611 514 678 ἐγκαλοῦσι
550 610 842 676 γίνεσθαι*
878 609 1070 678 ἔτυχον
1119 610 1227 678 γὰρ
1281 610 1466 662 πολλοὶ
1525 611 1791 680 παρόντες

218 703 434 756 ἐκεῖθεν
498 701 683 771 seua
733 699 856 755 κατ’
915 699 1100 754 circa?
1146 702 1257 762 τοῖς
1320 700 1637 753 συνελθοῦσι
1683 701 1792 753 τῶν

220 794 542 848 ἐπισκόπων
591 793 947 861 παρέχοντες,
980 792 1140 853 ἄλλος
1173 791 1311 845 ἄλλα
1378 792 1790 860 ἐπαιτιῶμενοι,

217 888 314 940 καὶ
349 887 686 957 παρανόμων
717 887 925 938 ἐκεῖνον
975 885 1334 955 γραφόμενοι.
1374 883 1561 938 Ταῦτα
1611 884 1793 947 δείσας

217 978 499 1044 Θεόφιλος,
533 979 595 1030 ού
621 978 786 1046 μόνον
837 975 1151 1046 σύμψηφος,
1174 976 1310 1030 ἀλλὰ
1342 977 1439 1030 καὶ
1491 993 1797 1046 χειροτονη-

217 1073 318 1139 τὴς
361 1073 611 1126 Ἰωάννου
668 1071 988 1125 καθίστατο.
1053 1071 1433 1136 ’Λναγνώστην
1491 1069 1546 1120 δὲ
1608 1069 1797 1122 τοῦτον

220 1165 418 1227 ἐποίει,
449 1162 524 1225 ὥς
549 1180 684 1232 φησι
714 1163 1015 1231 Σωκράτης
1048 1164 1074 1213 ὁ
1104 1161 1579 1230 ἐκκλησιαστικδς,
1609 1164 1798 1231 Ζήνων

215 1260 245 1312 ὀ
276 1258 577 1320 ἐπίσκοπος
609 1257 807 1324 Γάζης,
866 1259 1042 1310 είτουν
1077 1255 1361 1324 Μαιοῦμα,
1391 1255 1449 1320 ἐξ
1503 1255 1798 1325 Ἰεροσολύ-

221 1363 339 1412 μων
368 1344 750 1414 ὑποστρέφων,
788 1343 1047 1410 Συνδιῆγε
1078 1343 1136 1395 δὲ
1176 1342 1496 1410 τηνικαῦτα,
1532 1343 1608 1404 ὡς
1655 1343 1798 1395 ίστο-

218 1441 306 1506 ρεῖ
329 1438 534 1498 οὐτοσὶ,
574 1435 858 1502 Βασιλεὶῳ,
889 1434 968 1504 τῷ
1035 1435 1199 1489 πάλαι
1249 1436 1345 1502 μὲν
1402 1434 1636 1504 διακόνῳ
1692 1434 1798 1486 ὑπὸ

216 1526 488 1583 Μελετίου
515 1528 890 1597 γεγενημένῳ,
920 1531 978 1590 ἐς
1005 1527 1235 1594 ὕστερον
1265 1527 1322 1580 δέ
1362 1527 1459 1596 τῆς
1503 1528 1800 1580 Καππαδο-

219 1622 334 1673 κῶν
368 1622 710 1689 Καισαρείας
739 1620 1102 1689 ὴγησαμένῳ.
1146 1621 1210 1672 ’Ὀ
1269 1620 1621 1672 παντάπασιν
1657 1622 1797 1673 ἀπο-

215 1714 484 1783 τρέπεται
518 1711 747 1782 Συμεὼν
795 1714 822 1765 ὁ
867 1713 959 1764 τὶν
1023 1711 1136 1780 βίον
1189 1711 1649 1779 συγγραψάμενος
1701 1712 1798 1764 τοῦ

219 1803 372 1873 ἱεροῦ
405 1804 798 1874 Χρυσοστόμου
831 1820 844 1834 ·
880 1803 939 1866 ὃς
961 1804 1024 1872 δὴ
1058 1805 1151 1856 καὶ
1187 1803 1292 1855 ὑπὸ
1323 1802 1621 1855 Φλαδιανοῦ
1652 1805 1800 1872 γενέ-

217 1903 344 1952 σθαι
392 1899 764 1968 πρεσϐύτερον
808 1899 1008 1967 ίστορεῖ
1057 1897 1147 1949 καὶ
1204 1894 1456 1947 διάκονον
1491 1911 1505 1926 ο
1551 1897 1638 1948 ὅτε
1707 1899 1799 1947 καὶ

217 1990 555 2061 περιστερὰν
609 1989 762 2043 θείαν
792 1989 1243 2042 ἐπικαταπτὶσαν
1298 1991 1363 2057 τῇ
1412 1988 1622 2040 ἐκείνου
1678 1988 1798 2058 ἱερᾷ

216 2083 434 2148 κορυφῇ
500 2079 774 2146 ἐφιζῆσαι.
834 2079 1134 2147 Σωκράτης
1200 2078 1294 2139 δέ,
1351 2079 1458 2130 ὑπὸ
1526 2079 1796 2148 Εύαγρίου

215 2170 409 2221 τοῦτον
439 2168 590 2235 λέγει
629 2168 724 2220 τοῦ
777 2168 1206 2237 πρεσϐυτερείσυ
1249 2167 1549 2236 ἀξιωθῆναι
1585 2183 1601 2198 °
1661 2170 1799 2237 μετὰ

215 2262 324 2332 γὰρ
362 2263 621 2333 τελευτὴν
656 2263 920 2317 Μελετίου
955 2264 1310 2330 ἀναχωρῆσαι
1357 2263 1456 2331 μὲν
1506 2264 1615 2316 τῶν
1656 2265 1800 2316 ἐκεί-

216 2372 310 2405 νου
342 2354 433 2406 τὸν
480 2357 736 2423 Ἰωάννην
780 2356 990 2424 φησιν’
1047 2355 1105 2407 ἐν
1157 2356 1357 2426 ἡσυχίᾳ
1406 2356 1450 2408 δ’
1499 2356 1590 2407 ἐπὶ
1649 2358 1799 2426 τρεῖς

215 2448 426 2514 διάγειν
454 2448 934 2517 ἐνιαυτοὺς,.μήτε
987 2449 1098 2509 τοῖς
1152 2448 1422 2516 Μελετίῳ,
1489 2450 1626 2517 μήτε
1688 2452 1798 2513 τοῖς

220 2540 474 2608 Παυλίνῳ
499 2541 920 2608 προσκειμένοις
971 2541 1443 2608 συγκοινωνοῦντα
1475 2556 1490 2572 ο
1527 2543 1584 2604 ἐς
1648 2541 1800 2594 ὓστε-

222 2649 317 2702 ρον
338 2635 394 2685 δὲ
459 2635 563 2686 ὑπὸ
624 2634 914 2703 Εὑαγρίου,
968 2634 1027 2694 ὃς
1086 2633 1178 2686 τοῦ
1239 2634 1500 2686 Παυλίνου
1557 2635 1800 2702 διάδοχος

222 2728 567 2793 ἐχρημάτισε
599 2766 611 2788 ,
657 2725 756 2794 τὴν
811 2726 1115 2794 ίερωσύνην
1161 2725 1367 2776 λαϐεῖν.
1435 2724 1522 2776 Ἐν
1575 2725 1651 2793 τῷ
1705 2725 1798 2777 τοῦ

221 2817 574 2884 ἀναγνώστου
629 2822 815 2871 τοίνυν
862 2819 1058 2888 βαθμῷ
1106 2817 1431 2880 καθεστὼς,
1477 2818 1604 2879 τοὺς
1659 2817 1800 2870 κατὰ

233 2909 508 2963 Ἰουδαίων
529 2909 719 2976 λόγους
760 2909 1063 2963 συν-τάττει.
1096 2909 1354 2960 Διακόνου
1389 2909 1444 2960 δὲ
1463 2909 1800 2976 χειροτονίαν

219 2999 539 3068 δεξάμενος,
567 3002 694 3063 τοὺς
726 3001 854 3070 περὶ
885 2999 1188 3069 ίερωσύνης
1254 2999 1350 3052 καὶ
1392 3000 1524 3069 πρὸς
1574 3000 1800 3066 Σταγεί-

223 3109 362 3159 ριον,
393 3093 478 3144 ἔτι
499 3091 554 3144 δὲ
578 3092 816 3155 καὶτοὺς
844 3093 980 3160 Περί
1015 3093 1445 3158 ἀκαταλήπτου
1470 3094 1794 3163 συγγράφει,

1895 610 2282 664 Alexandriam
2324 612 2583 681 profugit.
2623 613 2859 668 Proinde
2895 614 3043 682 quod
3075 617 3226 670 illum
3268 617 3463 672 ﬁdissi—

1894 716 2045 754 mum
2077 703 2178 756 sibi
2228 706 2597 771 cognovisset,
2642 721 2873 774 pensare
2924 714 3039 758 tum
3092 709 3237 775 quod
3275 725 3374 779 pro
3405 726 3465 764 se

1895 793 2108 847 adierat
2141 794 2443 862 periculum
2469 837 2483 856 ,
2519 798 2690 865 gratia
2730 797 2910 865 aliqua
2948 797 3226 865 cogitabat
3255 801 3466 853 studio-

1896 900 2002 953 que
2031 893 2183 938 tanto
2219 901 2316 954 pro
2346 900 2413 939 eo
2442 886 2744 940 laborabat.
2778 886 2942 958 359
2968 887 3097 942 Sive
3128 899 3310 942 autem
3341 905 3461 942 eam

1898 975 1968 1029 ob
1997 991 2242 1040 causam,
2291 986 2349 1029 tit
2396 975 2621 1039 dicitur,
2657 977 2759 1031 hoc
2797 978 3012 1041 fecerit,
3051 993 3151 1034 seu
3184 979 3331 1047 quod
3373 980 3463 1033 ὒνὶ

1898 1076 2174 1120 amantem
2218 1070 2396 1121 virum
2449 1067 2514 1121 ad
2566 1065 2940 1136 episcopatum
2987 1080 3239 1124 evectum
3287 1069 3467 1122 ’Πιθο-

1899 1157 2087 1226 pbilus
2114 1157 2366 1216 voluerit.
2396 1168 2678 1226 postremo
2708 1169 2761 1210 et
2788 1157 2905 1226 ipse
2936 1159 3270 1214 ordinationi
3301 1159 3467 1213 Joan-

1901 1248 1986 1300 nis
2050 1247 2319 1300 calculum
2373 1248 2608 1316 adjecit,
2673 1251 3116 1318 sententiamque
3169 1251 3472 1320 imperialis

1897 1339 2035 1392 anlte
2074 1339 2432 1407 approbavit,
2465 1355 2587 1407 qute
2621 1341 3027 1395 ordinationem
3052 1341 3285 1397 Joannis
3314 1343 3468 1397 obti-

1901 1445 2034 1483 nere
2068 1430 2356 1483 manifeste
2389 1430 2620 1486 studuit.
2656 1432 2935 1486 Metuebat
2977 1448 3107 1486 vero
3139 1434 3469 1501 Eutropium

1902 1523 2284 1592 praepositum.
2333 1522 2424 1591 qui
2463 1524 2820 1590 imperatoris
2849 1524 3064 1579 aedibus
3112 1534 3164 1578 et
3213 1526 3471 1580 cubiculo

1903 1622 2017 1666 tum
2060 1614 2294 1681 praifuit.
2343 1615 2546 1682 Aperte
2577 1617 2723 1670 enim
2767 1616 2813 1671 is
2844 1617 2920 1671 illi
2969 1616 3339 1672 niinabundus
3375 1619 3475 1674 de-

1903 1707 2217 1771 nuntiarat,
2261 1717 2321 1760 ut
2370 1708 2453 1760 vel
2486 1708 2607 1762 aliis
2652 1709 2768 1776 ipse
2807 1724 3026 1778 quoque
3058 1709 3322 1780 suffragio
3368 1725 3470 1764 suo

1906 1795 2278 1856 consentiret.
2334 1796 2417 1849 vel
2467 1811 2527 1850 se
2573 1797 2640 1849 ad
2687 1797 2976 1852 dicendam
3018 1815 3238 1854 causam
3280 1811 3470 1857 contra

1903 1897 2256 1941 accusatores
2287 1902 2420 1940 suos
2451 1899 2686 1956 pararet.
2721 1889 2873 1944 Multi
2903 1893 3048 1945 enim
3083 1901 3195 1946 tum
3234 1892 3308 1947 ibi
3341 1895 3472 1948 ade-

1902 1987 2047 2042 rant,
2077 1978 2168 2044 qui
2197 1994 2261 2030 ex
2293 1977 2619 2032 Alexandria
2648 1991 2935 2046 venerant,
2964 1983 3179 2038 libellos
3203 1984 3470 2039 adversus

1901 2083 2052 2131 eum,
2083 2069 2178 2137 qui
2202 2070 2376 2122 coacti
2413 2069 2658 2134 fuerant,
2696 2073 2974 2142 episcopis
3003 2075 3338 2130 offerentes:
3372 2077 3466 2131 alii

1900 2160 2005 2212 alia
2053 2161 2282 2214 crimina
2311 2161 2362 2214 ei
2407 2163 2730 2231 objicientes
2753 2207 2766 2228 ,
2800 2175 2855 2218 et
2887 2166 3100 2221 divinas
3134 2168 3473 2224 ecclesiasti-

1900 2264 2101 2320 casque
2130 2252 2274 2322 leges
2322 2269 2459 2308 eum.
2498 2255 2730 2310 violasse
2773 2268 3120 2314 accusantes.
3165 2259 3290 2316 llaec
3338 2276 3471 2318 vero

1902 2342 2241 2412 Theophilus
2275 2345 2510 2412 timens,
2544 2363 2654 2402 non
2694 2349 2870 2403 solum
2901 2350 3098 2405 Joanui
3135 2352 3469 2422 suffragatus

1900 2447 2004 2501 est,
2039 2438 2133 2491 sed
2183 2439 2440 2492 eumdem
2483 2440 2647 2494 etiam
2697 2457 2795 2510 per
2824 2458 3021 2498 manus
3065 2446 3469 2511 impositioncm

1900 2531 2262 2584 consecravit.
2316 2530 2604 2586 Lectorem
2647 2548 2810 2599 eum,
2855 2537 3322 2604 quemadmodum
3373 2538 3472 2594 So-

1901 2631 2080 2676 crates
2132 2624 2537 2678 ecclesiasticus
2590 2626 2828 2694 scriptor
2858 2628 3012 2687 dicit.
3065 2631 3271 2684 erravit
3321 2631 3471 2686 Zeno

1901 2711 2057 2767 Gazae
2089 2716 2203 2768 sive
2239 2715 2486 2791 Majumae
2513 2717 2823 2786 episcOpus,
2862 2719 3253 2792 Hierosolymis
3286 2740 3474 2784 rever-

1903 2813 2044 2857 tens.
2087 2805 2237 2859 Vixit
2262 2807 2338 2872 tl)
2376 2817 2560 2862 autem
2596 2817 2708 2863 tum
2740 2810 2981 2874 diutius,
3014 2813 3174 2868 sicuti
3208 2814 3350 2869 idem
3388 2826 3472 2872 tc-

1901 2902 2111 2956 statur,
2144 2910 2265 2948 cum
2302 2895 2533 2962 Basilio;
2565 2899 2660 2968 qui
2704 2899 2912 2955 dudum
2943 2903 3162 2970 quidem
3190 2920 3219 2958 a
3253 2905 3472 2962 Meletio

1903 2985 1955 3037 in
1985 2985 2342 3042 diacouorum
2375 2990 2624 3044 ordinem
2657 2993 2834 3047 lectus
2882 2993 3082 3058 fuerat,
3114 3005 3303 3064 postea
3337 3013 3471 3054 vero

1901 3077 2144 3130 ecclesiae
2208 3078 2529 3134 Ca'saricnsi
2599 3081 2744 3150 apud
2815 3084 3168 3153 Cappadoces
3227 3089 3467 3158 prtefuit.

222 3188 320 3237 καὶ
377 3186 505 3246 τοὺς
558 3183 701 3252 Περὶ
753 3183 872 3236 τῶν
922 3183 1345 3237 ova-erodatur
1385 3183 1706 3252 ’ἱερωσύνης
1759 3181 1872 3238 6⁸0

1790 3181 1872 3238 ·ο
1904 3166 2057 3232 Quod
2091 3174 2314 3224 omnino
2370 3173 2545 3242 rejirit
2595 3175 2853 3245 Symeon,
2899 3180 2990 3244 qui
3039 3181 3180 3234 sacri
3229 3182 3467 3254 Chryso-

223 3277 503 3341 ἀξιωθεὶς,
559 3280 660 3336 τὰς
718 3276 829 3327 τῶν
885 3273 1044 3327 θείων
1091 3275 1438 3341 Εὑαγγελίων
1490 3275 1800 3343 ἐξηγήσεις,

227 3371 351 3430 τούς
369 3386 427 3420 τε
471 3367 884 3435 Ἀνδριὰντας,
912 3369 1008 3419 καὶ
1045 3367 1147 3437 τὴν
1170 3367 1577 3435 Παραμυθιάν,
1605 3368 1696 3417 xui.
1735 3365 1801 3418 τὰ

222 3464 302 3521 εἰς
334 3460 430 3512 τὸν
469 3457 780 3526 Ψαλτῆρα,
808 3461 902 3510 καὶ
958 3459 1084 3520 τοὺς
1131 3459 1271 3524 Περὶ
1324 3459 1648 3525 παρθενίας
1700 3456 1802 3509 καί

218 3552 672 3619 ἐλεημοσύνης,
721 3550 821 3603 ικαὶ
875 3549 1066 3611 ἄλλους
1098 3551 1357 3622 ἀπείρους
1398 3551 1664 3617 ἐκτίθησι.
1696 3550 1800 3601 Τὸν

215 3642 276 3694 δὲ
301 3643 443 3694 Οεῖον
477 3642 824 3710 ’ᾼπόστολον,
879 3645 973 3694 καὶ
1025 3641 1195 3694 αὑτοῦ
1252 3643 1463 3694 ἐκείνου
1522 3642 1802 3720 μυστικῶς

215 3727 541 3797 ὁμιλοῦντος
575 3731 878 3804 συντάττει.
924 3725 1086 3779 Ἀλλὰ
1123 3726 1309 3795 δήκαὶ
1339 3727 1436 3788 τὰς
1470 3727 1620 3796 ἱερὰς
1655 3727 1802 3796 Πρά-

222 3817 362 3881 ξεις,
393 3816 489 3868 καὶ
507 3815 642 3870 ἄλλα
666 3816 762 3869 σὺν
789 3814 1003 3877 τούτοις
1071 3815 1322 3878 πλεῖστα,
1354 3815 1551 3883 ἐορτάς
1599 3832 1659 3866 τε
1708 3816 1802 3867 καὶ

219 3905 566 3975 πανηγύρεις
598 3906 892 3975 διαφόρους
926 3905 1231 3976 σεμνύνων,
1267 3908 1323 3956 ἐν
1351 3908 1417 3974 τῇ
1455 3905 1802 3975 ἀρχιερωσύ-

217 4013 289 4067 νῃ
323 3995 494 4048 τελῶν
555 3995 698 4049 κατὰ
744 3995 844 4064 τὴν
893 3994 1487 4048 Κωνσταντινούπολιν.
1543 3995 1702 4064 Ἐμοὶ
1756 3994 1802 4048 δ’

217 4087 469 4154 ἐντυχεῖν
502 4085 681 4152 λόγοις
711 4086 805 4138 καὶ
829 4086 966 4154 ὑπὲρ
993 4084 1198 4153 χιλίους
1218 4085 1436 4151 ἐγένετο
1466 4082 1560 4137 τοῦ
1589 4085 1799 4153 ἀνδρὸς,

216 4178 507 4247 ἀμύθητον
559 4172 671 4230 οἷον
705 4177 804 4245 τὴν
857 4178 1053 4246 ἡδονὴν
1094 4175 1505 4241 ἁποστάζοντας
1532 4193 1547 4208 ·
1608 4175 1802 4229 τούτου

218 4272 335 4340 γὰρ
372 4270 434 4321 ἐκ
489 4270 610 4321 νέου
656 4268 803 4338 μάλα
841 4269 940 4322 καὶ
1004 4270 1434 4337 προσετετίμειν
1467 4269 1543 4337 τῷ
1601 4268 1798 4338 ἐρωτυ

218 4365 316 4412 καὶ
339 4359 414 4421 ὡς
454 4358 592 4411 Θεοῦ
617 4361 822 4428 φωναῖς
851 4359 969 4420 ταῖς
1003 4359 1215 4410 ἐκείνου
1248 4359 1666 4426 ἐνεκαρτέρουν.
1693 4357 1802 4410 Καὶ

216 4452 275 4502 εἴ
303 4449 434 4501 τιδέ
467 4467 561 4517 μοι
593 4449 895 4518 περίεστιν,
941 4450 1152 4500 ἐκεῖθεν
1189 4448 1295 4518 ἐχω
1325 4448 1524 4501 λαϐὼν.
1563 4448 1799 4510 Πολλοὺς

214 4542 275 4592 δὲ
315 4542 409 4592 καὶ
439 4539 548 4592 τῶν
602 4542 728 4606 ἐμοὶ
763 4540 1076 4608 φοιτώντων
1139 4540 1354 4606 ἔπεισα,
1395 4538 1552 4592 πάντ’
1591 4538 1798 4605 άφεμέυ

217 4649 348 4692 νους
388 4632 539 4699 αὐτῷ
560 4633 928 4702 προσχωρεῖν.
973 4630 1115 4683 Ἀλλ’
1163 4631 1256 4685 ἐπὶ
1312 4631 1374 4683 τὸ
1435 4630 1796 4700 προκείμενον

213 4723 628 4792 ἐπανέλθωμεν.

1905 3261 2063 3313 stomi
2113 3264 2273 3316 vitam
2325 3269 2694 3335 conscripsit;
2729 3284 2851 3322 nam
2893 3271 2936 3324 is
2980 3288 3007 3324 a
3046 3272 3303 3328 Flaviano
3342 3292 3468 3330 eum

1903 3362 1959 3406 ct
1992 3353 2278 3408 diaconum
2328 3369 2382 3411 et
2432 3362 2811 3430 presbyterum
2860 3375 3104 3416 creatum
3154 3382 3312 3432 csse,
3356 3384 3472 3421 me-

1905 3441 2090 3494 tnoritc
2135 3444 2406 3510 prodidit:
2453 3463 2563 3515 quo
2606 3461 2849 3518 tempore
2891 3454 3054 3505 ctiam
3097 3454 3335 3510 divinam
3377 3473 3474 3512 co-

1905 3534 2146 3586 lumbam
2185 3536 2532 3591 advolantcm
2559 3577 2574 3601 ,
2623 3556 2783 3595 sacro
2822 3544 2940 3610 ejus
2984 3547 3149 3614 capiti
3203 3549 3470 3607 insedisse

1904 3635 2190 3678 memorat.
2226 3627 2480 3684 Socrates
2509 3642 2694 3686 autem
2725 3633 2794 3687 ab
2823 3634 3058 3705 Evagrio
3088 3655 3210 3692 eum
3243 3643 3470 3714 presby-

1904 3715 2004 3768 teri
2039 3716 2306 3784 dignitate
2335 3730 2558 3776 auctum
2589 3739 2711 3778 esse
2740 3725 2892 3780 dicit.
2930 3727 3059 3782 Post
3093 3731 3292 3787 Meletii
3319 3734 3466 3789 enim

1903 3806 2112 3860 obitum
2145 3813 2439 3864 secessisse
2476 3827 2504 3864 a
2542 3812 2848 3870 Bleletianis
2882 3815 3172 3885 Joannem,
3204 3830 3259 3875 et
3295 3822 3470 3877 trien-

1904 3899 2054 3953 nium
2086 3901 2189 3954 sibi
2228 3903 2330 3970 ipsi
2384 3904 2572 3972 quiete
2613 3907 2685 3960 ita
2723 3909 2958 3974 vixisse,
3011 3921 3071 3965 ut
3119 3928 3299 3983 neque
3344 3931 3468 3970 cum

1904 3989 2138 4057 Meletii,
2185 4009 2362 4062 neque
2394 4012 2517 4049 cum
2554 3998 2765 4053 Paulini
2812 4004 3178 4058 sectatoribus
3221 4021 3471 4061 commu-

1904 4083 2123 4138 nionem
2158 4085 2412 4140 coleret:
2460 4099 2647 4156 postea
2699 4107 2830 4145 vero
2868 4095 2938 4146 ab
2981 4095 3210 4164 Evagrio
3253 4098 3468 4154 Paulini

1902 4190 2216 4230 successore
2245 4179 2624 4249 presbyterum
2655 4194 2899 4237 creatum
2932 4200 3073 4252 esse,
3108 4187 3298 4243 refert.
3329 4190 3464 4244 Cum

1905 4266 1958 4319 in
1992 4267 2258 4322 lectorum
2307 4272 2499 4325 ordine
2549 4275 2900 4340 consisteret,
2948 4281 3229 4336 orationes
3276 4294 3469 4340 centra

1901 4359 2118 4414 Judaeos
2165 4367 2497 4431 composuit.
2546 4367 2815 4422 Diaconos
2866 4382 3048 4426 autem
3103 4375 3312 4439 factus,
3347 4377 3470 4430 din-

1903 4448 2055 4520 logos
2081 4453 2147 4506 de
2174 4456 2467 4534 episcopali
2497 4474 2743 4520 munere,
2773 4470 2827 4514 ct
2853 4462 3025 4517 libros
3055 4465 3120 4517 ad
3150 4466 3466 4536 Stagirium,

1904 4544 2034 4599 item
2069 4546 2204 4598 alios
2235 4546 2301 4600 de
2351 4548 2930 4618 incomprehensibili,
2970 4565 3022 4608 et
3072 4559 3206 4612 alios
3255 4577 3469 4614 rursum

1902 4633 2034 4700 περὶ
2067 4635 2175 4686 τῶν
2203 4638 2572 4690 συνεισάκτων
2606 4640 2709 4707 (‘2),
2769 4644 2872 4696 hoc
2902 4657 3004 4708 cst,
3036 4646 3103 4699 de
3136 4651 3327 4715 puellis
3359 4668 3467 4704 non

1899 4727 2235 4781 matrimonii
2275 4746 2450 4798 neque
2485 4732 2734 4786 libidinis
2771 4752 2929 4790 causa
2972 4739 3270 4806 :nloptatis.
3334 4745 3469 4795 scri-

213 4822 352 4890 psit.
383 4819 547 4888 350
571 4818 884 4888 Presbyteri
910 4833 1038 4872 vero
1074 4820 1284 4871 honore
1311 4818 1716 4884 cobonestatus,
1743 4823 2114 4889 expositiones
2144 4824 2515 4879 divininorum
2553 4830 2993 4898 Evangeliorum,
3018 4835 3379 4905 ’Δ.δριά·ιτα;,
3417 4843 3468 4892 id

212 4926 326 4981 est,
359 4915 1522 4980 Statuas,Consolationem,Commentarios
1584 4920 1638 4970 in
1703 4917 2049 4984 Psalterium,
2125 4920 2200 4975 De
2263 4925 2605 4993 virginitate,
2659 4928 2730 4980 De
2778 4931 3174 4994 misericordia,
3211 4943 3259 4988 et
3301 4938 3470 5004 νισι-ῆι

216 5028 341 5066 inus
364 5011 501 5064 alios
544 5009 712 5063 libros
746 5009 938 5062 edidit.
983 5009 1245 5062 llomilias
1281 5025 1411 5064 vero
1477 5012 1736 5080 mysticae
1802 5012 1855 5064 in
1899 5013 2145 5066 divinum
2197 5017 2558 5084 Apostolum,
2611 5032 2665 5075 et
2719 5023 2772 5076 in
2825 5039 2979 5077 sacra
3031 5026 3198 5088 Acta,
3255 5029 3471 5098 aliaque

212 5113 483 5175 pneterea
524 5102 788 5170 plurima.
823 5102 989 5155 festos
1021 5103 1139 5156 dies
1172 5112 1228 5156 et
1260 5113 1566 5157 conventus
1604 5104 2004 5159 ecclesiasticos
2043 5109 2221 5162 varios
2275 5110 2578 5175 celebrans,
2619 5115 3090 5186 Constantinopoli
3161 5121 3213 5173 in
3255 5124 3470 5188 cpiscc-

213 5206 350 5268 patu
381 5196 649 5249 condidit.
675 5193 787 5262 Ego
820 5211 949 5247 vero
979 5210 1141 5262 supra
1171 5196 1315 5247 mille
1341 5195 1460 5262 ejus
1519 5196 1619 5249 viri
1691 5198 2105 5255 lucubrationes
2165 5201 2289 5272 legi,
2323 5203 2585 5258 ineffabili
2656 5209 2888 5276 quadam
2921 5217 3188 5265 suavitate
3213 5213 3466 5268 dilllncnv-

211 5304 322 5348 tcs.
376 5291 494 5345 Jam
549 5290 696 5342 enim
731 5289 858 5343 inde
939 5290 1006 5342 ab
1052 5291 1419 5344 adolescentia
1470 5306 1656 5346 amore
1708 5291 1826 5362 ejus
1873 5293 2133 5363 ﬂagravi,
2185 5307 2349 5367 atque
2397 5302 2454 5353 in
2524 5302 2668 5356 illius
2703 5304 2927 5372 perinde
2964 5313 3126 5374 atque
3170 5305 3264 5358 Dei
3301 5307 3474 5374 ipsius

210 5388 450 5442 vocibus
490 5386 765 5456 acquievi.
818 5387 996 5454 Atque
1034 5387 1076 5441 si
1141 5387 1271 5455 quid
1319 5386 1448 5439 mibi
1501 5397 1584 5441 est
1629 5389 1976 5452 eruditionis,
2053 5393 2105 5446 id
2173 5396 2222 5448 ei
2295 5406 2576 5465 acceptum
2614 5399 2749 5452 fero.
2788 5400 2970 5454 Multis
2995 5402 3158 5454 etiam
3193 5419 3253 5455 cx
3294 5412 3469 5466 secta-

212 5483 436 5536 toribus
479 5480 615 5533 meis
650 5480 926 5547 persuasi,
973 5490 1031 5533 ut
1069 5483 1324 5534 omnibus
1358 5481 1601 5547 relictis,
1671 5483 1821 5536 illum
1864 5486 1966 5538 sibi
2040 5487 2362 5544 familiarem
2415 5491 2676 5545 facerent.
2725 5493 2924 5548 Verum
2974 5494 3038 5547 ad
3084 5506 3470 5563 argumentum

212 5578 532 5634 institutum
565 5582 925 5627 revertamur.

287 5759 365 5829 (l)
400 5757 554 5829 Socr.
584 5755 790 5829 lib._vr,
830 5770 953 5829 cap.
989 5755 1060 5829 κδ.

291 5826 370 5901 (2)
398 5826 843 5884 Subintroducta:
870 5827 952 5880 b1:
986 5828 1040 5880 in
1069 5828 1395 5897 canonibus,
1429 5840 1695 5885 extranea:
1752 5831 1803 5884 in
1843 5830 2057 5900 legibus
2088 5831 2367 5885 dicuntur.
