4248 6446
236 453 342 514 937

1165 451 1757 512 ECCLESIAS!‘1C.E
1798 449 2179 508 l‘llSTURlE
2216 451 2356 508 LIB.
2398 447 2569 512 ΧΙΠ.

3360 448 3464 514 938

239 569 447 630 καινὸν,
479 567 526 618 εἰ
559 567 649 619 καί
683 583 818 618 τισιν
845 564 904 617 οὗ
940 566 1101 628 καλὸς
1135 565 1332 628 ἐδόκει,
1365 566 1484 617 ἐπεί
1509 565 1585 616 τοί
1615 581 1672 630 γε
1713 562 1803 615 καὶ

1847 564 1876 616 Α
1909 562 2182 630 principio
2207 562 2512 626 exhiberet,
2548 562 2718 616 durus
2748 561 2964 629 quidam
2998 571 3051 616 et
3073 563 3251 632 gravis
3282 561 3471 615 admo-

238 663 298 711 τὸ
330 659 453 728 μέλι
484 659 683 730 πικρὸν
748 660 859 721 τοῖς
914 658 1191 726 ίκτεριῶτι
1238 659 1405 710 δοκεῖ.
1461 651 1708 710 Μάλιστα
1739 654 1806 718 δ’,

240 752 312 812 ὥς
347 769 538 819 φασιν,
569 752 762 818 ἐνῆγεν
811 749 950 802 οὕτω
999 751 1110 811 τοῖς
1172 749 1387 810 πολλοῖς
1447 746 1808 818 προσκρούειν

239 845 532 913 Σαραπίων
557 845 584 895 ό
616 842 885 913 μαθητής.
919 843 1016 894 ’ον
1053 858 1182 894 ποτε
1235 843 1515 912 παρρησία
1541 841 1646 892 τῶν
1678 855 1809 904 συγ-

217 938 459 1004 ,κὶήρων
495 936 713 987 πάντων
752 935 908 1001 λόγος
939 933 1230 997 είπεῖν,ὼς
1268 953 1284 984 ι
1325 933 1436 985 Οὐκ
1464 934 1527 986 ἄν
1559 949 1618 998 γε
1649 931 1810 999 δυνη-

239 1027 392 1093 θείης
423 1027 628 1087 πάντας
661 1027 840 1093 λόγοις
869 1025 1071 1088 ἕλκειν,
1101 1027 1148 1078 εί
1183 1025 1256 1095 μὴ
1290 1027 1383 1077 καὶ
1416 1025 1647 1095 μάστιγι
1678 1024 1812 1076 πάνυ

241 1137 349 1180 τως
380 1117 625 1170 ἐλαύνειν
659 1117 1091 1186 προθυμηθείης.
1132 1136 1147 1167 ι
1182 1118 1250 1169 '0
1281 1117 1342 1185 δὴ
1368 1118 1550 1187 ῥηθὲν,
1587 1117 1812 1178 πολλοὺς

238 1213 320 1269 είς
349 1213 504 1272 μῖσος
543 1210 684 1262 κατὰ
717 1209 809 1260 τοῦ
841 1209 1139 1261 ἐπισκόπου
1197 1211 1389 1278 ἐνῆκεν
1434 1212 1495 1261 οὐ
1566 1213 1810 1280 μέτριον.

246 1301 357 1350 Καὶ
393 1301 457 1368 δὴ
497 1299 707 1351 πολλῶν
759 1299 858 1367 τῆς
917 1298 1240 1366 Ἐκκλησίας
1301 1300 1671 1367 ἀπεωσμένων
1720 1300 1812 1351 ἐπὶ

238 1395 520 1461 διαφόροις
544 1397 651 1455 τοῖς
674 1395 1010 1462 αἰτιάμασιν,
1036 1395 1257 1458 ἐκεῖνοι,
1278 1389 1472 1460 οἷάπερ
1504 1393 1666 1459 φιλεῖ,
1691 1393 1812 1446 καθ’

242 1489 472 1548 ἑαυτοὺς
523 1488 816 1548 συνιόντες,
881 1486 1015 1553 πρὸς
1046 1488 1106 1537 τὸ
1156 1485 1311 1548 δόξαν
1349 1487 1460 1545 τοῖς
1523 1483 1812 1553 κρατοῦσιν

242 1575 450 1644 ὡρμων
491 1591 508 1606 ο
536 1575 628 1626 καὶ
663 1575 896 1642 φατρίαν
929 1576 1029 1626 οὐκ
1076 1574 1272 1641 ἀγεννῆ
1309 1577 1728 1643 συστησάμενοι,
1752 1575 1811 1626 οὐ

245 1667 503 1734 μετρίανς
567 1667 807 1737 ἐχρῶντο
861 1667 983 1720 κατ’
1022 1667 1186 1720 αὐτοῦ
1243 1667 1532 1730 διαϐολαῖς.
1587 1669 1694 1721 Καί
1749 1683 1812 1734 γε

245 1763 433 1812 πίστιν
467 1765 694 1830 παρεῖχε
717 1763 785 1814 τὰ
819 1763 1108 1830 εἰρημένα,
1136 1763 1216 1814 ὅτι
1257 1763 1330 1831 μὴ
1366 1763 1662 1815 συνεσθίων
1705 1762 1814 1814 τινὶ

241 1860 272 1908 ὁ
311 1857 566 1924 Ἰωάννης
594 1857 937 1925 πεφώραται,
979 1858 1100 1924 μηδ’
1136 1857 1218 1924 ἐφ’
1245 1857 1433 1909 ἑστίαν
1465 1858 1577 1909 ίὼν.
1620 1857 1709 1920 Ἐξ
1739 1851 1813 1908 ὢν

245 1945 345 1996 καὶ
374 1944 594 2011 μείζους
622 1945 815 2012 ἐκείνῳ
852 1943 1095 1996 διαϐολαὶ
1127 1948 1498 2014 ἀνηγείροντο.
1550 1947 1662 1997 Τίνι
1715 1947 1815 2014 μὲν

244 2031 341 2086 οὖν
372 2035 515 2101 λόγῳ
555 2035 698 2086 τοῦτ’
725 2035 1014 2103 ἔπραττεν,
1050 2037 1222 2096 οὐδεὶς
1268 2037 1455 2103 σαφῶς
1502 2038 1767 2106 ἡγγελλεν
1793 2052 1809 2067 ’

243 2129 296 2177 οἱ
330 2126 374 2176 δ’
407 2127 622 2177 ἐκείνου
655 2126 1084 2194 ἀπολογούμενοι
1117 2127 1212 2196 τὴν
1239 2130 1453 2195 μακρὰν
1490 2130 1818 2197 προεϐάλον-

244 2233 310 2269 το
334 2218 588 2285 ἄσκησιν,
631 2219 726 2272 καὶ
767 2219 826 2271 τὸ
867 2217 1148 2286 δυσφόρως
1187 2220 1330 2287 ἔχειν
1387 2221 1477 2274 τὸν
1525 2221 1815 2290 στόμαχον,

249 2305 491 2366 ἀσθενῶς
521 2306 650 2374 περὶ
666 2305 726 2357 τὸ
757 2305 972 2358 πέττειν
1000 2305 1195 2373 ἔχοντα
1250 2308 1318 2357 τὰ
1364 2309 1529 2360 σιτία.
1569 2310 1718 2371 Τέως
1770 2309 1816 2362 δ’

250 2397 403 2456 ὅπως
439 2391 608 2464 εἶχεν,
639 2396 700 2448 ού
759 2398 963 2465 μικρὰν
1022 2396 1162 2463 τάχα
1221 2400 1447 2465 παρεῖχε
1491 2399 1658 2468 λαϐὴν
1707 2402 1818 2462 τοῖς

247 2486 508 2545 ἐναντίως
544 2486 930 2553 διακειμένοις.
975 2486 1050 2538 Τὸ
1071 2487 1127 2537 δέ
1152 2503 1217 2554 γε
1255 2488 1458 2556 πλῆθος
1497 2489 1584 2542 διὰ
1615 2490 1675 2542 τὸ
1722 2491 1820 2559 τῆς

248 2579 602 2638 διδασκαλίας
635 2577 885 2644 ἄφθονον,
912 2578 1007 2632 καὶ⁸
1054 2579 1152 2647 τὴν
1213 2579 1424 2633 ἐκεῖθεν
1470 2580 1820 2648 πηγάξουσαν

247 2672 461 2739 ὄνησιν,
515 2671 722 2739 σφόδρα
793 2669 1031 2738 ἐξείχετο
1089 2669 1180 2721 τοῦ
1243 2672 1469 2738 ἀνδρὸς,
1527 2675 1822 2740 ὑπερφυῶς

251 2760 488 2828 ἐρῶντες
523 2757 622 2827 τῆς
653 2757 921 2826 γλώττης,
951 2758 1025 2819 ὡς
1064 2761 1157 2810 καὶ
1213 2761 1599 2830 Χρυσόστομον
1661 2765 1822 2818 αὑτὸν

250 2851 598 2917 προσειπεῖν,
623 2848 682 2899 τὺ
709 2847 1046 2916 ὑπερϐάλλον
1077 2849 1176 2913 τῆς
1209 2848 1434 2919 ἐνούσης
1472 2852 1694 2922 χάριτος
1735 2856 1820 2904 αἱ-

249 2943 556 3010 νιττόμευῖ.
583 2955 595 2968 °
627 2943 715 2992 καῖ
741 2942 990 3006 οὐδαμῶς
1034 2941 1144 2994 τῶν
1194 2944 1499 3010 ἐρεσχελεῖν
1531 2945 1822 3012 ᾑρημένων

249 3035 445 3087 τοῦτον
472 3031 809 3101 ἐφρόντιζον.
840 3032 903 3083 Τί
948 3032 1004 3084 δὲ
1060 3033 1166 3100 χρὴ
1222 3032 1401 3097 λέγειν
1439 3031 1592 3096 αὖθις
1647 3034 1822 3087 ὁποῖοί

250 3138 400 3182 τινες
436 3121 629 3188 ἐκείνῳ
661 3117 802 3190 ἦσαν
844 3121 893 3171 oi
947 3120 1117 3185 λόγοι,
1169 3121 1283 3173 ὅσοι
1335 3122 1432 3188 μὲν
1488 3124 1820 3192 γραφόμενοι

251 3210 562 3273 ἐξεδίδοντ’),
591 3209 703 3260 ὅσοι
728 3208 785 3260 δὲ
837 3208 1085 3272 λέγοντος
1141 3207 1246 3259 ὑπὸ
1292 3207 1402 3259 τῶν
1453 3211 1820 3276 ταχυγράφων

251 3300 694 3368 ἀνελαμϐάνοντο
722 3317 736 3363 ;
765 3303 856 3351 καὶ
901 3299 1102 3367 μᾶλλον
1147 3300 1194 3351 oi
1255 3300 1518 3363 πλεῖστοι,
1564 3303 1710 3363 ὅπως
1763 3319 1822 3353 τε

250 3392 499 3460 λαμπροὶ
533 3391 676 3454 λίαν,
740 3390 833 3441 καὶ
884 3390 943 3441 τὸ
995 3390 1281 3457 ἐπαγωγόν
1328 3407 1386 3442 τε
1446 3393 1560 3458 ἅμα
1610 3393 1704 3445 καὶ
1766 3395 1825 3445 τὸ

255 3487 450 3550 θέλγον
485 3484 631 3548 μάλα
685 3481 1122 3550 προϐεϐλημένοι
1154 3497 1169 3547 ;
1200 3481 1317 3544 ἐξὸν
1348 3484 1694 3552 ἐντυγχάνειν
1749 3485 1826 3552 τῷ

254 3573 566 3641 βουλομένῳ
633 3571 995 3636 ἀναλέγεσθαι
1044 3587 1102 3622 τε
1168 3572 1433 3634 τούτους.
1487 3577 1578 3624 καὶ
1622 3574 1720 3640 τὴν
1769 3576 1827 3638 ἐξ

254 3667 482 3718 ἐκείνων
535 3664 877 3734 καρποῦσθαι
941 3665 1210 3732 ὠφέλειαν
1241 3679 1254 3693 ⁶
1285 3667 1419 3733 πρὸς
1472 3666 1528 3717 δὲ
1581 3668 1674 3718 καὶ
1727 3669 1826 3735 τὴν

253 3757 410 3809 θείαν
469 3755 663 3821 ἡδονὴν
705 3753 1086 3821 ἀπαρύεσθαι’
1135 3753 1210 3814 ὡς
1260 3755 1352 3805 καὶ
1400 3754 1577 3808 δοκεῖν
1630 3755 1824 3819 ἐξεῖναι

257 3848 422 3908 θείως
454 3846 746 3914 βακχεύειν
776 3847 870 3896 καὶ
896 3845 1148 3915 σώφρονα
1201 3847 1510 3915 μαίνεσθαι.
1551 3849 1690 3900 Ἀλλ’
1721 3850 1824 3906 Et»:

259 3942 359 4007 μὲν
398 3938 478 4005 τῷ
511 3939 699 4004 κλήρῳ
732 3940 876 4005 μόνῳ
909 3939 1263 4005 προσέϐαλεν,
1295 3939 1590 4008 ἀρρώστως
1623 3936 1823 4010 εἷχενή

257 4030 378 4082 κατ’
406 4028 570 4080 αὐτοῦ
608 4029 795 4096 μανία,
831 4029 920 4080 καὶ
949 4029 1151 4098 ἥκιστα
1178 4032 1310 4100 δρᾷν
1341 4046 1390 4082 τι
1432 4031 1684 4101 δεδύνητο
1703 4035 1824 4085 κατ’

259 4119 430 4172 αὑτοῦ
454 4137 466 4150 ·
502 4121 578 4181 ὡς
599 4119 653 4172 δέ
688 4121 783 4172 καὶ
812 4120 938 4182 τοὺς
968 4123 1026 4172 ἐν
1055 4123 1196 4173 τέλει
1229 4123 1309 4179 είς
1342 4123 1644 4190 τούμφανὲς
1675 4126 1825 4176 ἐπει-

259 4212 391 4279 ρᾶτο
420 4210 741 4279 διελέγχειν,
769 4210 1067 4279 τηνικαῦτα
1092 4219 1184 4263 καὶ
1215 4214 1242 4263 ό
1276 4213 1400 4264 κατ’
1454 4216 1662 4266 ἐκείνου
1694 4217 1824 4283 φθό-

257 4318 349 4363 νος
416 4303 497 4361 εις
559 4303 702 4371 μέγα
756 4303 1050 4371 ἀνήπτετο,
1112 4304 1204 4355 καὶ
1261 4304 1427 4356 πολλὰ
1475 4304 1592 4357 κατ’
1655 4308 1817 4360 αὑτοῦ

253 4395 509 4445 ἐκινεῖτο.
550 4392 743 4459 Ἐνῆγε
781 4393 827 4446 δ’
854 4395 1084 4446 ἕκαστον
1135 4394 1270 4461 πρὸς
1301 4397 1361 4446 τὸ
1400 4395 1592 4448 δοκοῦν
1645 4397 1823 4466 ἐαυτῷ

257 4487 356 4538 καὶ
388 4488 505 4546 ταῖς
538 4485 811 4546 διαϐολαῖς
861 4486 1138 4540 πιστεύειν
1182 4489 1244 4541 ἐκ
1291 4491 1384 4543 τοῦ
1457 4492 1819 4558 παρήκοντος,

1913 650 2042 703 dum
2078 666 2196 704 esse
2228 652 2378 706 visus
2409 665 2490 706 est
2523 653 2877 720 peccantibus
2908 669 2920 707 :
2955 653 3302 722 potissimum
3343 669 3472 706 vero

1912 746 2010 804 eis,
2056 744 2148 811 qui
2190 743 2242 797 in
2272 743 2420 800 clero
2454 745 2707 799 absurdis
2734 746 3040 814 gaudebant
3074 748 3250 800 faelis.
3282 748 3471 816 Itaque

1913 849 2166 902 magnum
2214 835 2479 890 adversus
2511 853 2636 890 eum
2681 837 2869 891 odium
2914 849 2994 892 cst
3031 853 3375 901 succensum,
3415 847 3474 895 et

1913 924 2067 977 multi
2098 925 2371 980 hostiliter
2393 927 2540 980 illum
2567 927 2937 983 declinabant.
2963 927 3293 982 Multitudini
3319 943 3474 993 vero,

1911 1031 2075 1084 quant
2102 1018 2322 1072 assidua
2355 1019 2606 1073 doctrina
2630 1020 2998 1080 demulcebat,
3033 1020 3265 1073 maxime
3291 1027 3479 1089 gratus

1912 1107 2034 1161 fuit.
2086 1109 2270 1178 Neque
2319 1111 2458 1164 adeo
2496 1112 2693 1165 mirum
2725 1120 2827 1171 est,
2856 1114 2898 1165 si
2935 1112 3259 1180 quibusdam
3297 1113 3480 1166 minus

1913 1197 2088 1253 bonus
2112 1201 2263 1255 visus
2284 1213 2370 1255 est
2397 1220 2410 1255 :
2448 1218 2570 1255 nam
2603 1203 2709 1257 mel
2744 1217 2962 1272 quoque
2999 1204 3148 1273 regio
3178 1202 3372 1256 morbo
3401 1202 3481 1264 la.

1914 1290 2236 1346 borantibus
2295 1308 2541 1346 amarum
2597 1293 2837 1347 videtur.
2901 1294 3252 1348 Potissimum
3315 1309 3474 1355 vero,

1912 1385 2071 1438 sicuti
2119 1384 2322 1447 ferunt,
2360 1395 2416 1438 ut
2465 1386 2667 1439 multos
2700 1386 2775 1440 ita
2808 1385 3158 1456 ostenderet,
3211 1384 3478 1455 Serapion

1909 1490 2034 1528 eum
2094 1476 2399 1546 discipulus
2453 1477 2688 1533 induxit.
2736 1477 2898 1546 350
2947 1477 3118 1542 Quem
3181 1478 3478 1545 aliquando

1912 1582 2098 1636 aperte
2131 1572 2182 1622 in
2217 1571 2352 1624 cleri
2383 1572 2669 1639 praesentia
2707 1572 2909 1625 dixisse
2937 1571 3079 1624 fama
3117 1581 3224 1632 est,
3264 1590 3280 1623 ι
3325 1572 3478 1624 illum

1915 1674 2022 1714 non
2071 1676 2264 1716 omnes
2302 1663 2548 1716 oratione
2591 1663 2920 1718 allecturunt
2958 1669 3125 1730 esse,”
3153 1664 3257 1717 nisi
3308 1665 3475 1718 etiam

1913 1752 2123 1819 ﬂagello
2174 1756 2398 1808 omnino
2441 1770 2537 1808 eos
2577 1756 2967 1824 compelleret;
3017 1774 3035 1807 ι
3075 1756 3220 1824 quod
3268 1754 3475 1808 dictum

1917 1846 1971 1900 in
2001 1846 2184 1900 odium
2220 1855 2276 1901 et
2321 1847 2578 1900 invidiam
2627 1863 2736 1901 non
2783 1847 3112 1902 mediocrem
3158 1847 3476 1917 episcopum

1915 1943 2059 2007 apud
2091 1940 2290 1994 multos
2318 1939 2560 1994 adduxit.
2596 1942 2889 1996 Enimvero
2911 1941 3098 1995 multis
3122 1941 3192 1994 ita
3223 1943 3293 1996 ob
3327 1943 3478 1997 varia

1917 2029 2148 2082 crimina
2179 2029 2419 2085 Ecclesia
2441 2031 2651 2099 ejectis,
2679 2031 2753 2084 illi
2779 2032 3070 2084 sententiis
3092 2046 3148 2084 se
3175 2031 3478 2100 primorum

1916 2129 1973 2176 et
2044 2122 2366 2189 optimatum
2437 2123 2978 2176 accommodabant:
3036 2131 3091 2176 et
3145 2123 3306 2176 sicuti
3361 2124 3477 2178 tieri

1918 2215 2177 2276 assuevit,
2211 2215 2264 2268 in
2303 2215 2634 2284 ejuscemodi
2675 2229 2865 2268 eorum
2900 2214 2995 2282 qui
3039 2214 3203 2267 rebus
3235 2225 3479 2282 praesunt

1921 2306 2312 2372 impotentibus
2341 2307 2628 2360 conatibus
2661 2307 2803 2360 inter
2835 2320 2892 2361 se
2921 2306 3344 2371 conveniebant,
3384 2321 3478 2359 so-

1919 2395 2278 2466 dalitatesque
2319 2409 2373 2452 et
2416 2400 2850 2468 conspirationes
2895 2415 3002 2454 non
3051 2400 3478 2454 contemnendas

1921 2487 2313 2552 instituebant,
2355 2500 2518 2556 atque
2552 2504 2676 2542 eum
2709 2505 2814 2542 non
2854 2491 3225 2545 mediocribus
3255 2501 3480 2558 expete-

1921 2577 2051 2630 bant
2081 2579 2389 2633 calumniis.
2419 2581 2483 2633 Et
2510 2597 2630 2650 quae
2655 2582 2733 2635 illi
2764 2582 2818 2636 in
2847 2598 2972 2637 eum
3008 2585 3287 2647 dicebant,
3319 2584 3481 2638 ﬁdem

1922 2669 2289 2723 obtinebant:
2345 2673 2490 2739 quod
2537 2687 2661 2726 cum
2718 2675 2839 2728 aliis
2888 2676 3072 2729 cibum
3118 2691 3348 2746 capere,
3387 2686 3484 2731 aut

1925 2762 2170 2815 convivia
2223 2764 2374 2818 adire
2426 2766 2664 2821 Joannes
2713 2767 3092 2835 deprehensus
3142 2786 3251 2824 non
3310 2781 3481 2826 esset.

1922 2853 2038 2916 Qua
2073 2869 2139 2907 ex
2177 2871 2234 2907 re
2275 2857 2506 2910 crimina
2537 2858 2740 2925 majora
2773 2860 3170 2915 excitabantur.
3204 2861 3323 2927 Quo
3353 2879 3485 2917 vero

1925 2946 2156 2998 consilio
2193 2948 2245 3000 id
2281 2948 2371 3002 ille
2403 2949 2614 3012 fecerit,
2652 2966 2814 3005 nemo
2844 2953 2991 3007 clare
3025 2953 3183 3008 dixit.
3217 2956 3321 3020 Qui
3353 2971 3484 3010 vero

1923 3049 2048 3089 eum
2077 3037 2398 3102 defendunt,
2427 3041 2740 3094 diuturnam
2775 3044 3118 3112 prmtendunt
3147 3047 3272 3100 vita
3297 3057 3484 3102 auste-

1927 3148 2000 3186 ra:
2048 3132 2437 3200 disciplinam:
2481 3146 2533 3190 et
2576 3136 2721 3204 quod
2757 3153 2957 3206 aegrum
3005 3138 3234 3194 haberet
3281 3151 3486 3194 stoma-

1847 3237 1890 3294 ς
1926 3221 2111 3283 chum,
2144 3223 2238 3290 qui
2277 3237 2386 3276 non
2428 3224 2582 3278 lacile
2615 3226 2795 3281 cibum
2840 3241 3230 3298 concoqueret.
3281 3231 3485 3286 Utcun-

1930 3327 2037 3381 que
2075 3322 2256 3367 autem
2289 3330 2347 3368 se
2387 3331 2472 3369 res
2506 3319 2713 3380 habuit,
2751 3337 2857 3373 non
2901 3337 3118 3390 parvam
3152 3323 3484 3379 adversariis

1925 3405 1994 3459 ad
2041 3407 2498 3463 obtrectationem
2537 3427 2598 3462 ea
2652 3413 2879 3479 praebuit
2917 3416 3277 3468 occasionem.
3322 3415 3483 3470 Plebs

1927 3506 2108 3550 autem
2149 3510 2370 3570 propter
2416 3501 2680 3556 doctrina:
2718 3505 3056 3567 ubertatem.
3101 3516 3157 3560 et
3201 3524 3322 3576 quae
3357 3510 3494 3564 inde

1927 3588 2227 3656 proﬂuebat
2255 3591 2542 3646 utilitatem
2565 3642 2578 3664 ,
2615 3609 2678 3645 ex
2731 3610 2796 3647 eo
2842 3596 2960 3664 yiro
3004 3596 3158 3650 valde
3188 3599 3481 3665 pendebat,

1928 3681 2156 3735 miriﬁce
2205 3683 2352 3737 illius
2387 3686 2623 3754 linguam
2656 3686 2918 3741 dcatnans
2950 3705 2963 3741 :
3009 3688 3145 3743 adeo
3187 3701 3245 3744 ut
3278 3693 3484 3761 Χρυσό-

1928 3789 2146 3839 στομον,
2204 3774 2306 3828 boc
2357 3786 2458 3840 est,
2512 3777 2662 3830 aurei
2715 3781 2828 3832 oris
2885 3779 3162 3836 hominem
3209 3788 3488 3853 cognomi-

1929 3878 2120 3929 nart-t;
2173 3876 2285 3920 tam
2344 3878 2692 3936 praestantem
2748 3870 2895 3924 illius
2936 3873 3166 3940 gratiam
3199 3889 3265 3928 eo
3315 3878 3485 3930 verbo

1926 3952 2255 4018 significans.
2305 3954 2490 4024 Neque
2547 3956 2637 4011 ille
2686 3961 2981 4026 quidquam
3028 3976 3124 4016 eos
3162 3966 3254 4033 qui
3298 3978 3484 4022 contra

1925 4059 2050 4097 eum
2085 4046 2458 4107 blaterabant.
2494 4051 2734 4103 curabat.
2772 4053 2910 4117 Quid
2954 4056 3100 4110 enim
3143 4074 3360 4113 rursum
3397 4062 3486 4116 ltic

1927 4135 2108 4190 dicere
2138 4140 2357 4201 attinet,
2385 4140 2573 4209 quales
2595 4143 2713 4211 ejus
2738 4145 2939 4200 fuerint
2968 4149 3265 4213 orationes,
3296 4155 3484 4220 quales

1927 4227 2012 4280 vel
2069 4228 2182 4294 ipse
2230 4230 2459 4298 scriptas
2515 4233 2723 4299 edidit,
2777 4237 2861 4291 vel
2914 4254 2979 4292 eo
3026 4241 3241 4297 dicente
3285 4250 3484 4302 notarii

1925 4322 2129 4374 celeres
2165 4323 2754 4395 plurimasexcepere?
2794 4328 2966 4394 Quam
3000 4335 3295 4402 splendida
3331 4355 3485 4393 nam-

1925 4428 2030 4479 que
2062 4415 2192 4478 sint,
2224 4426 2385 4483 atque
2417 4416 2484 4469 ad
2517 4421 2959 4486 persuadendum
2996 4426 3156 4479 simul
3189 4439 3244 4481 et
3273 4429 3486 4484 demul-

1926 4502 2156 4555 cendum
2195 4506 2543 4572 compositae,
2591 4511 2826 4577 experiri
2856 4515 2904 4566 ei
2935 4514 3095 4579 licet,
3138 4518 3230 4584 qui
3263 4533 3483 4573 versare

251 4581 404 4642 ὅπως
445 4581 511 4632 ἂν
543 4580 764 4648 ἐλέγχου
799 4580 830 4650 ἢ
867 4582 1058 4649 μίσους
1098 4582 1230 4651 πρὸς
1261 4582 1420 4635 αὐτὸν
1445 4579 1609 4651 εἶχεν.
1645 4584 1810 4652 Προσ-

2321 4563 2336 4572 .
2529 4563 2538 4570 .
2660 4563 2677 4577 .
2864 4563 2904 4566 κ-
3141 4563 3230 4584 -,--
3274 4563 3483 4573 .-.πω

1849 4563 2016 4646 Deas
2055 4603 2108 4647 et
2147 4596 2362 4664 legere,
2419 4596 2820 4671 utilitatemque
2870 4620 3058 4660 earum
3109 4615 3386 4681 percipere
3430 4625 3483 4669 ct

253 4675 433 4739 θήκην
494 4673 640 4724 δ’ὃτι
685 4673 944 4741 πλείστην
989 4673 1269 4741 ἐνεποίησε
1317 4677 1382 4742 τῇ
1439 4672 1561 4726 κατ’
1610 4676 1818 4728 ἐκείνου

252 4763 483 4834 διαϐολῇ
536 4767 568 4834 ἡ
639 4765 760 4818 κατ’
803 4765 1103 4834 Εὑτροπίον
1160 4767 1307 4834 αὐτῷ
1353 4765 1535 4834 ὁμιλία
1577 4768 1822 4835 ἀναγνω-

253 4859 467 4911 σθεῖσα.

1929 4687 2260 4752 voluptatein
2295 4688 2531 4743 divinam
2580 4693 2796 4747 haurire
2826 4710 2891 4747 ex
2921 4698 3002 4750 eis
3040 4701 3169 4753 velit
3200 4719 3212 4754 :
3254 4705 3390 4756 adeo
3427 4715 3484 4760 ut

1927 4773 2162 4840 seipsum
2203 4776 2388 4830 divino
2423 4783 2658 4846 quodam
2699 4785 2862 4838 modo
2895 4786 3235 4856 intemperiis
3265 4797 3480 4860 agitari,

1928 4875 1983 4918 et
2023 4869 2298 4920 moderate
2333 4872 2739 4939 prudenterque
2771 4875 3010 4931 insanire
3039 4881 3352 4934 crediturus
3388 4887 3480 4936 sit.

250 4948 525 5004 Caeterum
557 4950 799 5018 quandiu
849 4965 972 5003 cum
1025 4950 1172 5003 clero
1223 4959 1428 5014 tantum
1477 4953 1821 5009 conﬂictatus
1861 4967 1962 5020 est,
2022 4957 2289 5013 inﬁrmior
2319 4962 2581 5017 adversus
2621 4982 2743 5019 eum
2779 4966 2878 5020 fuit
2907 4969 3078 5035 furor,
3115 4988 3290 5042 neque
3322 4977 3477 5043 quid-

252 5063 419 5116 quam
460 5047 676 5099 ellicere
704 5048 905 5113 potuit.
937 5045 1037 5100 Ubi
1062 5057 1242 5100 autem
1275 5050 1626 5117 magistratus
1655 5051 1821 5104 etiam
1862 5055 2138 5120 propalam
2194 5073 2424 5124 arguere
2487 5062 2671 5128 C(Bpit,
2701 5073 2813 5114 tum
2843 5066 3059 5117 demum
3087 5074 3259 5136 major
3289 5072 3480 5123 adver-

255 5154 354 5192 sus
397 5154 524 5193 eum
574 5143 845 5193 concitata
880 5148 965 5192 est
1013 5139 1251 5203 invidia,
1286 5141 1592 5210 multaque.
1634 5144 1687 5194 in
1738 5159 1861 5196 eum
1900 5156 2026 5198 sunt
2077 5159 2300 5202 tentata.
2348 5151 2415 5204 Et
2456 5153 2688 5221 quisque
2752 5170 2848 5222 pro
2887 5172 2952 5209 eo
2999 5169 3160 5226 atque
3205 5162 3253 5214 ei
3302 5163 3477 5214 visum

249 5245 419 5297 esset,
469 5244 563 5289 aut
611 5236 749 5288 forte
797 5234 1224 5303 reprehensione
1270 5237 1350 5288 vel
1429 5239 1557 5290 odio
1605 5239 1658 5290 in
1739 5241 1886 5292 illum
1930 5243 2209 5309 flagraret,
2258 5247 2544 5302 calumniis
2593 5251 2639 5303 ei
2695 5251 2970 5304 intentatis
3020 5253 3178 5307 ﬁdem
3230 5261 3476 5312 habebat.

249 5328 554 5383 Plurimum
588 5319 767 5382 autem
799 5330 1055 5381 momenti
1085 5328 1150 5380 ad
1177 5328 1627 5382 obtrectationem
1667 5331 1812 5384 illius
1851 5337 2030 5386 attulit
2093 5341 2269 5393 oratio
2303 5343 2584 5408 popularis
2652 5345 2792 5412 ejus,
2827 5358 3015 5398 contra
3050 5348 3372 5418 Eutropium
3408 5352 3475 5404 ab

249 5422 377 5492 ipso
418 5423 577 5475 lecta.

580 5953 844 6012 Ρλτιιυι..
887 5949 1005 6006 Gn.
1031 5946 1263 6006 CXLVI
3058 5954 3132 6016 3o
