4248 6446
769 427 874 487 939

1254 542 1408 612 551
1459 543 1678 601 eam
1746 544 1830 598 tv.

765 654 839 706 Dc
876 652 1134 722 lintrOpio
1157 655 1388 726 Διιιιίιὶιςιιίὶ
1419 655 1718 724 Imperialt's
1749 659 2053 726 prrrposito,
2081 671 2128 711 ct
2163 661 2224 711 de
2259 677 2319 712 ea

833 740 991 797 quam
1021 726 1062 775 is
1089 723 1209 797 tulit
1247 724 1360 797 lege
1385 743 1402 779 .'
1459 723 1509 778 ut
1537 729 1673 780 idem
1703 723 1768 781 sit
1797 723 2094 797 interfectus
2116 745 2133 780 :
2164 740 2212 779 et
2268 738 2321 779 ut

829 796 1005 874 odium
1043 794 1289 848 adversus
1323 795 1586 848 Joannem
1643 799 1849 866 quidem
1882 794 2230 866 conceperint,
2272 809 2320 850 et

830 869 1077 931 foverint.

829 979 1126 1047 Eutropius
1175 980 1322 1034 enim
1353 981 1454 1034 iste
1506 982 1887 1036 cunuchorum
1944 984 1998 1037 in
2050 983 2319 1052 imperiali

759 1070 1016 1124 cubiculo
1049 1073 1326 1141 princeps,
1354 1072 1447 1140 qui
1493 1073 1558 1126 ad
1619 1075 1961 1129 consularem
1996 1062 2318 1143 dignitatem

759 1172 1116 1230 pervenerat;
1177 1171 1228 1216 et
1266 1174 1419 1232 pater
1469 1166 1812 1234 imperatoris
1845 1174 2064 1219 vocatus
2119 1165 2318 1227 fuerat,

757 1271 932 1322 neque
949 1255 1235 1321 praesentis
1253 1255 1486 1309 fortuna:
1511 1257 1938 1326 magnitudinem
1970 1257 2112 1321 tulit,
2142 1272 2319 1325 neque

756 1345 1060 1412 quidquam
1093 1346 1158 1398 de
1189 1361 1367 1400 rerum
1401 1347 1761 1400 humanarum
1785 1349 2142 1402 mutabilitate
2169 1347 2318 1415 cogi-

758 1437 909 1499 tavit,
941 1437 1035 1490 sed
1067 1437 1156 1489 ubi
1194 1438 1381 1491 ulrisci
1419 1439 1681 1507 quosdam
1708 1439 1759 1491 in
1795 1439 2035 1492 animum
2074 1438 2316 1492 induxis-

755 1537 858 1588 set,
894 1543 1220 1596 IllﬂgllOpCl‘B
1281 1530 1584 1591 contendit,
1619 1539 1678 1582 ut
1726 1530 2080 1598 imperatores
2112 1529 2318 1583 consti-

755 1620 1023 1674 tutionem
1050 1622 1359 1683 ferrent,ne
1390 1622 1510 1690 quis
1542 1620 1607 1673 ad
1640 1622 1924 1675 ecclesiam
1959 1622 2314 1690 confugeret:

754 1714 847 1766 sed
876 1714 1039 1766 etiam
1073 1714 1119 1765 si
1150 1714 1271 1781 quis
1307 1714 1372 1766 ad
1406 1728 1525 1766 eam
1559 1714 1917 1782 confugisset,
1973 1724 2030 1767 et
2089 1715 2317 1782 supplex

757 1805 867 1858 Deo
894 1805 1071 1858 factus
1106 1815 1271 1866 esset,
1326 1815 1488 1873 atque
1530 1806 1583 1858 in
1637 1806 1856 1873 templis
1915 1816 2091 1861 metus
2152 1820 2316 1858 causa

757 1905 1094 1959 versaretur,
1123 1906 1182 1948 ut
1226 1896 1351 1949 inde
1378 1897 1777 1950 extraheretur.
1808 1898 2152 1952 Potissimum
2185 1911 2316 1951 vero

755 1985 805 2036 id
839 1985 966 2038 fecit
995 1998 1216 2054 propter
1245 1985 1582 2052 Pcntadiatn,
1623 1988 1910 2041 clarissimi
1947 1989 2104 2041 ducis
2134 1988 2319 2041 Tima-

756 2076 820 2129 sii
853 2076 1160 2144 conjugem,
1187 2092 1348 2145 quem
1383 2092 1570 2146 magna
1629 2078 1798 2146 gloria
1852 2080 2024 2131 virum
2054 2078 2317 2132 aﬂ'ectataa

754 2169 1055 2237 tyrannidis
1087 2169 1334 2222 criminis
1395 2185 1544 2222 reum
1589 2186 1617 2222 a
1671 2185 1727 2223 se
1760 2181 1958 2234 aetum,
2007 2171 2190 2224 Oasim
2247 2170 2315 2224 ad

751 2271 1073 2328 perpetuum
1127 2262 1380 2314 exsilium
1420 2261 1696 2329 deportari
1753 2272 2062 2315 curaverat.
2111 2266 2178 2315 At
2225 2263 2314 2315 ille

752 2353 865 2414 siti,
941 2352 1401 2421 quemadmodum
1459 2353 1666 2414 audivi,
1720 2368 2031 2421 oppressus,
2111 2363 2202 2406 aut
2245 2369 2312 2407 ne

753 2445 910 2512 pejus
961 2444 1256 2512 quidquam
1318 2454 1620 2512 pateretur,
1654 2446 1876 2506 veritus,
1932 2445 2178 2498 arenosis
2234 2444 2310 2498 ibi

748 2536 888 2588 locis
914 2551 1126 2598 errans,
1155 2535 1336 2589 statim
1366 2536 1531 2588 vitam
1560 2535 1720 2590 liniit.
1756 2535 1821 2588 Et
1875 2535 1959 2588 lex
1989 2551 2148 2602 quant
2200 2534 2307 2588 Ett-

751 2628 964 2694 tropius
1020 2626 1298 2679 ferendam
1327 2634 1630 2690 curaverat,
1661 2625 1725 2677 ad
1769 2626 1927 2678 tinent
1978 2641 2138 2678 suum
2190 2640 2311 2693 per-

748 2718 911 2772 ducta
940 2727 1044 2772 est.
1073 2718 1230 2772 Brevi
1259 2734 1388 2771 vero
1423 2729 1565 2786 post,
1624 2733 1747 2772 eum
1806 2719 2192 2786 imperatorem
2224 2717 2308 2769 of-

747 2809 1028 2874 fendisset,
1063 2818 1121 2861 ut
1148 2809 1240 2877 qui
1277 2809 1331 2861 in
1368 2810 1653 2878 conjugem
1703 2810 1822 2876 ejus
1872 2809 2306 2862 contumeliosus

755 2900 964 2965 fuisset,
989 2901 1200 2969 primus
1231 2902 1343 2968 ipse
1368 2917 1526 2969 quam
1550 2901 1775 2969 perferri
1803 2900 2087 2952 studuerat
2110 2899 2304 2967 legem,

747 2993 928 3044 statim
960 2993 1200 3046 violavit.
1242 2993 1373 3045 Nam
1420 3008 1481 3044 cx
1515 2991 1890 3060 imperialibus
1920 2990 2128 3044 :edibus
2182 3007 2305 3059 pro-

746 3086 979 3154 fugiens,
1016 3086 1240 3154 supplex
1272 3086 1322 3137 in
1345 3084 1574 3137 ecclesia
1600 3083 1881 3147 consedit;
1918 3091 2029 3136 tum
2065 3082 2304 3136 Joannes

747 3177 1042 3230 absurdum
1085 3175 1330 3244 Eutropii
1365 3183 1618 3229 conatum
1663 3187 1926 3242 arguens,
1973 3175 2300 3226 luculentam

751 3270 938 3322 habuit
969 3237 1272 3322 orationem
1297 3271 1348 3320 in
1376 3268 1607 3319 amboue
1639 3237 1749 3332 (l);
1771 3281 1864 3319 seu
1891 3275 2171 3334 suggestu,
2207 3265 2300 3332 qui
2327 3237 2369 3298 Ο

746 3377 864 3416 mos
892 3362 1008 3429 ejus
1033 3371 1166 3421 crat,
1221 3374 1344 3412 eum
1384 3359 1650 3425 populum
1701 3357 1941 3420 doceret,
1995 3367 2053 3408 tit
2111 3372 2301 3409 omnes

745 3468 931 3507 vocem
964 3453 1082 3521 ejus
1113 3451 1448 3518 exciperent.
1475 3450 1690 3503 sedens.
1721 3448 1777 3500 In
1801 3463 1863 3500 ea
1903 3448 2149 3500 oratione
2173 3461 2298 3499 cum

744 3559 931 3598 eorum
972 3543 1062 3611 qui
1099 3550 1421 3611 potestatem
1451 3551 1504 3594 et
1529 3541 1876 3609 magisttatus
1935 3547 2151 3607 gerunt,
2207 3554 2300 3590 su-

747 3635 1104 3703 petzcilininet
1133 3633 1524 3702 arrogantiam,
1549 3641 1811 3699 quantum
1841 3633 2037 3698 potuit,
2063 3630 2296 3682 laxavit:

747 3737 858 3778 tum
889 3725 1088 3793 populo
1115 3739 1293 3776 rerum
1326 3723 1684 3775 humanarum
1709 3723 2146 3784 inconstantiam,
2178 3735 2300 3786 quae

741 3817 934 3872 eodem
967 3817 1088 3868 loco
1119 3829 1338 3867 manere
1389 3828 1498 3865 tton
1553 3812 1783 3874 soleant,
1822 3812 2136 3879 proposuit.
2189 3810 2295 3862 Sed

744 3909 890 3960 enim
925 3906 1016 3973 qui
1061 3904 1242 3957 liostili
1273 3918 1401 3972 erga
1431 3917 1554 3954 eum
1582 3901 1968 3965 crantanitno,
2001 3911 2056 3954 et
2106 3901 2158 3953 in
2199 3903 2300 3954 hoc

747 4004 925 4069 ipsum
961 3999 1298 4054 calumniose
1341 3997 1831 4064 reprehenderunt,
1903 3995 2032 4049 illud
2071 4011 2300 4063 carpen-

751 4107 849 4152 tes.
897 4108 1018 4146 cum
1047 4090 1293 4144 miserari
1348 4089 1526 4157 potius
1570 4103 1753 4141 casum
1797 4087 1918 4154 ejus
1943 4087 2038 4154 qui
2092 4087 2160 4138 de
2187 4087 2297 4139 vita

746 4182 1081 4250 periclitatus
1112 4181 1203 4242 sit,
1237 4177 1508 4238 debuerit,
1541 4176 1682 4244 quod
1737 4177 1959 4244 insuper
1992 4192 2289 4229 ωνυιιιιιαιιι

745 4274 1004 4341 arguerit,
1033 4272 1383 4326 aliltetienem
1418 4269 1566 4322 illius
1585 4270 1884 4336 adaugens,
1914 4280 1968 4322 et
1999 4270 2296 4322 calamitati

749 4367 1031 4416 insultans.
1066 4359 1357 4426 Eutropius
1387 4369 1490 4410 tant
1517 4359 1665 4425 impii
1701 4359 1954 4411 facinoris
1984 4373 2172 4426 paruas
2191 4375 2297 4412 non

748 4455 918 4508 multo
949 4465 1069 4522 post
1111 4460 1331 4518 prOpter
1382 4450 1550 4502 multa
1583 4465 1799 4517 quoquc
1823 4451 1925 4502 alia
1953 4453 2149 4505 delicta
2175 4452 2294 4513 luit,

745 4545 960 4612 capitali
991 4544 1220 4594 aflectus
1269 4539 1552 4608 supplicio.
1588 4538 1748 4607 352
1775 4538 1880 4591 Leu
1909 4553 2086 4592 autem
2131 4556 2295 4608 opera

745 4640 862 4706 ejus
893 4637 1018 4695 lata,
1052 4646 1115 4685 ex
1153 4631 1384 4699 publicis
1419 4632 1786 4683 monumentis
1849 4631 2081 4690 sublata,
2111 4641 2163 4685 et
2198 4647 2298 4684 no-

748 4744 868 4780 men
897 4726 1015 4792 ejus
1078 4727 1129 4776 in
1168 4722 1412 4790 catalago
1455 4730 1511 4773 et
1554 4723 1962 4775 nomenclatura
2011 4727 2296 4790 consulum

745 4825 1075 4885 expunctum
1110 4824 1213 4867 est.
1242 4813 1480 4866 Ecclesia
1519 4825 1700 4866 autem
1760 4814 1852 4868 Dei
1901 4815 2110 4882 legibus
2162 4818 2299 4870 bene

747 4909 953 4961 dudum
1011 4904 1332 4957 constitutis
1364 4893 1582 4966 enituit,
1631 4918 1695 4955 eo
1752 4904 1868 4971 ipso
1920 4907 2126 4959 scilicet
2189 4908 2299 4960 Deo

746 5004 988 5065 apertam
1053 4991 1303 5062 injuriatn
1339 4992 1614 5058 extemplo
1644 4991 1972 5046 vindicante.
2012 4994 2119 5060 Ego
2175 5011 2299 5048 vero

750 5104 854 5141 mm
883 5085 1236 5141 committant,
1269 5083 1400 5150 quin
1453 5081 1505 5133 in
1542 5081 1765 5135 historia
1821 5083 1920 5135 hac
1963 5085 2296 5151 potissimam

748 5193 965 5234 causam
1023 5175 1186 5230 caedis
1248 5173 1492 5241 Eutropii
1556 5188 1843 5239 exponam,
1878 5186 1936 5226 ut
1982 5191 2049 5228 ne
2099 5191 2160 5228 ea
2213 5193 2299 5230 res

749 5269 924 5325 fraudi
954 5269 1040 5330 sit,
1070 5266 1212 5335 apud
1276 5281 1368 5318 eos
1409 5265 1501 5332 qui
1529 5280 1647 5317 eam
1690 5266 1844 5334 plane
1879 5267 2148 5334 ignorant,
2188 5285 2300 5321 ina-

749 5380 854 5431 gno
891 5360 966 5413 illi
1009 5359 1131 5412 viro
1158 5378 1168 5411 :
1193 5359 1238 5410 si
1277 5358 1541 5409 rationem
1581 5356 1654 5408 illi
1685 5357 1948 5419 nesciant,
2000 5375 2093 5426 per
2138 5377 2297 5426 quant

753 5455 999 5506 isviruttt
1051 5465 1200 5512 eum,
1249 5447 1343 5514 qni
1405 5447 1456 5498 in
1521 5447 1812 5499 Ecclesium
1873 5451 2301 5505 contumeliosus

753 5544 959 5604 fuisset,
996 5538 1324 5593 contumelia
1356 5536 1612 5596 a’li'ceeril,
1642 5536 1854 5588 cxtralti
1885 5552 2007 5588 eum
2036 5553 2100 5589 ex
2129 5539 2300 5592 sacris

752 5633 958 5686 aedibus
989 5643 1200 5700 passus.
1254 5624 1515 5678 Arcadius
1540 5638 1658 5692 post
1724 5627 1892 5693 patris
1919 5627 2129 5679 obitum
2165 5643 2297 5680 uxo-

1968 427 2376 488 ΝίΓΕῘἸΙΟῙῖι
2421 429 2756 489 CALLlSTl

3886 427 3995 491 940

3026 542 3270 595 ΚΕΦΛΛ.
3317 544 3386 596 ἐν.

2424 660 2561 723 Περὶ
2599 659 2933 724 Εἱιτροπιόυ
2968 658 3073 711 τοῦ
3104 658 3526 724 πριιιποσίτου.
3582 657 3843 726 καὶπερὶ
3883 659 3994 712 τοῦ

2494 730 2680 796 νόμου
2707 729 2778 781 ὃν
2811 729 2977 781 ἔθετο
3006 745 3017 757 ·
3052 729 3149 780 καὶ
3175 729 3253 791 ὡς
3299 729 3564 795 ἀνῃρέθη
3588 743 3602 756 ·
3663 728 3761 780 καί
3809 729 3891 795 ὡς
3924 730 3993 783 τὸ

2494 799 2641 850 κατὰ
2677 797 2948 851 Ἰωάννου
2968 798 3145 866 μῖσος
3187 799 3452 851 ωδίνετο.

2494 975 2787 1042 Εὖτρόπιος
2812 974 2917 1040 γὰρ
2942 973 3094 1033 οὗτος
3127 974 3339 1042 πρῶτος
3360 973 3437 1026 ὢν
3453 973 3560 1024 τῶν
3583 973 3993 1041 θαλαμηπόλων

2420 1066 2706 1134 εὐνούχων,
2765 1066 2854 1117 καὶ
2907 1066 2986 1127 εἰς
3017 1066 3112 1131 τὴν
3161 1065 3368 1115 ὕπατον
3405 1063 3613 1122 ἀναϐὰς
3667 1063 3848 1128 ἀξίαν,
3893 1065 3993 1115 καὶ

2419 1160 2602 1227 πατὴρ
2633 1157 2895 1227 βασιλέως
2927 1157 3164 1224 κληθεὶς,
3213 1156 3312 1207 οὐκ
3342 1157 3539 1222 ἤνεγκε
3570 1156 3668 1223 τῆς
3699 1157 3991 1224 παρούσης

2420 1251 2763 1319 εὐδαιμονίας
2794 1251 2853 1300 τὸ
2888 1249 3140 1318 μέγεθος,
3172 1249 3292 1302 οὐδέ
3320 1266 3370 1300 τι
3403 1250 3531 1315 περὶ
3557 1249 3664 1299 τῶν
3706 1247 3989 1316 ἀνθρωπὶ-

2421 1360 2524 1395 νων
2554 1341 2866 1410 μεταϐολῶν
2891 1341 3094 1392 ἐνενόει
3116 1358 3128 1371 ·
3163 1341 3276 1393 ἀλλ’
3320 1340 3632 1408 ἀμύνασθαί
3668 1357 3818 1402 τινας
3849 1341 3990 1408 ᾑρη-

2423 1436 2604 1505 μένος,
2637 1434 2869 1503 σπουδὴν
2894 1435 3129 1485 ἐποιεῖτο
3163 1435 3326 1502 νόμον
3356 1433 3528 1484 θεῖναι
3556 1434 3681 1495 τοὺς
3711 1435 3988 1500 αὐτοκρα-

2418 1543 2622 1595 τορας,
2685 1525 2828 1578 ὥστε
2885 1526 3088 1594 μηδένα
3123 1528 3189 1593 τῇ
3248 1526 3514 1595 ἐκκλησία
3571 1525 3985 1593 προσφεύγειν·

2418 1619 2556 1671 ἀλλὰ
2587 1619 2679 1670 καὶ
2716 1615 2989 1684 φεύγοντα
3020 1616 3116 1668 καὶ
3148 1617 3334 1685 ικέτην
3363 1616 3500 1668 Θεοῦ
3548 1618 3856 1685 γινόμενον,
3890 1621 3989 1670 καὶ

2419 1715 2476 1765 ἐν
2499 1715 2611 1771 τοῖς
2638 1711 2770 1779 νεῷς
2792 1709 3074 1779 διατριϐὴν
3121 1713 3461 1779 κεκτημένον
3495 1713 3574 1780 τῷ
3607 1713 3738 1774 δέει,
3776 1712 3988 1764 ἐκεῖθεν

2418 1808 2694 1875 ἀφέλκειν.
2733 1809 2903 1861 ἰὀὖτο
2928 1810 2985 1862 δὲ
3013 1809 3248 1877 μάλιστα
3280 1809 3514 1878 ἔπραττε
3537 1811 3623 1863 διὰ
3660 1811 3985 1873 Πενταδέαν,

2347 1907 2389 1965 Β
2415 1902 2508 1953 τοῦ
2540 1902 2864 1971 περιόσήτου
2914 1903 2971 1952 ὲν
3007 1903 3336 1969 στρατηγοῖς
3366 1903 3646 1971 γαμετήνο
3682 1903 3742 1955 ὃν
3772 1904 3986 1956 εὐδόκι-

2422 2006 2519 2057 μον
2556 1991 2693 2041 πάνυ
2715 1989 3114 2057 διαγενόμενον,
3150 1989 3400 2058 ἔγκλημα
3425 1991 3738 2059 τυραννίδος
3772 1992 3986 2057 έπαγα·

2414 2081 2547 2147 γὼν,
2581 2083 2659 2142 εἰς
2693 2082 2885 2132 Ὄασιν
2914 2081 3071 2149 ἀϊδίῳ
3105 2082 3335 2149 ἐζημίου
3373 2085 3544 2151 φυγῇ.
3599 2083 3740 2134 Ἀλλ’
3774 2084 3984 2143 ἐκεῖνος

2414 2173 2446 2241 ἢ
2479 2173 2642 2239 δίψει,
2677 2172 2750 2234 ὥς
2785 2177 2836 2238 γ’
2858 2174 3161 2242 ἐπυθόμην,
3189 2173 3222 2242 ἢ
3260 2175 3332 2242 μή
3363 2191 3414 2225 τι
3440 2177 3531 2226 καὶ
3552 2173 3680 2228 ἄλλο
3706 2177 3984 2244 χείριστον

2414 2266 2582 2333 πάθῃ,
2610 2265 2811 2327 δείσας,
2840 2268 2952 2326 ταῖς
2983 2266 3163 2317 ἐκεῖσε
3185 2266 3431 2334 ψάμμοις
3460 2267 3758 2335 ἀλώμενος,
3779 2271 3982 2334 αἴφνης

2412 2355 2706 2424 ἀνηρπάγη
2736 2355 2833 2407 τοῦ
2862 2355 2982 2423 ζῇν.
3019 2356 3127 2408 Καὶ
3155 2357 3184 2407 ὁ
3216 2355 3318 2424 μὲν
3348 2358 3511 2425 νόμος
3539 2358 3600 2408 δν
3649 2358 3978 2421 ἐσπούδαζε,

2411 2445 2580 2510 πέρας
2614 2442 2760 2512 εἶχεν
2783 2462 2794 2473 ·
2830 2446 2930 2498 οὐκ
2960 2447 3040 2509 είς
3076 2446 3292 2516 μακρὰν
3316 2447 3373 2500 δὲ
3403 2449 3786 2517 προσκρούσας
3822 2450 3982 2512 οὗτος

2409 2537 2487 2606 τῷ
2515 2537 2743 2606 βασιλεῖ,
2780 2538 2854 2600 ὼς
2879 2542 2960 2601 εἰς
2987 2539 3085 2608 τὴν
3137 2541 3346 2592 ἐκείνου
3378 2541 3624 2611 γαμετήν
3655 2543 3977 2613 ἐνυϐρίσας,

2409 2626 2623 2694 πρῶτος
2654 2625 2809 2687 οὗτος
2845 2628 2939 2680 τὸν
2986 2629 3045 2679 ὃν
3077 2629 3375 2691 ἐσπούδαζε
3424 2632 3587 2699 νόμον
3617 2632 3780 2696 εὐθὺς
3836 2652 3980 2701 παρ-

2406 2716 2608 2769 έϐαινε.
2657 2717 2777 2767 Τῶν
2805 2717 2913 2784 γὰρ
2945 2716 3232 2786 βασιλείων
3263 2721 3424 2781 εὐθὺς
3473 2722 3737 2791 ἀποδρὰς,
3793 2724 3980 2787 ἱκέτης

2404 2811 2469 2875 τῇ
2527 2806 2792 2874 ἐκκλησίᾳ
2845 2808 3202 2876 προσέδρευε.
3260 2809 3398 2861 Τότε
3432 2809 3496 2878 δὴ
3527 2811 3557 2861 δ
3618 2811 3871 2875 Ἰωάννης
3914 2815 3980 2864 τὸ

2404 2895 2605 2946 ἄτοπον
2656 2895 2948 2962 διελέγχων
3005 2898 3103 2961 τῆς
3170 2898 3575 2966 ἐπιχειρήσεως
3638 2900 3976 2967 Εὑτροπίου,

2404 2985 2652 3054 λαμπρόν
2679 3003 2800 3038 τινα
2825 2987 2946 3038 κατ’
2975 2988 3138 3039 αὑτοῦ
3191 2988 3352 3056 λόγον
3383 2989 3633 3053 διέξεισιν
3663 2994 3750 3042 ἐπ’
3782 2992 3978 3060 ἄμϐω-

2404 3095 2491 3141 νος
2528 3077 2833 3139 καθεσθεὶς,
2867 3076 3055 3147 ὥσπερ
3084 3076 3150 3148 ἦν
3203 3081 3392 3142 εἰωθὸς
3423 3083 3618 3150 ἐκείνῳ
3652 3086 3772 3145 ταῖς
3827 3085 3975 3136 διδα-

2405 3170 2654 3230 σκαλίαις
2681 3172 2874 3230 ποιεῖν,
2907 3169 2973 3221 ἵν’
3007 3171 3254 3229 ἅπαντας
3285 3172 3318 3239 ἡ
3357 3171 3507 3237 φωνὴ
3536 3171 3846 3238 ὲπιςρθάνοι.
3889 3174 3977 3224 Ἐν

2405 3253 2448 3326 ᾧ
2471 3261 2634 3329 λόγῳ,
2657 3261 2907 3312 κατέσπα
2940 3261 3036 3328 μὲν
3071 3261 3148 3324 ὡς
3183 3255 3295 3313 οἷόν
3319 3279 3376 3313 τε
3405 3262 3516 3315 τῶν
3546 3266 3602 3315 ἐν
3650 3264 3882 3334 δυνάμει
3914 3269 3978 3318 τὸ

2406 3351 2502 3416 τῆς
2555 3349 2755 3416 ὀφρύος
2807 3351 3108 3417 μετέωρονο
3165 3351 3592 3420 προσεπεδείκνυ
3623 3370 3686 3419 γε
3721 3355 3828 3422 μὴν
3879 3361 3972 3408 καὶ

2405 3440 2482 3508 τῷ
2512 3441 2709 3510 πλήθει
2736 3441 2844 3492 τῶν
2871 3441 3229 3510 ἀνθρωπίνων
3261 3445 3602 3512 πραγμάτων
3632 3446 3692 3498 τὸ
3716 3449 3971 3508 ἄστατον,

2410 3533 2486 3603 μὴ
2514 3533 2704 3594 είωοὸς
2731 3533 2852 3600 ἔχον
2888 3535 2980 3585 ἐπὶ
3028 3534 3122 3585 τοῦ
3161 3535 3359 3588 ταυτοῦ
3393 3537 3598 3604 μένειν.
3640 3539 3783 3589 Ἀλλ’
3830 3541 3884 3591 οἶ
3910 3559 3974 3604 γε

2408 3625 2545 3691 πρὸς
2589 3624 2754 3676 αὑτὸν
2782 3623 3038 3693 ἀπεχθῶς
3094 3625 3309 3693 ἔχοντες
3359 3629 3450 3678 καὶ
3483 3629 3639 3680 τοῦτο
3686 3630 3931 3682 διέϐαλον
3959 3648 3971 3660 ο

2406 3717 2501 3769 καὶ
2530 3717 2718 3784 μῶμος
2751 3717 2830 3784 τῷ
2861 3716 3079 3788 Ἰωάννῃ
3125 3720 3390 3787 ἐτρίϐετο,
3423 3719 3541 3771 δέον
3562 3721 3765 3788 μᾶλλον
3790 3722 3975 3788 λέγονυ

2404 3825 2494 3870 τες
2529 3808 2695 3859 ἐλεεῖν
2722 3809 2812 3860 τὸν
2845 3810 2983 3877 ὑπὲρ
3014 3810 3193 3877 ψυχῆς
3223 3813 3486 3878 τρέχοντα
3518 3813 3786 3866 κίνδυνον.
3838 3817 3896 3866 ’0
3915 3817 3973 3867 δὲ

2406 3899 2542 3968 πρὸς
2571 3903 2636 3969 τῇ
2674 3903 2927 3970 συμφορᾷ
2958 3904 3049 3953 καὶ
3080 3903 3382 3971 διήλεγχεν,
3435 3905 3614 3968 αῠξων
3643 3909 3840 3975 ἐκείνῳ
3873 3910 3970 3977 τὴν

2405 3991 2602 4059 λύπην,
2629 3993 2725 4043 ttat
2772 3993 3119 4060 ἐπεμϐαίνων
3165 3997 3281 4056 τοῖς
3315 3996 3527 4048 ἐκείνου
3565 3997 3780 4059 δεινοῖς.
3825 4001 3966 4050 Ἀλλ’

2408 4079 2704 4146 Εὐτρὸπιος
2740 4081 2839 4147 μὲν
2868 4080 2964 4148 τῆς
2999 4079 3228 4141 άσεὸοὖς
3277 4083 3674 4151 ἐπιχειρήσεως
3699 4085 3760 4136 οὐ
3790 4086 3974 4153 πολλιῇ

2407 4168 2630 4238 ὕστερον
2657 4170 2748 4222 διὰ
2773 4170 2942 4223 πολλὰ
2993 4173 3305 4241 πταίσματα
3337 4176 3434 4240 τὴν
3471 4174 3634 4244 δίκην
3667 4179 3969 4246 ἀνέπλησε,

2404 4262 2500 4328 τὴν
2534 4262 2772 4330 κεφα).ὴν
2805 4264 3129 4330 ἐκτμηϐεἰςο
3164 4266 3191 4315 ὁ
3215 4265 3271 4316 δὲ
3315 4265 3489 4325 τεθεὶς
3534 4268 3682 4335 αὐτῷ
3718 4270 3881 4337 νόμος
3913 4276 3972 4324 ἐκ

2403 4353 2509 4404 τῶν
2539 4353 2810 4420 δημοσίων
2844 4355 3251 4422 ὑπομνημάτων
3282 4357 3580 4422 ἠφάνισται
3600 4373 3616 4387 ”
3648 4361 3742 4410 καὶ
3764 4364 3820 4411 το
3853 4363 3971 4412 ὅνο-

2408 4461 2486 4512 μα
2513 4444 2720 4496 ἐκείνου
2751 4444 2842 4494 τοῦ
2875 4445 3175 4511 καταλόγου
3226 4445 3336 4496 τῶν
3371 4446 3592 4500 ὑπάτων
3635 4453 3966 4521 περιῃρέθη.

2415 4537 2477 4588 Ἠ
2504 4537 2558 4586 δὲ
2586 4535 2678 4586 τοῦ
2705 4536 2840 4587 Θεοῦ
2863 4538 3156 4606 Ἐκκλησία
3187 4539 3246 4591 εὖ
3277 4540 3422 4606 μάλα
3453 4546 3558 4603 τοίς
3581 4547 3863 4612 κειμένοις
3887 4549 3966 4600 νζ-

2408 4644 2528 4695 μοις
2563 4629 2874 4696 διέπρεπεν,
2911 4627 2996 4680 οἵα
3027 4631 3090 4698 δὴ
3135 4631 3300 4682 αὑτοῦ
3355 4633 3562 4686 ἐκείνου
3589 4636 3724 4688 Θεοῦ
3759 4639 3822 4690 ἐκ
3875 4641 3968 4692 τοῦ

2406 4718 2592 4784 σχεδὸν
2620 4719 2860 4785 τιμωροῦ
2891 4721 3184 4786 γενομένου
3216 4721 3292 4788 τῷ
3339 4727 3610 4791 προφανεί
3641 4727 3964 4796 ἀδικήματι.

2415 4808 2558 4875 Ἐγὼ
2589 4809 2634 4859 δ’
2659 4809 2757 4860 οὐκ
2801 4810 2986 4878 ἀνήσω
3045 4811 3120 4881 μὴ
3168 4812 3261 4864 καὶ
3293 4813 3350 4864 τὸ
3402 4815 3635 4882 μάλιστα
3668 4820 3840 4871 αἴτιον
3871 4823 3968 4889 τῆς

2404 4898 2733 4967 ἀναιρέσεως
2760 4900 3060 4966 Εὑτροπίου
3087 4905 3150 4970 τῇ
3185 4903 3394 4971 ἱστορίᾳ
3417 4905 3754 4973 προσθεῖναι,
3778 4910 3866 4962 ἵνα
3896 4913 3967 4979 μὴ

2405 4993 2517 5051 τοῖς
2553 4990 2809 5056 καθάπαξ
2845 4993 3098 5057 ἀγνοοῦσι
3138 4992 3468 5062 πρόσκομμα
3497 4999 3656 5048 τοῦτο
3685 5000 3763 5066 τῷ
3799 5004 3972 5069 μεγά-

2406 5082 2483 5149 λῳ
2513 5082 2802 5149 νομίζοιτο,
2831 5083 2906 5152 μὴ
2942 5083 3160 5135 διειδόσι
3198 5084 3288 5136 τὸν
3322 5087 3521 5155 τρόπον
3552 5088 3618 5141 δι’
3649 5084 3709 5142 οὗ
3746 5093 3839 5143 τὸν
3872 5095 3968 5162 τῆ;

2420 5172 2746 5241 Ἐκκλησίας
2805 5173 3063 5243 ὑϐριστὴν
3109 5176 3480 5245 περιύϐρισεν,
3543 5180 3707 5242 ἐάσας
3765 5186 3968 5252 ταύτης

2406 5265 2786 5333 ἀφαιρεθῆναι.
2829 5266 3055 5333 ’Δγεται
3085 5266 3180 5334 μὲν
3215 5269 3321 5336 γὰρ
3351 5271 3376 5320 ὀ
3399 5269 3650 5336 βασιλέος
3686 5274 3966 5341 Ἀρκάδιος

2411 5358 2547 5423 μετὰ
2581 5357 2835 5425 τελευτὴν
2885 5360 2977 5409 τοῦ
3036 5365 3238 5428 πατρῦς
3275 5369 3524 5428 γυναῖκα,
3630 5365 3860 5431 Εὑδοξία
3903 5366 3967 5437 ἦν

2404 5447 2593 5514 ὄνομα,
2623 5448 2882 5517 Θυγάτηρ,
2910 5451 2984 5510 ὡς
3021 5451 3119 5517 μέν
3146 5469 3287 5513 τινες
3318 5453 3610 5521 ἱστοροῦσι,
3643 5456 3964 5525 Γρατιανοῦ,

2403 5538 2462 5597 ὃς
2488 5541 2584 5604 τῆς
2613 5540 2848 5610 ἑσπέρας
2876 5542 2972 5610 τὴν
3000 5543 3172 5612 ἀρχὴν
3224 5545 3542 5614 ικληροῦτο,
3586 5547 3662 5610 ὡς
3693 5550 3739 5602 δ’
3766 5552 3963 5620 ἕτεροι,

2405 5630 2707 5696 Βαύδωνος,
2726 5633 2783 5694 ὃς
2814 5633 3088 5703 βάρὸαρος
3112 5636 3209 5703 μὲν
3230 5632 3299 5706 ἦν
3328 5637 3386 5689 τὸ
3406 5639 3582 5705 γένος,
3604 5644 3963 5712 στρατηγίαι;

822 5764 894 5834 (l)
933 5761 1150 5816 Factum
1184 5759 1386 5845 idcum
1429 5767 1574 5813 metu
1614 5768 1990 5814 consternatus
2023 5760 2313 5831 Eutropius
2350 5771 2402 5817 et
2442 5764 2590 5821 humi
2649 5769 2965 5836 provolutus
3007 5784 3103 5839 pro
3137 5783 3289 5827 sacra
3323 5785 3508 5829 mensa
3527 5773 3759 5844 jaceret.
3785 5773 3957 5845 (Socr.

743 5830 885 5895 libro
917 5849 988 5897 Vl,
1024 5847 1142 5901 cap.
1187 5830 1262 5897 5.)
