4248 6446
312 419 409 483 9(ιῖ

1225 403 1813 471 ΕίῖίῖῐιΕδιΑδτίίῖεῐέ
1855 400 2230 461 lllfi'l‘tlillli
2273 399 2411 458 ιλιι.
2462 398 2621 457 XIII.

3437 400 3544 464 942

308 531 357 583 δ’
392 531 449 581 ἐν
504 528 719 596 ἑσπέρα
762 525 1037 587 πλείσταις
1072 523 1379 593 διέπρεψεν.
1432 519 1508 572 Οὐ
1535 520 1715 587 μέντοι
1744 516 1797 569 δὲ
1827 518 1884 563 τὸ
1917 520 1958 571 Λ

1861 518 1884 562 Ρ.
1917 520 1958 571 Α
1992 527 2104 563 rem
2138 510 2311 570 duxit.
2344 509 2430 561 cui
2464 525 2658 562 nomen
2697 507 2797 562 fuit
2832 509 3124 565 Eudoxizez
3160 509 3425 575 Gratiani,
3449 520 3535 568 eui

311 620 535 688 γύναιον
596 617 735 670 κατὰ
761 618 857 684 τὴν
904 615 995 667 τοῦ
1055 614 1245 681 ἀνδρὸς
1297 611 1564 681 νωθρείαν
1604 607 1870 660 διέκειτο·

312 711 450 765 ἀλλά
484 728 538 763 τι
564 710 660 762 καὶ
685 709 780 761 τοῦ
834 705 1169 776 βαρϐαρικοῦ
1199 704 1431 773 θράσους
1462 701 1566 753 οὐκ
1596 698 1876 767 ἐλάχιστον

317 801 637 869 ἐπεφέρετο.
670 799 773 852 Δύο
804 799 859 852 δὲ
892 799 1194 865 θυγατέρας
1239 796 1317 863 τῷ
1358 791 1628 863 Ἀρκαδίῳ
1660 790 1875 855 ἐγέννα.

319 893 653 963 Πουλχερίαν
694 892 794 961 μὲν
849 890 1138 960 πρότερον,
1198 887 1388 939 ἔπειτα
1425 883 1517 937 καὶ
1560 880 1877 950 Ἀρκαδίαν,

314 986 452 1053 πρὸς
488 984 544 1036 δὲ
568 984 661 1034 καὶ
694 982 888 1053 τρίτην
916 980 1162 1050 Μαρίναν
1187 995 1203 1011 ·
1242 977 1423 1045 πολλῷ
1449 975 1505 1028 δὲ
1530 973 1757 1043 ὕστερον
1787 970 1881 1023 καὶ

317 1078 431 1129 υἱὸν
458 1075 657 1145 ἐκείνῳ
684 1077 943 1142 ἐγέννησε
974 1073 1275 1137 Θεοδόσιον,
1308 1071 1387 1132 είς
1420 1068 1589 1135 ὄνομα
1629 1063 1706 1134 τῷ
1735 1063 1880 1117 πάπ-

318 1187 404 1237 πῳ
433 1166 721 1236 κληθέντα.
758 1167 880 1218 Ἔτι
912 1164 1041 1233 γοῦν
1089 1163 1183 1217 δύο
1232 1163 1440 1216 παίδων
1483 1157 1619 1214 οὖσα
1672 1158 1877 1227 μήτηρ.

318 1261 453 1329 πρὸς
515 1260 817 1326 Εὐτροπίου
868 1256 1285 1326 περιυϐρίζετο’
1324 1252 1460 1317 πρὸς
1515 1252 1622 1318 γὰρ
1667 1247 1733 1317 δὴ
1769 1248 1879 1309 τοῖς

314 1356 497 1414 ἄλλοις
553 1350 728 1418 ἐπῆγε
761 1351 855 1402 καὶ
903 1346 1062 1401 τοῦτο
1111 1344 1516 1415 προσαπειλῶν,
1555 1344 1746 1394 θᾶττον
1771 1338 1880 1390 τῶν

318 1444 609 1515 βασιλείων
647 1443 853 1510 ταύτην
888 1441 1239 1507 κατενεγκεῖν
1273 1438 1368 1490 καὶ
1404 1434 1586 1489 οἴκαδε
1622 1431 1877 1499 ἀποπέμ-

314 1538 547 1607 ψασθαι,
586 1539 613 1589 ὁ
644 1537 965 1605 Εὑτρὸπιος.
1012 1534 1075 1587 'H
1113 1533 1167 1586 δέ
1195 1532 1352 1602 θυμῷ
1410 1529 1779 1599 ὑπερζέσασα,
1805 1527 1880 1589 ὡς

317 1628 431 1699 εἶχε
476 1631 543 1684 τὰ
574 1630 764 1683 παιδία
795 1628 883 1680 διὰ
929 1626 1111 1698 χειρὸς
1145 1626 1407 1694 ἑκατέρας
1437 1624 1875 1693 ἀγκαλισαμένη,

322 1724 571 1791 πρόσεισι
604 1720 682 1790 τῷ
715 1720 868 1789 ἀνδρὶ
894 1720 1268 1788 ὀλοφυρομένη
1316 1735 1377 1769 τε
1411 1717 1506 1770 καὶ
1554 1716 1840 1769 κωκύουσα
1861 1732 1876 1747 σ

321 1821 396 1879 εἷς
426 1812 607 1871 οἶκτον
635 1815 691 1868 δὲ
716 1813 897 1867 καὶτὰ
925 1814 1103 1882 βρέφη
1148 1811 1564 1879 προτεινομένη.
1623 1809 1879 1877 δακρύων

323 1906 467 1974 ἠφίει
496 1904 748 1966 λιϐάδας·
783 1904 877 1956 καὶ
920 1902 1091 1958 τᾶλλα
1123 1901 1297 1953 ἐποίει
1328 1903 1428 1954 ὃσα
1470 1900 1615 1962 εἰκὸς
1646 1901 1881 1966 γυναῖκα

320 1998 789 2066 φλεγμαίνουσαν,
822 1996 958 2064 πρὸς
1020 1995 1080 2048 τὸ
1131 1992 1415 2063 συμπαθὲς
1464 1991 1758 2061 ἐφελκύσαι
1792 1990 1883 2043 τὸν

318 2093 507 2161 ἄνδρα.
553 2092 612 2143 '0
645 2090 690 2143 δ’
721 2090 1003 2159 ’Δρκάὂιος
1032 2087 1197 2156 οἴκτῳ
1246 2086 1311 2156 δὴ
1359 2087 1455 2152 τῆς
1485 2088 1740 2154 γυναικὸς
1790 2085 1883 2137 καὶ

320 2184 432 2235 τῶν
458 2183 665 2235 παίδων
696 2181 828 2249 πρὸς
868 2179 1039 2248 ὀργὴν
1083 2177 1297 2247 ἀνήφθη
1323 2195 1336 2207 ο
1367 2176 1442 2246 τῷ
1476 2193 1536 2227 τε
1584 2175 1770 2249 ζέοντι.
1791 2173 1883 2226 τοῦ

321 2274 521 2342 θυμοῦ,
555 2274 654 2326 καὶ
691 2246 769 2340 τῷ
821 2246 929 2325 τῶν
960 2271 1134 2338 λόγων
1166 2246 1401 2335 μάλιστα
1454 2246 1884 2336 ἐμϐριθεῖῖταῖς

324 2366 602 2433 ἀληθείαις
654 2364 908 2433 βασιλεὺς
943 2357 1012 2431 ἦν
1036 2377 1050 2392 ⁶
1096 2362 1189 2413 καὶ
1221 2360 1337 2430 δῆτ’
1374 2361 1580 2411 ἐκεῖνον
1610 2358 1777 2426 τιμῆς
1825 2374 1884 2409 τε

322 2456 567 2525 περιδύει
598 2455 837 2523 ἁπάσης,
864 2455 1040 2505 πάντα
1075 2468 1133 2503 τε
1172 2451 1262 2503 τδν
1314 2450 1544 2503 πλοῦτον
1577 2466 1886 2518 προσαφαι-

325 2553 526 2617 ρείεαι,
563 2549 655 2599 καὶ
685 2549 750 2615 τῇ
803 2545 1013 2614 Κύπρῳ
1043 2545 1187 2612 νήσῳ
1217 2543 1434 2610 φυγάδα.
1463 2543 1635 2593 ποιεῖ·
1667 2540 1886 2611 γραφὴν

318 2640 363 2691 δ’
398 2640 635 2699 ὑποστὰς
693 2640 749 2689 ἐν
788 2635 1015 2704 βραχεῖ,
1070 2634 1144 2695 ὡς
1196 2636 1358 2700 ἡνίκα
1413 2635 1492 2693 εἰς
1536 2633 1631 2701 τὴν
1682 2631 1887 2683 ὕπατον

320 2728 480 2789 ἀξίαν
516 2725 748 2795 προέϐη,
800 2724 1029 2791 κόσμοις
1074 2720 1205 2789 παρ’
1262 2720 1419 2783 ἀξίαν
1450 2721 1748 2787 ἐχρήσατο,
1794 2718 1887 2780 οὓς

324 2821 473 2887 μόνῳ
504 2817 680 2879 ἔξεστι
718 2815 926 2885 βασιλεί
961 2812 1380 2882 ἀμφιέννυσθαι,
1430 2811 1640 2863 ἐκεῖθεν
1681 2811 1886 2878 ἀχθεὶς,

322 2911 466 2961 κατὰ
498 2909 561 2960 τὸ
610 2906 929 2975 ῐιαντείχιον
983 2903 1338 2964 καθεσθέντος
1369 2901 1672 2969 συνεδρίου,
1705 2901 1885 2969 Δὺρη-

322 3000 509 3054 λιανοῦ
536 2999 631 3052 τοῦ
679 3000 918 3067 ἐπάρχου
954 2998 1050 3050 σὺν
1096 2996 1304 3064 ἑτέροις
1338 2995 1628 3062 ἐπιφανέσι
1675 2995 1887 3045 συνδια-

321 3094 657 3155 σκοποῦντος
708 3092 774 3143 τὰ
824 3090 944 3143 κατ’
976 3088 1143 3142 αὑτοῦ
1174 3128 1188 3152 ,
1241 3089 1326 3140 ἐπ’
1385 3086 1590 3147 αἰτίαις
1658 3086 1889 3153 φαύλαις

1983 600 2327 656 Occidentalc
2369 600 2656 670 imperium
2713 611 2878 665 sorte,
2912 611 2971 655 ut
2999 601 3218 670 quidam
3265 604 3541 660 memoriae

1980 689 2455 755 commendarunt,
2485 691 2819 745 obvenerat:
2874 690 3035 745 sicuti
3068 701 3250 746 autem
3281 693 3371 747 alii
3420 704 3537 747 tra-

1982 783 2137 841 dunt.
2174 781 2448 835 Baudonis
2472 782 2548 851 (Ι)
2587 781 2771 835 ﬁliam.
2809 782 2930 836 Fuit
2972 794 3153 838 autem
3193 785 3240 837 is
3273 786 3539 838 barbaros

1982 889 2201 943 genere,
2224 875 2273 926 in
2298 889 2356 927 re
2380 888 2509 926 vero
2534 873 2753 928 militari
2775 884 2829 928 et
2859 874 2911 928 in
2940 875 3303 944 imperatoriis
3327 878 3542 931 artibus

1983 963 2233 1031 plurimis
2266 965 2318 1017 in
2350 962 2647 1017 Occidente
2680 964 2993 1033 przeclarus.
3057 967 3222 1021 Porro
3247 967 3450 1022 femina
3479 984 3541 1022 ea

1981 1068 2088 1105 non
2110 1052 2295 1106 itidem
2320 1061 2376 1106 ut
2392 1052 2637 1116 maritus,
2659 1053 2840 1122 segnis
2860 1053 2980 1118 fuit,
3014 1054 3110 1108 sed
3132 1070 3238 1109 non
3254 1056 3541 1111 minimum

1981 1144 2048 1197 de
2084 1142 2364 1197 barbarica
2402 1144 2689 1199 insolentia
2715 1145 2978 1200 obtinuit.
3020 1146 3161 1201 Duas
3194 1157 3374 1202 autem
3407 1149 3545 1201 tilias

1982 1235 2213 1287 Arcadio
2239 1236 2445 1304 genuit,
2471 1234 2813 1290 Pulcheriam
2851 1238 3112 1305 primunt.
3148 1238 3345 1294 deinde
3376 1241 3543 1293 Area-

1981 1326 2150 1391 diam,
2179 1342 2243 1381 ac
2271 1326 2486 1381 tertiam
2508 1343 2699 1383 rursus
2729 1328 2990 1382 Marinam
3018 1346 3032 1383 :
3058 1328 3216 1400 longe
3237 1345 3369 1385 vero
3399 1341 3541 1397 post,

1984 1418 2153 1471 ﬁlium
2188 1434 2406 1488 quoque
2448 1420 2843 1483 Theodosium,
2906 1421 2974 1476 de
3038 1423 3125 1477 avi
3196 1423 3416 1477 nomine
3468 1424 3542 1477 ita

1982 1510 2333 1579 appellatum.
2366 1510 2499 1564 Cum
2524 1528 2586 1566 ea
2626 1512 2806 1567 adhuc
2839 1513 3071 1567 duarum
3128 1515 3365 1569 liliarum
3426 1530 3542 1568 ma-

1985 1611 2074 1654 ter
2132 1612 2306 1665 esset,
2357 1604 2805 1659 contumeliosius
2871 1606 2939 1660 ah
2997 1605 3270 1675 Eutmpio
3321 1620 3543 1676 accepta

1981 1705 2084 1746 est.
2114 1691 2288 1762 Super
2318 1694 2420 1748 alia
2448 1694 2594 1749 enim
2628 1696 2875 1750 convicia
2906 1706 2963 1750 et
3013 1697 3146 1751 illud
3175 1698 3546 1752 minabundus

1982 1785 2210 1856 adjecit,
2273 1788 2422 1841 brevi
2495 1789 2610 1842 fore
2672 1797 2727 1840 ut
2783 1802 2904 1842 eam
2967 1804 3035 1842 ex
3105 1789 3370 1858 imperiali
3425 1792 3545 1843 aula

1983 1880 2297 1945 abductam,
2333 1881 2449 1950 ipse
2475 1882 2695 1935 domum
2732 1883 2999 1936 remittat.
3036 1881 3129 1936 Illa
3157 1891 3341 1937 autem
3373 1883 3545 1937 vehe-

1985 1973 2155 2027 menti
2185 1974 2400 2027 fervens
2434 1975 2534 2037 ira,
2570 1973 2791 2027 ﬁliolam
2846 1985 3136 2043 utramque
3183 1974 3239 2029 in
3293 1976 3541 2043 utrisque

1986 2064 2130 2120 ulnis
2161 2065 2366 2128 ferens,
2391 2065 2457 2119 ad
2515 2066 2692 2118 virum
2739 2070 2986 2131 accessit,
3045 2068 3318 2137 quiritans
3378 2078 3543 2138 atque

1988 2160 2293 2214 lamentans
2341 2178 2354 2214 :
2392 2162 2597 2215 liberos
2624 2162 2787 2215 etiam
2821 2158 3315 2219 cormniseratidnis
3376 2167 3546 2233 gratia

1988 2251 2362 2321 praetendens,
2396 2252 2609 2321 prolixe
2647 2254 3091 2322 collaerymavit:
3127 2254 3341 2324 aliaque
3396 2256 3548 2311 insu-

1986 2358 2082 2412 per
2111 2343 2260 2406 fecit,
2291 2358 2410 2412 quae
2442 2344 2728 2397 tuulierem
2766 2345 3136 2415 indignatione
3162 2348 3549 2416 ﬂagrantcmct

1989 2435 2168 2488 virum
2203 2433 2269 2487 ad
2324 2434 2723 2488 condolentiam
2759 2437 3077 2503 pertrahere
3136 2440 3431 2505 volentem,
3475 2441 3552 2494 fa-

1989 2539 2114 2578 cere
2149 2539 2244 2594 par
2270 2536 2372 2579 est.
2410 2527 2585 2595 Atque
2616 2526 2912 2592 Arcadius,
2939 2530 3225 2600 coniugem
3266 2543 3319 2586 et
3348 2532 3553 2589 liberos

1990 2616 2302 2682 miseratus,
2356 2617 2421 2670 ad
2485 2619 2616 2671 iram
2669 2620 2782 2687 ipse
2858 2636 3077 2690 quoque
3124 2638 3387 2679 accensus
3444 2638 3548 2690 est,

1990 2706 2313 2774 ardentique
2360 2707 2667 2772 iracundia,
2718 2722 2771 2763 et
2846 2714 3133 2767 verborum
3204 2718 3546 2784 potissimum

1988 2801 2273 2866 gravitate,
2304 2800 2691 2868 imperatorem
2715 2818 2905 2856 verum
2936 2819 2993 2858 se
3012 2808 3285 2873 praestitit.
3318 2808 3550 2863 Proinde

1989 2889 2310 2958 EutrOpium
2344 2892 2607 2960 dignitate
2640 2895 2785 2945 omni
2811 2904 2865 2948 ct
2891 2896 3088 2965 opibus
3114 2902 3328 2953 cunctis
3350 2905 3551 2970 spolia-

1992 2988 2103 3033 tum
2133 2982 2231 3049 (2),
2266 2982 2316 3033 in
2337 2981 2575 3051 Cyprum
2602 2984 2835 3039 insulam
2868 2988 3170 3043 exsulatum
3196 2991 3361 3044 misit.
3396 2994 3548 3048 lircvi

1990 3088 2120 3126 vero
2141 3082 2283 3142 post,
2318 3076 2463 3142 quod
2483 3090 2548 3129 eo
2564 3085 2824 3147 tempore,
2846 3094 2970 3133 cum
3021 3082 3364 3136 consulatum
3407 3085 3549 3141 iniit.

323 3187 485 3245 ἁλοὺς
520 3185 546 3235 ὁ
577 3183 903 3252 Εὑτρὸπιες,
938 3181 1036 3249 τὴν
1066 3180 1311 3249 κεφαλὴν
1353 3179 1691 3246 ἀφαιρεῖται.
1744 3174 1885 3228 Ἀλλ’
1915 3183 1957 3240 C
1990 3182 2000 3216 ⁴

1872 3174 1885 3194 ‘
1915 3183 1957 3240 ρ
1990 3170 2325 3221 ornamentis
2350 3178 2538 3237 praeter
2576 3168 2895 3237 dignitatem
2946 3186 3078 3226 usus
3110 3181 3277 3239 esset,
3303 3189 3421 3243 qua:
3451 3176 3549 3229 soli

322 3277 380 3325 ἐν
410 3276 622 3335 τούτοις
675 3272 774 3341 μὲν
803 3277 868 3324 τα
901 3274 1042 3322 κατὰ
1099 3269 1416 3337 Εὑτρὸπιον.
1467 3267 1581 3320 Οὐκ
1641 3264 1891 3318 ἐντεῦθεν

322 3364 418 3417 οὖν
444 3364 634 3432 μῶμος
668 3362 1000 3430 προσετρίόη
1034 3362 1109 3430 τῷ
1150 3360 1393 3428 Ἰωάννῃ,
1416 3360 1545 3411 ’ἀλλ’
1572 3360 1653 3411 ὅτι
1684 3358 1891 3412 καὶτὸν

326 3457 709 3526 στρατηλάτην
733 3455 931 3507 Γαίνᾶν
964 3452 1315 3523 περιύδρισεν
1352 3453 1605 3521 ἐμφανῶς
1632 3452 1698 3520 τῇ
1732 3451 1891 3519 συνή-

325 3552 409 3605 θει
440 3549 719 3619 χρώμενος
754 3545 1076 3617 παρρησίᾳ·
1126 3544 1359 3612 ὁπηνίκα
1413 3543 1543 3611 μίαν
1592 3541 1699 3593 τῶν
1745 3540 1893 3592 ἔνδον

325 3644 430 3712 τῆς
468 3642 678 3703 πόλεως
708 3638 1012 3707 ἐκκλησιῶν
1038 3642 1147 3699 τοῖς
1171 3639 1465 3706 ὀμόφροσιν
1490 3634 1699 3686 ἐκείνου
1729 3649 1894 3701 προσ-

327 3728 636 3797 νεμηθῆναι
684 3727 981 3795 ’Λρειανοῖς
1031 3725 1181 3792 παρὰ
1214 3721 1308 3773 τοῦ
1356 3720 1618 3790 βασιλέως
1675 3719 1893 3787 αἰτῆσαι

328 3822 631 3887 ἐτόλμησεν
654 3835 667 3849 ⁸
702 3814 768 3888 ἧς
803 3816 878 3885 μὴ
906 3818 1108 3884 τυχὼν,
1151 3817 1432 3882 τυραννεῖν
1467 3811 1731 3863 ἐπέϐαλεν
1757 3826 1769 3838 ·
1803 3811 1895 3862 καὶ

329 3913 560 3963 πλεῖστα
598 3911 791 3979 ἔδρασε
823 3909 889 3960 τὰ
934 3906 1084 3959 δεινᾶ
1132 3906 1230 3975 τὴν
1266 3906 1368 3958 ὑπὸ
1413 3905 1713 3973 Ῥωμαίους
1760 3904 1892 3955 ἀνά·

329 4020 529 4055 στατον
551 4003 793 4069 θέμενος.
825 3999 1055 4060 Πολλοὺς
1087 3999 1142 4051 δὲ
1177 3999 1268 4049 καὶ
1299 3998 1491 4060 ἄλλους
1514 3997 1740 4066 ᾐτιῶντο
1764 3993 1893 4064 παρ’

326 4094 499 4148 αὐτοῦ
537 4093 610 4162 μὴ
639 4093 756 4144 δέον
786 4092 843 4144 ὃν
863 4091 1304 4158 διελεγχομένους
1326 4104 1339 4117 ·
1369 4089 1433 4141 δι’
1465 4089 1499 4141 ἃ
1522 4088 1613 4139 καὶ
1640 4087 1892 4155 διάφορος

327 4189 442 4245 τοῖς
469 4184 686 4245 πολλοῖς
721 4181 1032 4235 καθίστατο.
1084 4180 1157 4233 Οὐ
1188 4176 1386 4248 μέτρια
1424 4180 1480 4231 δὲ
1521 4180 1660 4232 κατὰ
1698 4178 1893 4230 τούτου

329 4278 422 4327 καὶ
440 4280 466 4327 ὁ
488 4274 589 4342 τῆς
614 4273 964 4340 Ἀλεξάνδρου
989 4271 1241 4338 Θεόφιλος
1259 4271 1550 4337 ὲσκαιὼρει
1575 4268 1730 4328 εὐθὺς
1757 4269 1894 4333 μετὰ

326 4364 428 4433 τὴν
466 4363 799 4432 χειροτονίαν
822 4380 834 4391 ·
870 4363 1039 4414 πολλά
1070 4378 1127 4413 τε
1160 4357 1238 4421 οἷς
1270 4378 1327 4412 τε
1356 4360 1568 4429 ἐντύχοι
1601 4358 1667 4411 δι’
1700 4356 1891 4410 ἑαυτοῦ

327 4457 504 4520 ἔλεγε,
548 4456 642 4505 καὶ
674 4456 783 4513 τοῖς
828 4453 1024 4507 ἀποῦσι
1065 4453 1283 4505 πλείονα
1333 4444 1594 4521 ἔγραφεν,
1626 4450 1894 4504 ἐπιτωθά-

1994 3264 2308 3332 imperatori
2341 3273 2553 3333 gestare
2585 3264 2797 3326 liceret,
2855 3274 3164 3329 accusatus,
3229 3277 3393 3337 atque
3425 3270 3551 3324 inde

1994 3355 2286 3419 abductus,
2319 3364 2375 3408 et
2404 3356 2547 3425 apud
2577 3354 2949 3418 Pantichium.
2992 3358 3085 3412 ubi
3116 3360 3367 3428 judicum
3422 3378 3555 3417 con—

1994 3450 2174 3501 silium
2206 3450 2548 3511 consederat.
2579 3449 2739 3519 353
2786 3452 3078 3505 Aureliano
3108 3452 3381 3520 praefecto,
3409 3457 3554 3510 aliis-

1994 3554 2101 3606 que
2138 3540 2445 3595 illustribus
2477 3540 2607 3595 viris
2668 3558 2888 3597 causam
2921 3545 3039 3614 ejus
3071 3551 3552 3615 cognoscentibus.

1995 3630 2238 3695 gravium
2257 3630 2545 3683 criminum
2573 3645 2699 3683 reus
2722 3643 2993 3701 peractus,
3013 3638 3206 3705 capitis
3226 3638 3552 3706 supplicium

1994 3718 2183 3772 subiit.
2219 3718 2323 3774 Res
2350 3720 2598 3790 Eutropii
2624 3722 2703 3777 sic
2734 3725 2993 3781 habuere.
3032 3728 3210 3798 Atque
3257 3746 3364 3784 non
3394 3747 3456 3785 ea
3488 3737 3554 3787 de

1994 3825 2156 3864 causa
2191 3812 2364 3865 solum
2382 3812 2617 3869 Joannes
2634 3824 2716 3869 est
2744 3819 3131 3886 reprehensus,
3161 3837 3348 3877 verum
3384 3828 3549 3881 etiam

1995 3903 2141 3969 quod
2202 3905 2520 3972 magistrum
2581 3908 2813 3962 militum
2872 3909 3100 3966 Gainam
3159 3920 3553 3975 contumeliose

1995 3993 2273 4062 propalam
2303 3996 2462 4049 solita
2495 4012 2592 4050 sua
2628 3999 2847 4055 dicendi
2882 4003 3133 4060 libertate
3157 4023 3311 4073 usus,
3348 4020 3552 4065 tracta-

1996 4086 2155 4151 verit,
2196 4100 2317 4139 cum
2362 4087 2451 4141 ille
2479 4088 2548 4141 ab
2598 4089 2932 4157 imperatore
2968 4108 3153 4161 petere
3208 4114 3377 4152 ausus
3406 4114 3553 4154 esset

1997 4183 2055 4228 ut
2072 4177 2212 4229 intra
2240 4177 2427 4231 urbem
2453 4178 2681 4234 ecclesia
2704 4197 2807 4235 una
2827 4186 3179 4252 popularibus
3203 4191 3317 4245 suis
3340 4193 3556 4247 Arianis

1996 4269 2419 4323 attribueretur:
2465 4286 2629 4340 quam
2667 4276 2756 4328 ubi
2812 4292 2922 4329 non
2979 4277 3311 4358 impetravit,
3350 4287 3415 4338 ad
3478 4297 3558 4357 ty-

1996 4358 2280 4413 rannidem
2311 4362 2558 4429 aspirans
2588 4364 2858 4432 plurimas
2893 4367 3158 4425 Romanis
3190 4373 3380 4428 intulit
3411 4379 3552 4431 cala-

1999 4449 2236 4515 mitates,
2270 4452 2531 4507 ditionem
2556 4470 2745 4510 eorum
2777 4458 3089 4516 devastans.
3112 4464 3303 4520 Plures
3335 4484 3465 4522 vero
3499 4482 3554 4523 et

328 4513 443 4608 ζων
493 4513 598 4595 τὸν
663 4543 853 4610 ἄνδρα,
908 4542 1098 4595 σκαιόν
1124 4560 1182 4594 τε
1247 4544 1343 4594 καὶ
1373 4513 1674 4611 ’ἀνημερον
1721 4541 1889 4606 ἑγκα-
1922 4513 2005 4592 D:

1873 4566 1889 4580 -
1922 4513 1971 4574 Ῑ)
1997 4539 2135 4595 alios
2164 4550 2522 4611 praeterquam
2548 4545 2870 4609 deceret,ab
2902 4565 2969 4605 eo
3003 4555 3361 4621 reprehensos
3410 4575 3550 4625 esse.

327 4638 459 4689 λῶν.
500 4640 608 4690 Καὶ
642 4638 748 4707 γὰρ
796 4637 859 4688 οὐ
898 4637 1136 4705 μετρίως
1177 4635 1367 4688 τοῦτον
1401 4636 1585 4688 ἐλύπει
1630 4634 1659 4686 ὅ
1702 4642 1758 4686 τε
1795 4634 1893 4700 ζῆ·-

327 4732 441 4792 λος.
477 4730 689 4781 ἐκείνου
760 4731 852 4781 καὶ
910 4730 940 4798 η
979 4730 1159 4790 ἔνθεος
1213 4730 1496 4797 παρρησία
1520 4745 1535 4759 ο
1569 4728 1685 4785 ἀλλ’
1710 4728 1789 4779 ὅτι
1824 4726 1892 4778 δι’

328 4826 539 4876 ἐκεῖνον
590 4822 683 4873 καὶ
737 4822 766 4874 ὁ
825 4819 972 4891 αὐτῷ
1026 4819 1227 4888 σφόδρα
1289 4818 1563 4887 ἐρώμενος
1627 4818 1894 4886 Ἰσίδωρος

326 4914 430 4981 τῆς
481 4912 785 4979 ἐπισκοπῆς
832 4909 1197 4979 διεκρούσθηη
1245 4909 1354 4961 Kal.
1394 4910 1462 4961 τὰ
1496 4909 1597 4974 μὲν
1638 4906 1778 4959 κατὰ
1805 4906 1895 4955 τὸν

329 5006 608 5056 θειότατον
678 5004 931 5070 Ἰωάννην
987 4998 1160 5061 οὕτως
1231 5000 1490 5069 ἐφέρετο·
1542 4998 1738 5050 καὶτὸ
1788 5014 1894 5048 κα-

329 5094 428 5149 κὸν
456 5093 619 5155 εὐθὺς
654 5092 772 5145 κατ’
802 5094 963 5145 αὑτὸν
994 5090 1168 5143 ὢδινε.
1210 5093 1317 5145 Ιιοῦ
1353 5092 1461 5160 γὰρ
1507 5093 1603 5143 καὶ
1643 5091 1840 5159 χωρεῖν
1866 5091 1893 5142 ὁ

330 5186 535 5252 κόσμος
559 5180 705 5253 εἶχεν
736 5182 907 5252 ἄνδρα
947 5183 1221 5248 τοσοῦτον,
1256 5182 1373 5250 Θεῴ
1407 5184 1550 5251 μόνῳ
1579 5182 1777 5245 ζῶντα,
1802 5180 1895 5232 καὶ

330 5278 502 5347 μηδὲν
532 5276 662 5329 ἄλλο
711 5276 744 5345 ἢ
774 5274 874 5345 τὴν
924 5273 1032 5327 τῶν
1085 5274 1388 5344 ἀνθρώπων
1423 5275 1694 5343 σωτηρίαν
1724 5275 1895 5342 μόνην

327 5369 426 5421 καὶ
452 5368 632 5435 λόγοις
660 5367 751 5419 καὶ
784 5367 964 5435 ἔργοις
1006 5367 1569 5435 πραγματευόμενονς
1617 5367 1775 5418 Ἀλλὰ
1827 5368 1893 5419 τὰ

328 5463 431 5530 μὲν
461 5464 585 5532 περὶ
608 5462 820 5514 ἐκείνου
850 5463 1492 5534 προϊόντες-δηλώσομεν.

397 5678 474 5752 (ll
522 5679 706 5733 Baudo
752 5680 871 5739 iste.
906 5681 1019 5735 sive
1061 5682 1252 5749 Banto,
1304 5684 1551 5752 proximo
1578 5698 1608 5740 a
1650 5682 1891 5739 Gratiani

323 5750 474 5803 caule
513 5764 655 5803 anno
711 5765 834 5805 cum
859 5755 1090 5810 Arcadio
1124 5768 1236 5809 cos.
1271 5750 1396 5809 fuit.

1995 4643 2124 4688 sunt
2174 4636 2471 4692 criminati.
2532 4638 2679 4704 Quas
2706 4643 2776 4696 ob
2827 4658 2913 4697 res
2949 4648 3233 4714 permultis
3291 4656 3555 4710 adversus

1996 4723 2123 4780 fuit.
2156 4725 2276 4779 Non
2312 4743 2483 4797 pauca
2516 4729 2570 4785 in
2603 4732 2750 4785 hunc
2779 4734 2942 4787 etiam
2974 4738 3157 4791 statim
3189 4752 3313 4808 post
3361 4758 3559 4799 conse-

1996 4817 2301 4872 crationem
2343 4820 2561 4875 molitus
2611 4833 2698 4876 est
2756 4824 3154 4883 Alexandrinus
3194 4830 3553 4901 Theophilus,

1999 4909 2280 4977 multaque
2328 4921 2383 4965 et
2437 4914 2821 4980 praesentibus,
2876 4932 3013 4985 quos
3045 4923 3425 4989 conveniebat,
3461 4943 3558 4995 per

1998 5000 2241 5068 scipsum
2284 5002 2440 5067 dixit,
2473 5013 2525 5058 et
2559 5007 2710 5073 plura
2776 5008 2882 5060 illis
2933 5010 3255 5067 absentibus
3308 5018 3554 5085 scripsit,

1998 5095 2117 5147 viro
2156 5094 2205 5147 ei
2237 5094 2489 5158 illudens,
2524 5097 2696 5150 [erum
2751 5109 2913 5166 atque
2953 5101 3227 5157 crudelem
3254 5108 3556 5174 appellans.

1997 5185 2112 5238 Non
2148 5200 2338 5255 parum
2369 5202 2602 5255 namque
2644 5188 2792 5241 illum
2852 5190 3163 5248 oﬂ‘endebat
3192 5197 3355 5250 ardor
3390 5208 3445 5252 et
3493 5201 3560 5253 li-

1998 5279 2184 5331 bertas
2230 5278 2414 5330 divina
2448 5278 2696 5343 Joannis,
2738 5290 2900 5348 atque
2967 5282 3188 5352 insuper
3256 5288 3399 5355 quod
3461 5304 3559 5358 per

1998 5370 2151 5423 illum
2183 5377 2464 5436 tant0pere
2489 5370 2590 5423 sibi
2617 5370 2849 5425 dilectus
2878 5373 3119 5427 Isidorus
3148 5377 3214 5429 ab
3238 5379 3556 5448 episcOpatu

1999 5462 2249 5530 repulsus
2297 5470 2462 5516 esset.
2517 5462 2620 5516 lies
2658 5466 3013 5519 sacratissimi
3053 5468 3281 5524 Joannis
3335 5487 3390 5525 ιιι
3454 5474 3559 5528 hoc

2077 5683 2153 5753 (ἓ)
2177 5682 2413 5753 Direptas
2432 5685 2556 5750 quid
2583 5686 2787 5753 plangis
2806 5700 2946 5751 opes,
2966 5702 3095 5751 quas
3129 5696 3283 5739 natus
3310 5683 3510 5737 habeth
3536 5685 3560 5739 2

2175 5752 2291 5807 Non
2325 5757 2480 5806 aliter
2512 5752 2723 5821 poteras
2758 5758 3004 5824 principis
3049 5772 3157 5807 esse
3185 5766 3354 5888 ματᾶν).

3111 5828 3259 5883 libat:
3310 5868 3320 5879 .
