4248 6446
729 416 833 477 943

1945 404 2355 470 MCEPIIORI
2402 406 2743 470 CALLISTI

3861 405 3972 467 944

725 539 878 584 erant
914 542 964 583 et
998 530 1060 583 ad
1113 530 1256 582 hunc
1306 528 1526 581 modum
1585 526 1765 579 statim
1821 527 2082 578 adversus
2137 526 2284 578 illam
2329 526 2570 594 plerique
2617 527 2816 579 malum
2880 524 3276 592 parturiebant.
3312 522 3596 588 Quomodo
3622 521 3768 576 enim
3792 523 3977 574 virum

726 637 932 681 tantum
965 643 1156 697 rapere
1189 626 1425 680 mundus
1458 633 1658 693 posset,
1691 625 1780 692 qui
1812 623 1910 676 soli
1962 623 2070 675 Deo
2123 622 2366 675 viveret:
2437 637 2612 690 neque
2680 621 2828 676 aliud
2899 621 3223 690 quidquam,
3282 635 3444 689 quam
3477 619 3648 674 solam
3681 617 3973 673 hominum

723 722 953 776 salutem
990 722 1171 776 verbis
1201 733 1252 774 et
1290 719 1450 773 factis
1503 716 1827 772 lucrifacere
1886 715 2287 770 contenderet?
2327 715 2432 768 Sed
2466 731 2554 770 res
2614 716 2732 786 ejus
2768 727 2954 785 postea
2988 730 3402 785 persequemur.

1223 834 1628 908 asacaprr
1660 837 1725 890 v.

720 933 818 987 Res
836 933 1011 988 Catthi
1042 931 1226 987 Cainaa
1253 931 1480 982 Barbari
1514 941 1531 978 :
1580 937 1626 980 et
1661 929 1721 980 de
1772 927 2012 980 libertate
2044 927 2278 990 dicendi,

790 1021 892 1074 qua
936 1020 1041 1074 .pro
1075 1001 1303 1054 ecclesiis
1339 1009 1386 1050 et
1429 1005 1569 1074 apud
1630 1000 2004 1064 imperatorem
2053 1008 2097 1049 et
2140 998 2283 1066 apud

787 1066 957 1142 ipsum
993 1073 1225 1125 Gainam
1261 1085 1386 1121 usus
1426 1080 1498 1121 est
1531 1066 1784 1120 Joannes.

787 1187 974 1242 Oratio
1031 1193 1211 1239 autem
1255 1183 1440 1238 Gainae
1474 1199 1562 1236 res
1599 1182 1799 1236 referre
1840 1181 2035 1249 cupide
2073 1182 2278 1251 gestit:

715 1282 840 1350 quis
874 1278 1058 1342 fuerit,
1100 1275 1241 1329 unde
1275 1275 1326 1326 in
1367 1274 1663 1326 Rmnanum
1701 1273 1989 1340 imperium
2024 1289 2284 1342 perveneo

719 1373 818 1435 rit,
844 1369 1119 1438 quomodo
1141 1366 1335 1420 Joanni
1366 1366 1643 1432 negotium
1687 1363 1987 1424 facesserit,
2016 1373 2073 1417 ut
2105 1374 2281 1417 motus

714 1472 905 1515 contra
937 1457 1224 1526 imperiunm
1262 1456 1568 1515 concitans,
1631 1467 1737 1521 quo
1791 1468 2019 1520 magnus
2050 1453 2139 1506 ille
2197 1454 2281 1506 vir

713 1553 982 1623 legatione
1012 1547 1152 1616 apud
1179 1563 1301 1600 eum
1330 1543 1929 1613 fungeretur,eﬂ‘ecorit
1951 1563 1963 1596 :
1983 1554 2036 1597 et
2062 1544 2278 1597 tandem

715 1660 745 1698 e
787 1641 964 1695 medio
997 1639 1264 1699 sublatus,
1304 1637 1595 1691 interierit.
1652 1636 1765 1690 Sub
1827 1651 1933 1703 quo
1994 1651 2079 1689 res
2111 1637 2276 1689 etiam

716 1750 852 1788 nova
886 1747 1113 1802 prorsus
1142 1730 1360 1791 accidit,
1392 1745 1486 1798 per
1521 1744 1681 1797 quam
1715 1729 1858 1781 Deus
1888 1727 2126 1782 ostendit
2151 1743 2278 1796 pro-

715 1826 953 1880 videntia
973 1833 1027 1878 et
1057 1839 1159 1892 ope
1199 1838 1293 1877 sua
1357 1822 1544 1874 urbem
1600 1820 1954 1888 imperantem
2009 1832 2065 1872 et
2107 1821 2278 1887 impe-

713 1917 855 1968 rium
888 1915 1189 1967 Romanum
1225 1911 1473 1963 maximis
1501 1924 1621 1962 esse
1653 1909 1912 1976 periculis
1964 1907 2276 1962 liberatum.

715 2007 915 2061 Gainas
954 2007 1052 2058 iste
1085 2005 1347 2057 barbarus
1382 2017 1578 2070 genere
1611 2002 1732 2062 luit,
1800 2017 1864 2053 ex
1903 1999 2138 2070 Scythis,
2185 2001 2277 2068 qui

714 2101 777 2153 ad
812 2100 1004 2153 lstrmn
1046 2099 1255 2159 colunt,
1300 2106 1470 2149 ortus.
1512 2095 1572 2147 lli
1641 2110 1771 2147 vero
1825 2110 1983 2148 amne
2033 2109 2121 2156 eo,
2157 2108 2277 2147 cum

3009 834 3052 885 Κ
3067 830 3259 886 ENA.
3302 829 3380 886 E'.

2396 927 2471 979 Τὰ
2502 927 2652 980 κατὰ
2674 929 2779 979 τὸν
2803 926 3112 994 βάρϐαρον
3141 928 3187 978 Γ
3191 927 3370 977 ὀτθον
3401 924 3637 994 Ιάῑνᾶνγ
3657 940 3672 955 ο
3698 923 3796 994 καὶ
3831 922 3970 989 περὶ

2457 997 2569 1062 τῆς
2614 996 2891 1050 Ἰωάννου
2927 998 3077 1062 πρὸς
3113 994 3510 1056 τὸνβασιλέα
3543 993 3823 1060 καὶπρὸς
3858 996 3972 1046 αὑ-

2458 1071 2564 1119 τὸν
2587 1067 2924 1134 παρῤησιάς
2960 1065 3056 1117 διὰ
3081 1064 3189 1131 τῆς
3217 1064 3580 1129 ἐκκλησίας.

2470 1181 2640 1250 Ὄργᾷ
2661 1179 2715 1232 δὲ
2739 1180 2867 1249 ἡμῖν
2895 1179 2921 1230 ὁ
2949 1179 3104 1246 λόγος
3132 1178 3200 1230 τὰ
3257 1178 3398 1230 κατά
3443 1177 3534 1229 τὸν
3582 1177 3782 1230 Γαῖνᾶν
3826 1176 3970 1228 διελ-

2389 1272 2520 1337 θεῖν,
2549 1273 2630 1334 τίς
2657 1288 2716 1323 τε
2742 1271 2817 1324 ὣν
2856 1271 2950 1324 καὶ
2989 1270 3175 1336 πόθεν,
3204 1272 3284 1331 είς
3316 1270 3386 1321 τὰ
3423 1267 3715 1336 Ῥωμαίων
3742 1266 3968 1335 εἰσήλα-

2388 1384 2468 1428 σε,
2522 1365 2616 1417 καὶ
2651 1364 2725 1427 ὠς
2756 1365 3061 1432 πράγματα
3125 1364 3383 1432 παρεῖχεν
3435 1361 3696 1429 Ἰωάννῃ·
3760 1361 3857 1410 καὶ
3884 1359 3966 1419 ὡς

2385 1458 2699 1518 ἐπαναστὰς
2732 1459 2798 1524 τῇ
2835 1456 2999 1526 ἀρχῇ,
3047 1453 3373 1524 πρεσϐεύειν
3402 1452 3478 1514 ὡς
3515 1453 3722 1503 ἐκεῖνον
3745 1450 3836 1502 τὸν
3868 1451 3968 1518 μέο

2383 1567 2484 1617 γαν
2511 1549 2964 1619 παρεσκευάσατο
2986 1561 3000 1576 ⁸
3027 1548 3120 1600 καὶ
3145 1547 3298 1607 τέλος
3327 1544 3400 1607 ὡς
3424 1543 3690 1612 διεφθάρη
3726 1542 3964 1611 ἀφανεὲᾳ

2385 1642 2708 1713 παραδοθείς
2733 1658 2745 1671 ·
2780 1639 2864 1709 ἐφ’
2915 1638 2973 1692 οῦ
3005 1638 3098 1692 καὶ
3151 1635 3350 1706 πρᾶξις
3383 1637 3619 1702 πάμπαν
3673 1633 3962 1697 ξενίζουσα

2384 1736 2657 1803 διεγένετο
2684 1775 2699 1799 ,
2733 1732 2869 1786 Θεοῦ
2928 1730 3357 1802 παραδείξαντος
3386 1768 3400 1792 ,
3459 1727 3535 1788 ὡς
3587 1729 3704 1786 ταῖς
3745 1725 3959 1776 ἐκείνου

2385 1827 2664 1895 προνοίαις
2694 1843 2752 1878 τε
2796 1825 2914 1893 ἅμα
2945 1823 3038 1876 καὶ
3090 1821 3366 1890 βοηθείαις
3400 1819 3501 1887 τήν
3539 1834 3596 1869 τε
3641 1815 3962 1886 βασιλεύου-

2385 1933 2484 1968 σαν
2532 1916 2686 1967 πόλιν
2736 1915 2829 1968 καὶ
2869 1915 2938 1966 τὰ
2979 1912 3268 1978 Ῥωμαίων
3321 1909 3627 1977 πράγματα
3677 1906 3958 1974 μεγίστων

2386 2007 2645 2060 κινδύνοιν
2680 2007 2982 2075 ἐξήρπασε.
3016 2004 3215 2065 Γαῖνᾶς
3265 1996 3418 2063 οὗτος
3459 1999 3734 2069 βάρϐαρος
3769 1998 3869 2065 μὲν
3896 1996 3960 2046 τὸ

2383 2101 2538 2166 γένος
2561 2097 2648 2170 ἦν,
2676 2101 2741 2152 ὲκ
2771 2099 2877 2150 τῶι
2910 2097 3060 2167 παρὰ
3088 2097 3179 2148 τὸν
3208 2096 3425 2164 Ἴστρον
3449 2092 3672 2145 Σκυθῶν
3699 2090 3962 2161 ὁρμώμε-

712 2189 885 2256 glacie
941 2187 1272 2244 constrictus
1331 2186 1549 2246 ίυὶεει-ι,
1592 2185 1841 2246 transito,
1901 2182 2189 2237 confertim
2226 2184 2277 2235 in
2313 2191 2389 2250 υς

2274 2191 2354 2250 ίΒ
2384 2209 2502 2254 νος·
2554 2193 2602 2244 οἳ
2659 2191 2903 2258 παγέντα
2954 2190 3043 2243 τὸν
3107 2188 3352 2255 ποταμὸν
3391 2183 3951 2252 διαπεραιωσάμενοι,

717 2280 1018 2332 Romanam
1047 2278 1309 2335 ditionem
1357 2275 1696 2341 irruperunt,
1742 2281 1796 2327 et
1827 2273 2112 2326 Thraciam
2162 2286 2278 2326 om-

715 2386 836 2423 nem
868 2369 1166 2438 pervagati,
1200 2368 1467 2436 Europam
1495 2366 1864 2434 diripuerunt.
1933 2368 2001 2420 At
2053 2366 2142 2420 ille
2180 2367 2274 2419 ubi

717 2462 782 2514 ad
821 2462 1094 2514 Romanos
1139 2457 1448 2528 transfugit,
1517 2456 1775 2524 paulatim
1817 2471 2157 2526 progressus,
2208 2470 2277 2510 ex

717 2550 865 2603 tenui
899 2550 1067 2603 milite
1126 2550 1276 2602 brevi
1311 2549 1566 2616 magister
1614 2547 1847 2599 militum
1905 2547 2274 2603 Romanorum

715 2644 913 2704 factus,
954 2642 1301 2710 equestribus
1329 2637 1784 2708 pedestribusque
1816 2638 2030 2706 pra'fuit
2081 2641 2273 2708 copiis.

716 2733 821 2789 Sed
851 2733 996 2787 enim
1051 2732 1116 2784 ad
1169 2741 1377 2784 tantum
1443 2731 1704 2783 honorem
1737 2740 1928 2798 praater
1958 2730 2272 2798 dignitatem

716 2843 868 2879 suam
896 2835 1135 2888 evectus,
1167 2825 1287 2876 loco
1311 2830 1364 2876 et
1394 2822 1584 2874 ordine
1607 2836 1672 2875 eo
1704 2831 1996 2875 Contentus
2021 2837 2127 2873 non
2150 2822 2271 2873 fuit:

715 2919 807 2971 sed
849 2918 953 2970 nisi
991 2916 1278 2984 imperium
1314 2915 1682 2967 Romanorum
1714 2913 1968 2981 potestati
2007 2930 2116 2966 sua:
2143 2915 2273 2966 sub-

710 3009 923 3076 jiceret.
953 3022 1169 3076 gravem
1215 3021 1332 3058 eam
1399 3020 1513 3058 rem
1567 3004 1813 3058 sihics-.e
1866 3005 2098 3074 putavit.
2153 3005 2274 3057 Πίεο

714 3117 837 3153 cum
893 3102 1075 3152 animo
1103 3099 1353 3166 agitaret,
1409 3097 1698 3165 populares
1749 3112 1876 3150 suos
1926 3096 2157 3150 Gotthos
2207 3114 2273 3150 ex

713 3192 1052 3262 praefecturis
1088 3204 1275 3242 eorum
1321 3189 1534 3247 accivit.
1587 3196 1748 3256 atque
1794 3202 1860 3239 ex
1921 3188 1999 3239 eis
2027 3187 2119 3255 qui
2147 3202 2270 3240 eum

712 3298 913 3353 genere
951 3283 1353 3348 contingerent,
1408 3280 1659 3330 ordinum
1691 3278 1966 3341 ductores,
1999 3280 2274 3333 centurio-

711 3393 808 3430 nes
860 3384 914 3428 et
971 3373 1220 3427 tribunos
1273 3371 1422 3433 fecit,
1481 3371 1894 3437 exercitumque
1953 3373 2269 3425 universum

713 3476 876 3529 sociis
904 3475 1019 3528 suis
1052 3473 1306 3526 credidit.
1347 3470 1414 3523 Ut
1444 3479 1625 3523 autem
1659 3469 1986 3539 Trigibildus
2020 3486 2272 3525 necessa»

715 3571 825 3620 rius
850 3577 906 3620 et
952 3565 1269 3620 commodus
1300 3564 1352 3617 ei
1395 3564 1643 3633 maxime,
1680 3578 1941 3631 perquam
1997 3563 2269 3632 frequenti

709 3658 890 3711 ordini
951 3665 1226 3724 praeesset,
1292 3656 1636 3722 pi-ocuravit;
1696 3654 1980 3723 eidemque
2026 3655 2269 3725 Phrygia:

712 3746 1242 3802 administrationem
1283 3761 1407 3797 cum
1443 3744 1661 3799 comitis
1685 3744 1949 3814 dignitate
1971 3749 2267 3802 concessit.

713 3842 785 3892 De
809 3854 918 3907 quo
948 3853 1055 3891 non
1077 3839 1148 3889 ita
1199 3836 1372 3888 multo
1404 3849 1525 3904 post
1561 3852 1684 3890 cum
1739 3839 2046 3890 nuntiatum
2107 3847 2268 3902 esset,

713 3945 797 3984 res
827 3946 950 3983 eum
1006 3943 1171 3982 novas
1206 3928 1408 3992 moliri,
1442 3927 1605 3980 urbes
1663 3929 1807 3982 circa
1858 3931 2146 3999 Phrygiam
2213 3942 2269 3984 et

710 4021 984 4075 t\acoliam
1040 4018 1114 4088 (ί)
1172 4028 1404 4082 vastare,
1446 4013 1520 4072 ‘et
1554 4020 1754 4073 cxdem
1801 4023 2022 4074 multam
2069 4022 2266 4086 facere,

712 4111 1056 4169 assimulavit
1109 4112 1327 4180 quidem
1357 4111 1571 4166 scilicet
1605 4127 1660 4165 se
1685 4127 1747 4164 ea
1795 4113 1861 4167 de
1921 4130 2080 4168 causa
2133 4115 2274 4170 indic

713 4204 864 4274 gnari
895 4201 1094 4256 Gainas
1121 4216 1135 4252 :
1164 4200 1385 4253 indiciis
1430 4211 1610 4254 autem
1662 4202 1988 4268 quibusdam
2013 4206 2146 4257 satis
2181 4222 2271 4258 os-

719 4293 910 4353 tendit,
943 4290 1008 4343 ad
1044 4306 1130 4344 res
1160 4305 1327 4344 novas
1363 4306 1485 4343 eum
1519 4306 1737 4360 quoque
1800 4303 2065 4360 spectare.
2103 4295 2272 4349 lllicet

718 4385 827 4447 ille,
859 4382 1083 4451 perinde
1105 4391 1266 4448 atque
1301 4381 1561 4434 Romanis
1616 4382 1754 4436 bene
1785 4383 1967 4445 vellet,
2023 4383 2269 4438 fraudem

714 4486 832 4529 arte
867 4473 1324 4534 comminiscitur,
1374 4481 1430 4525 ut
1479 4472 1593 4541 ipse
1627 4473 1827 4525 bellum
1876 4487 2062 4527 contra
2120 4477 2271 4529 illum

714 4567 1012 4635 gerendum
1034 4566 1316 4634 suscipiat,
1346 4573 1401 4617 ct
1432 4564 1659 4618 urbibus
1690 4579 1834 4617 circa
1858 4565 2166 4634 Phrygiam,
2199 4570 2270 4620 ita

715 4669 935 4727 utopus
995 4666 1163 4719 esset,
1203 4656 1460 4708 auxilium
1487 4655 1643 4708 ferat.
1681 4655 1747 4707 Et
1792 4657 2086 4723 imperator
2119 4674 2269 4711 com-

716 4760 899 4802 mento
929 4747 1181 4812 credens,
1211 4747 1260 4800 ei
1298 4747 1348 4798 id
1379 4747 1640 4814 permisit.
1676 4745 1834 4815 355
1870 4748 1959 4800 Ille
1996 4765 2159 4817 porro
2192 4750 2271 4802 in-

2379 2283 2589 2354 ἀθρόως
2625 2284 2704 2344 είς
2735 2282 2831 2351 τὴν
2867 2281 3085 2350 Ῥώμην
3121 2279 3417 2348 εἰσήλασαν
3444 2293 3457 2307 ⁸
3497 2275 3637 2327 κατὰ
3686 2272 3867 2325 πᾶσάν
3893 2287 3954 2322 τε

2379 2377 2702 2446 ἀναχθέντες
2725 2375 2822 2444 τὴν
2847 2374 3095 2443 Θρᾴκην,
3117 2375 3215 2441 τὴν
3246 2369 3514 2440 Εὐρώπην
3535 2365 3950 2434 κατεληῖσαντο.

2381 2470 2682 2538 Αύτύμολος
2731 2468 2776 2520 δ’
2830 2463 2924 2520 οὗν
2981 2465 3388 2535 προσχωρήβας
3445 2459 3760 2529 Ῥωμαίοις,
3807 2457 3954 2508 κατά

2380 2561 2553 2631 βραχὺ
2585 2560 2812 2630 προῖὼν,
2845 2559 2904 2623 ἐξ
2951 2558 3176 2617 ἀτελοῦς
3206 2558 3537 2623 στρατιώτου
3571 2550 3952 2619 στρατηλάτης

2389 2652 2679 2719 Ῥωμαίων
2713 2653 2810 2704 οὐκ
2831 2653 2911 2713 είς
2953 2652 3167 2718 μακρὰν
3200 2648 3600 2707 ἀναδείκνυται,
3630 2643 3723 2694 καὶ
3753 2641 3850 2707 τῆς
3891 2655 3950 2688 τε

2380 2747 2606 2812 ἱππικῆς
2668 2745 2761 2796 καλ⁴
2818 2744 3050 2810 πεζικῆς
3106 2739 3430 2807 καθηγεῖται
3477 2736 3776 2816 δυνάμεως.
3834 2729 3950 2797 Τῆς

2376 2834 2633 2905 τοιαύτης
2686 2835 2742 2886 δὲ
2780 2834 2948 2901 τιμῆς
2991 2832 3121 2902 παρ’
3154 2833 3309 2896 ἀξίαν
3362 2829 3566 2897 τυχὼν,
3601 2827 3700 2878 οὐκ
3751 2826 3944 2893 ἠγάπα

2380 2927 2561 2993 μένειν
2593 2928 2683 2977 ἐπὶ
2720 2927 2813 2992 τῆς
2839 2925 3064 2988 τάξεως,
3125 2923 3239 2975 ἀλλ’
3271 2924 3316 2973 εἰ
3377 2920 3451 2989 μὴ
3499 2921 3592 2970 καὶ
3641 2918 3740 2985 τὴν
3770 2916 3945 2983 ἀρχὴν

2387 3015 2676 3083 Ῥωμαίων
2701 3015 2788 3081 ὑφ’
2812 3015 3006 3067 ἑαυτὸν
3034 3013 3463 3080 καταστήσεται,
3491 3014 3545 3060 ἐν
3565 3007 3723 3076 δεινῷ
3743 3007 3946 3057 ὲποιεῐ-

2377 3124 2454 3160 το.
2492 3106 2658 3158 Ταῦτ’
2694 3110 2750 3158 ἐν
2797 3107 2871 3175 νῷ
2909 3105 3154 3174 θέμενος,
3207 3104 3336 3162 τοὺς
3368 3101 3672 3171 ὁμοφύλους
3710 3098 3942 3156 Γότθονς

2376 3199 2440 3250 ἐκ
2471 3200 2577 3251 τῶν
2612 3198 2827 3250 οἰκείων
2875 3199 3054 3267 νομῶν
3091 3196 3472 3265 μετεστέλλετο
3495 3234 3509 3257 ,
3542 3193 3638 3245 καὶ
3667 3191 3794 3251 τοὺς
3827 3191 3941 3241 ὅσοι

2377 3293 2515 3343 κατὰ
2543 3293 2698 3357 γένος
2728 3288 2866 3361 ἦσαν
2891 3291 3058 3359 αὐτῷ,
3083 3294 3578 3361 συνταγμ-ατὲρχας
3604 3287 3779 3356 εἶχεν,
3815 3290 3945 3338 έλα-

2375 3384 2705 3452 τοντάρχους
2735 3401 2792 3435 τε
2826 3385 2917 3435 καὶ
2953 3384 3264 3453 χιλιάρχους
3297 3384 3489 3444 ἐποίει,
3522 3383 3614 3434 καὶ
3648 3383 3745 3450 τὴν
3779 3397 3942 3445 στρα-

2376 3475 2494 3526 mw
2529 3477 2709 3527 πᾶσαν
2731 3478 2841 3537 τοῖς
2893 3477 3128 3543 ἑταίροις
3162 3474 3558 3526 ἐνεπιστεύετο.
3594 3472 3943 3540 Τριγίϐιλεον

2373 3567 2429 3619 δὲ
2465 3568 2573 3619 τῶν
2611 3569 2847 3636 μάλιστα
2890 3570 2947 3618 ὲν
2987 3568 3313 3634 ἐπιτηδείοις
3361 3564 3506 3631 αὐτῷ
3540 3565 3669 3615 ὄντα.
3705 3569 3943 3614 πολυαν-

2375 3650 2596 3722 θρώπου
2629 3655 2907 3721 τάγματος
2923 3652 3173 3722 ἡγεῖσθαι
3197 3654 3647 3721 παρεσκευάσατο
3679 3668 3691 3680 ·
3724 3652 3818 3702 καὶ
3845 3655 3943 3716 τὴν

2373 3745 2468 3812 τῆς
2496 3746 2732 3814 Φρυγίας
2763 3745 3057 3815 ἐνεχείριζε
3088 3745 3260 3813 τούτῳ
3290 3745 3487 3813 ἀρχὴν,
3519 3746 3758 3813 κόμητος
3784 3745 3944 3808 άξίιν

2374 3836 2522 3904 αὐτῷ
2551 3837 2904 3905 περιθέμενος
2928 3853 2939 3865 ·
2975 3832 3034 3890 οὗ
3070 3837 3132 3906 δὴ
3175 3839 3264 3888 καὶ
3294 3839 3349 3887 ὲν
3380 3837 3440 3888 ού
3480 3837 3656 3904 πολλῷ
3687 3836 3943 3904 νεωτερί-

2374 3929 2487 3992 ζειν
2519 3929 2880 3997 ἡγγελμένου,
2915 3932 3006 3983 καὶ
3023 3929 3118 3990 τὰς
3153 3931 3281 3997 περὶ
3309 3932 3404 3996 τὴν
3434 3930 3674 3997 Φρυγίαν
3705 3929 3799 3980 καὶ
3827 3930 3941 3979 Na.-

2375 4021 2603 4074 κώλειαν
2659 4020 2842 4083 πόλεις
2892 4021 3340 4084 ἀντιστατοῦντος,
3397 4022 3490 4071 καὶ
3563 4021 3724 4086 φόνον
3775 4018 3942 4071 πολὺν

2373 4113 2744 4182 ἐνεργοῦντος,
2794 4115 3171 4181 προσεποιεῖτο
3238 4113 3336 4179 μὲν
3398 4113 3558 4182 δῆθεν
3606 4113 3942 4179 ἀγανακτεῖν

2375 4208 2571 4280 ιἀῖνᾶς
2596 4220 2609 4234 °
2648 4206 2799 4274 δῆλος
2825 4206 2867 4257 δ’
2907 4207 2967 4257 ἐκ
2991 4221 3151 4280 τινων
3181 4206 3421 4274 σημείων
3467 4205 3782 4268 καθίστατο,
3814 4225 3943 4258 σινι-

2373 4297 2712 4366 νεωτερίζειν
2745 4297 2908 4365 αὐτῷ.
2953 4278 3168 4366 Ἀμέλει
3201 4313 3280 4347 τοι
3315 4297 3407 4348 καὶ
3429 4299 3586 4367 τέχνῃ
3609 4298 3941 4366 μετέρχεται

2375 4387 2470 4456 τὴν
2511 4388 2629 4438 κατ’
2661 4388 2870 4439 ἐκείνου
2909 4387 3090 4455 μάχην
3121 4385 3504 4449 ἀναλαϐέσθαι,
3538 4381 3624 4438 οἶα
3655 4388 3818 4455 δῆθεν
3849 4389 3939 4440 εῦ-

2375 4496 2494 4540 νους
2524 4479 2669 4546 μάλα
2697 4477 2987 4545 Ῥωμαίοις
3016 4477 3111 4540 ὠν,
3147 4480 3240 4530 καὶ
3267 4482 3384 4538 ταῖς
3418 4481 3542 4548 περὶ
3573 4480 3815 4548 Φρυγίαν
3852 4482 3941 4532 πό-

2374 4570 2519 4622 λεσιν
2552 4568 2622 4630 ὡς
2657 4568 2830 4636 χρεὼν
2861 4569 3180 4637 ἐπαμύνειν.
3229 4569 3492 4621 Ἐνεδίδου
3534 4571 3590 4622 δὲ
3635 4572 3662 4621 ὁ
3693 4574 3936 4640 κρατῶν,

2375 4661 2646 4715 πιστεύων
2672 4660 2748 4729 τῷ
2781 4662 3076 4728 πλάσματι.
3113 4663 3218 4714 Καὶ
3250 4665 3276 4714 ὁ
3331 4665 3430 4730 μὲν
3480 4664 3613 4715 πολύ
3644 4682 3696 4716 τι
3739 4667 3941 4732 ἐπαγό-

2378 4770 2532 4822 μενος
2552 4753 2750 4822 πλῆθος
2777 4756 2827 4815 ἐς
2862 4753 3125 4822 μυριάδας
3152 4754 3550 4824 ἠριθμημένον,
3577 4757 3668 4808 τὸν
3695 4775 3944 4828 κεκρυμ-

715 4849 929 4908 gentem
963 4839 1196 4906 plurium
1229 4838 1452 4890 millium
1486 4838 1885 4890 multitudinem
1915 4839 2140 4904 ducens,
2167 4849 2271 4894 sta-
2307 4865 2348 4918 D
2383 4866 2392 4914 ι

2266 4872 2271 4879 -
2307 4865 2348 4918 ι)
2383 4849 2540 4914 μένον
2573 4846 2770 4897 σκοπὸν
2799 4846 2956 4908 εὐθὺς
2984 4848 3349 4910 ἀνεκάλυπτε,
3371 4851 3460 4900 καὶ
3491 4849 3578 4900 τὸν
3606 4849 3706 4917 τῆς
3740 4867 3943 4916 τυραν-

721 4932 811 4982 tim
837 4930 977 4996 quod
1005 4929 1273 4981 celaverat
1293 4927 1600 4989 consilium,
1621 4928 1948 4989 Ostendit,et
1973 4933 2274 5000 tyrannidis

720 5021 964 5088 regulum
993 5020 1045 5072 in
1070 5020 1308 5073 medium
1333 5019 1862 5087 produxit.Tantum
1899 5023 2040 5074 enim
2076 5023 2266 5086 abfuit,

718 5122 776 5162 ut
813 5112 974 5164 urbes
1021 5111 1086 5163 ad
1131 5125 1266 5178 quas
1295 5111 1494 5162 missus
1533 5121 1669 5175 erat,
1703 5111 2053 5174 defenderet,
2093 5123 2151 5166 ut
2183 5131 2274 5169 eas

713 5204 875 5256 etiam
914 5219 1032 5271 qua:
1063 5203 1287 5270 reliquae
1317 5202 1493 5254 adhuc
1553 5211 1730 5265 erant,
1764 5202 2054 5269 diriperet,
2105 5217 2273 5273 atque

715 5296 764 5347 vi
803 5309 992 5361 magna
1020 5301 1336 5346 everteret:
1391 5292 1509 5344 alia:
1569 5303 1748 5345 autem
1787 5295 1926 5346 idem
1988 5309 2044 5348 se
2091 5297 2156 5348 ab
2209 5311 2275 5350 eo

715 5401 970 5456 passuras
1006 5401 1126 5438 esse
1163 5385 1216 5437 in
1252 5385 1657 5451 exspectatione
1688 5393 1890 5437 essent.
1921 5387 2095 5453 Atque
2149 5388 2272 5441 inde

718 5493 957 5537 movens,
988 5493 1108 5545 qua:
1143 5480 1192 5529 in
1229 5475 1408 5528 medio
1446 5475 1739 5528 erantloca
1771 5477 1973 5540 omnia,
2004 5477 2273 5546 Mysorum

714 5571 859 5639 quod
885 5569 1108 5630 dicitur,
1152 5569 1388 5638 prmdam
1422 5566 1583 5620 fecit:
1618 5577 1670 5618 et
1694 5571 1756 5618 ad
1789 5583 1902 5619 cam
1938 5585 2055 5635 qua:
2085 5585 2147 5620 ex
2178 5572 2274 5621 ιλιι-

714 5678 875 5716 verso
906 5662 1160 5732 Byzantio
1219 5671 1302 5714 est
1356 5658 1775 5724 Chalcedonem,
1833 5671 2005 5712 castra
2044 5672 2275 5716 metatus

787 5777 864 5843 tl)
898 5777 1047 5828 lianc
1077 5790 1180 5827 non
1215 5772 1413 5826 habent
1438 5772 1687 5843 Socrates
1713 5782 1765 5823 et
1799 5771 2152 5834 Sozomcnus,
2179 5776 2272 5827 sed

713 5842 875 5900 hodie
915 5860 1130 5915 quoque
1173 5845 1363 5898 Ἰοῖ-επ
1405 5857 1521 5895 cam
1579 5842 1715 5895 Asia:
1752 5852 1954 5910 partem
2009 5846 2268 5898 Mtoliam

2381 4941 2516 5002 νίδος
2562 4939 2873 5009 βασιλίσκον
2905 4939 3145 5009 προῆγεν
3195 4942 3272 5001 είς
3309 4942 3500 5007 μέσον·
3536 4944 3628 4993 καὶ
3677 4943 3737 4993 ού
3784 4945 3941 4996 τόσον

2381 5032 2602 5100 ἀμύνων
2653 5026 2735 5091 αἷς
2765 5030 3014 5100 ἐπέμφθη
3068 5031 3282 5083 πόλεσιν
3314 5030 3398 5100 ἦν,
3437 5034 3544 5099 ὅσῳ
3577 5033 3799 5095 καὶ·τάς
3832 5035 3940 5087 λει-

2381 5122 2619 5188 πομένας
2668 5119 2822 5190 ἐδῄου
2881 5121 2974 5173 καὶ
3025 5122 3329 5190 ἀνακράτος
3380 5123 3644 5190 ἠφάνιζεο
3709 5127 3828 5183 ταῖς
3886 5127 3940 5176 δὲ

2380 5211 2742 5279 προσδόκιμος
2793 5207 2859 5280 ἦν
2911 5211 3289 5280 ἐπιθήσεσθαι.
3334 5213 3574 5264 Ἐκεῖθεν
3615 5214 3658 5264 δ’
3692 5214 3936 5280 ἀπάρας,

2378 5305 2469 5354 καὶ
2501 5303 2566 5353 τὰ
2599 5304 2655 5354 ἐν
2686 5305 2832 5371 μέσῳ
2866 5304 3040 5354 πάντα
3082 5304 3231 5354 λείαν
3288 5304 3490 5355 Μυσῶν
3532 5307 3790 5372 ποιήσας,
3823 5307 3851 5358 ὃ
3879 5308 3943 5375 δὴ

2377 5395 2610 5458 λέγεται,
2667 5398 2722 5446 ὲν
2776 5398 2838 5462 τῇ
2872 5397 3200 5464 καταντικρὺ
3263 5394 3584 5458 Βυζαντίδος
3633 5397 3941 5467 Χαλκηόονι

2377 5487 2892 5554 ἐστρατοπεδεύετο,
2947 5492 3040 5538 καὶ
3097 5489 3247 5540 δεινὰ
3297 5491 3427 5557 δρᾷν
3478 5491 3730 5557 ἠπείλει·
3769 5495 3839 5544 τὰ
3887 5495 3940 5543 δὲ

2375 5576 2662 5640 ιπραττεν.
2683 5576 2767 5626 Ἐν
2794 5576 3031 5645 μεγίςτῳ
3050 5578 3100 5627 Ξὲ
3126 5579 3350 5648 κινδύνῳ
3374 5581 3479 5630 τῶν
3498 5580 3683 5649 Ἐῲων
3705 5583 3938 5646 πόλεων,

2379 5667 2695 5734 καὶμᾶλλον
2735 5670 2843 5720 τῶν
2873 5671 2972 5723 ἀνά
3001 5672 3096 5740 τὴν
3134 5671 3316 5724 Ἀσίαν
3346 5689 3406 5724 τε
3442 5677 3535 5725 καὶ
3569 5675 3661 5725 τὸν
3693 5675 3946 5739 Εῦξειειον

2377 5781 2878 5851 νοεοιιι-,άνατολὴν
2904 5782 3084 5835 (Περι-ο
3134 5786 3416 5848 debentes,
3478 5787 3580 5840 hoc
3613 5800 3714 5851 est,
3746 5789 3941 5845 Oricu-

2379 5858 2508 5900 tem.
2548 5844 2771 5903 Videtur
2801 5844 2981 5920 itaque
3010 5855 3125 5922 lcge
3169 5857 3297 5908 dum
3332 5844 3621 5910 Natali-am.
