  <div class='ocr_page' id='page_1' title='image "/cluster/home/n/w/nwhite01/storage/ocr_20150623/146/nnc1.0046980610/508.png"; bbox 0 0 4248 6446; ppageno 0'>
   <div class='ocr_carea' id='block_1_1' title="bbox 355 404 467 470">
    <p class='ocr_par' dir='ltr' id='par_1_1' title="bbox 355 404 467 470">
     <span class='ocr_line' id='line_1_1' title="bbox 355 404 467 470; baseline 0.009 -1"><span class='ocrx_word' id='word_1_1' title='bbox 355 404 467 470; x_wconf 64' lang='grc'><strong>959</strong></span> 
     </span>
    </p>
   </div>
   <div class='ocr_carea' id='block_1_2' title="bbox 1277 406 2671 492">
    <p class='ocr_par' dir='ltr' id='par_1_2' title="bbox 1277 406 2671 492">
     <span class='ocr_line' id='line_1_2' title="bbox 1277 406 2671 492; baseline 0.009 -13"><span class='ocrx_word' id='word_1_2' title='bbox 1277 406 1868 485; x_wconf 74' lang='lat' dir='ltr'><strong>ECCLEsusrtc.-n</strong></span> <span class='ocrx_word' id='word_1_3' title='bbox 1909 414 2286 488; x_wconf 65' lang='lat' dir='ltr'><strong>HISTORIA!</strong></span> <span class='ocrx_word' id='word_1_4' title='bbox 2327 428 2467 492; x_wconf 87' lang='lat' dir='ltr'><strong>LIB.</strong></span> <span class='ocrx_word' id='word_1_5' title='bbox 2506 432 2671 491; x_wconf 85' lang='lat' dir='ltr'><strong>xm.</strong></span> 
     </span>
    </p>
   </div>
   <div class='ocr_carea' id='block_1_3' title="bbox 3473 439 3579 501">
    <p class='ocr_par' dir='ltr' id='par_1_3' title="bbox 3473 439 3579 501">
     <span class='ocr_line' id='line_1_3' title="bbox 3473 439 3579 501; baseline 0.019 -1"><span class='ocrx_word' id='word_1_6' title='bbox 3473 439 3579 501; x_wconf 72' lang='lat'><strong>950</strong></span> 
     </span>
    </p>
   </div>
   <div class='ocr_carea' id='block_1_4' title="bbox 352 519 2029 617">
    <p class='ocr_par' dir='ltr' id='par_1_4' title="bbox 352 519 2029 606">
     <span class='ocr_line' id='line_1_4' title="bbox 352 519 2029 606; baseline 0.013 -37"><span class='ocrx_word' id='word_1_7' title='bbox 352 519 644 591; x_wconf 75' lang='grc' dir='ltr'><strong>γινομένης</strong></span> <span class='ocrx_word' id='word_1_8' title='bbox 668 521 717 575; x_wconf 79' lang='lat' dir='ltr'><strong>oi</strong></span> <span class='ocrx_word' id='word_1_9' title='bbox 754 522 845 577; x_wconf 73' lang='grc' dir='ltr'><strong>τὸν</strong></span> <span class='ocrx_word' id='word_1_10' title='bbox 883 524 1113 581; x_wconf 78' lang='grc' dir='ltr'><strong>πλοῦτον</strong></span> <span class='ocrx_word' id='word_1_11' title='bbox 1140 530 1501 599; x_wconf 82' lang='grc' dir='ltr'><strong>προτιθέντες</strong></span> <span class='ocrx_word' id='word_1_12' title='bbox 1521 534 1759 606; x_wconf 74' lang='grc' dir='ltr'><strong>δημοσίᾳ</strong></span> <span class='ocrx_word' id='word_1_13' title='bbox 1783 538 1916 604; x_wconf 80' lang='grc' dir='ltr'><strong>πρό·</strong></span> <span class='ocrx_word' id='word_1_14' title='bbox 1946 545 1991 597; x_wconf 81' lang='grc' dir='ltr'><strong>Α</strong></span> <span class='ocrx_word' id='word_1_15' title='bbox 2020 553 2029 590; x_wconf 81' lang='grc' dir='ltr'><strong>ι</strong></span> 
     </span>
    </p>
   </div>
   <div class='ocr_carea' id='block_1_5' title="bbox 1908 519 3585 617">
    <p class='ocr_par' dir='ltr' id='par_1_5' title="bbox 1908 538 3585 617">
     <span class='ocr_line' id='line_1_5' title="bbox 1908 538 3585 617; baseline 0.011 -28"><span class='ocrx_word' id='word_1_16' title='bbox 1908 567 1916 578; x_wconf 88' lang='lat'><strong><em>-</em></strong></span> <span class='ocrx_word' id='word_1_17' title='bbox 1946 545 1991 597; x_wconf 81' lang='grc' dir='ltr'><strong>Α</strong></span> <span class='ocrx_word' id='word_1_18' title='bbox 2020 538 2154 592; x_wconf 85' lang='lat' dir='ltr'><strong>sitas</strong></span> <span class='ocrx_word' id='word_1_19' title='bbox 2207 540 2474 609; x_wconf 83' lang='lat' dir='ltr'><strong>impetum</strong></span> <span class='ocrx_word' id='word_1_20' title='bbox 2521 543 2701 599; x_wconf 79' lang='lat' dir='ltr'><strong>facere</strong></span> <span class='ocrx_word' id='word_1_21' title='bbox 2737 542 3046 604; x_wconf 90' lang='lat' dir='ltr'><strong>constituit.</strong></span> <span class='ocrx_word' id='word_1_22' title='bbox 3084 545 3319 602; x_wconf 76' lang='lat' dir='ltr'><strong>maxima</strong></span> <span class='ocrx_word' id='word_1_23' title='bbox 3364 548 3455 604; x_wconf 90' lang='lat' dir='ltr'><strong>illa</strong></span> <span class='ocrx_word' id='word_1_24' title='bbox 3490 566 3585 617; x_wconf 83' lang='lat' dir='ltr'><strong>spe</strong></span> 
     </span>
    </p>
   </div>
   <div class='ocr_carea' id='block_1_6' title="bbox 349 612 1913 692">
    <p class='ocr_par' dir='ltr' id='par_1_6' title="bbox 349 612 1913 692">
     <span class='ocr_line' id='line_1_6' title="bbox 349 612 1913 692; baseline 0.012 -32"><span class='ocrx_word' id='word_1_25' title='bbox 349 625 536 679; x_wconf 76' lang='grc' dir='ltr'><strong>χειρον</strong></span> <span class='ocrx_word' id='word_1_26' title='bbox 585 612 945 679; x_wconf 76' lang='grc' dir='ltr'><strong>ἐφυλάξαντο,</strong></span> <span class='ocrx_word' id='word_1_27' title='bbox 1000 617 1295 692; x_wconf 79' lang='grc' dir='ltr'><strong>βαρϐαρων</strong></span> <span class='ocrx_word' id='word_1_28' title='bbox 1332 625 1518 692; x_wconf 80' lang='grc' dir='ltr'><strong>στῖφος</strong></span> <span class='ocrx_word' id='word_1_29' title='bbox 1554 626 1690 680; x_wconf 78' lang='grc' dir='ltr'><strong>πολὺ</strong></span> <span class='ocrx_word' id='word_1_30' title='bbox 1724 628 1913 691; x_wconf 80' lang='grc' dir='ltr'><strong>νυκτὸς</strong></span> 
     </span>
    </p>
   </div>
   <div class='ocr_carea' id='block_1_7' title="bbox 346 704 1915 789">
    <p class='ocr_par' dir='ltr' id='par_1_7' title="bbox 346 704 1915 789">
     <span class='ocr_line' id='line_1_7' title="bbox 346 704 1915 789; baseline 0.013 -37"><span class='ocrx_word' id='word_1_31' title='bbox 346 704 692 780; x_wconf 48' lang='grc' dir='ltr'><strong>ἐπιπέμψας,</strong></span> <span class='ocrx_word' id='word_1_32' title='bbox 734 708 803 761; x_wconf 82' lang='grc' dir='ltr'><strong>τὰ</strong></span> <span class='ocrx_word' id='word_1_33' title='bbox 848 708 1096 779; x_wconf 79' lang='grc' dir='ltr'><strong>βασίλεια</strong></span> <span class='ocrx_word' id='word_1_34' title='bbox 1143 713 1395 768; x_wconf 73' lang='grc' dir='ltr'><strong>ἐκέλευεν</strong></span> <span class='ocrx_word' id='word_1_35' title='bbox 1424 717 1728 789; x_wconf 77' lang='grc' dir='ltr'><strong>ἐμπιπρᾷν.</strong></span> <span class='ocrx_word' id='word_1_36' title='bbox 1765 720 1829 773; x_wconf 81' lang='grc' dir='ltr'><strong>Οί</strong></span> <span class='ocrx_word' id='word_1_37' title='bbox 1857 720 1915 773; x_wconf 78' lang='grc' dir='ltr'><strong>δὲ</strong></span> 
     </span>
    </p>
   </div>
   <div class='ocr_carea' id='block_1_8' title="bbox 344 793 1915 881">
    <p class='ocr_par' dir='ltr' id='par_1_8' title="bbox 344 793 1915 881">
     <span class='ocr_line' id='line_1_8' title="bbox 344 793 1915 881; baseline 0.015 -39"><span class='ocrx_word' id='word_1_38' title='bbox 344 793 602 849; x_wconf 65' lang='grc' dir='ltr'><strong>τοσοῦτον</strong></span> <span class='ocrx_word' id='word_1_39' title='bbox 651 798 806 853; x_wconf 71' lang='grc' dir='ltr'><strong>οὐδὲν</strong></span> <span class='ocrx_word' id='word_1_40' title='bbox 834 800 1064 871; x_wconf 62' lang='grc' dir='ltr'><strong>ἤνυσαν,</strong></span> <span class='ocrx_word' id='word_1_41' title='bbox 1092 802 1233 858; x_wconf 88' lang='grc' dir='ltr'><strong>ὥστε</strong></span> <span class='ocrx_word' id='word_1_42' title='bbox 1286 807 1379 860; x_wconf 74' lang='grc' dir='ltr'><strong>καὶ</strong></span> <span class='ocrx_word' id='word_1_43' title='bbox 1431 811 1487 861; x_wconf 86' lang='grc' dir='ltr'><strong>ἐν</strong></span> <span class='ocrx_word' id='word_1_44' title='bbox 1530 809 1639 864; x_wconf 82' lang='grc' dir='ltr'><strong>δέει</strong></span> <span class='ocrx_word' id='word_1_45' title='bbox 1691 811 1915 881; x_wconf 81' lang='grc' dir='ltr'><strong>μεγάλῳ</strong></span> 
     </span>
    </p>
   </div>
   <div class='ocr_carea' id='block_1_9' title="bbox 346 885 1915 972">
    <p class='ocr_par' dir='ltr' id='par_1_9' title="bbox 346 885 1915 972">
     <span class='ocr_line' id='line_1_9' title="bbox 346 885 1915 972; baseline 0.013 -37"><span class='ocrx_word' id='word_1_46' title='bbox 346 885 636 952; x_wconf 86' lang='grc' dir='ltr'><strong>γενόμενοι</strong></span> <span class='ocrx_word' id='word_1_47' title='bbox 683 890 1159 963; x_wconf 84' lang='grc' dir='ltr'><strong>καθυπέστρεφον.</strong></span> <span class='ocrx_word' id='word_1_48' title='bbox 1224 897 1559 969; x_wconf 82' lang='grc' dir='ltr'><strong>Παρεδείκνυ</strong></span> <span class='ocrx_word' id='word_1_49' title='bbox 1609 902 1718 970; x_wconf 82' lang='grc' dir='ltr'><strong>γάρ</strong></span> <span class='ocrx_word' id='word_1_50' title='bbox 1761 920 1915 972; x_wconf 77' lang='grc' dir='ltr'><strong>τηνιο</strong></span> 
     </span>
    </p>
   </div>
   <div class='ocr_carea' id='block_1_10' title="bbox 345 975 1909 1061">
    <p class='ocr_par' dir='ltr' id='par_1_10' title="bbox 345 975 1909 1061">
     <span class='ocr_line' id='line_1_10' title="bbox 345 975 1909 1061; baseline 0.012 -34"><span class='ocrx_word' id='word_1_51' title='bbox 345 975 526 1031; x_wconf 82' lang='grc' dir='ltr'><strong>καῦτα</strong></span> <span class='ocrx_word' id='word_1_52' title='bbox 565 980 722 1045; x_wconf 82' lang='grc' dir='ltr'><strong>Θεὸς,</strong></span> <span class='ocrx_word' id='word_1_53' title='bbox 756 984 909 1047; x_wconf 84' lang='grc' dir='ltr'><strong>ὅπως</strong></span> <span class='ocrx_word' id='word_1_54' title='bbox 937 988 1197 1055; x_wconf 81' lang='grc' dir='ltr'><strong>προνοίας</strong></span> <span class='ocrx_word' id='word_1_55' title='bbox 1234 986 1348 1059; x_wconf 84' lang='grc' dir='ltr'><strong>εἶχε</strong></span> <span class='ocrx_word' id='word_1_56' title='bbox 1384 994 1512 1061; x_wconf 76' lang='grc' dir='ltr'><strong>περὶ</strong></span> <span class='ocrx_word' id='word_1_57' title='bbox 1561 993 1663 1061; x_wconf 76' lang='grc' dir='ltr'><strong>τὴν</strong></span> <span class='ocrx_word' id='word_1_58' title='bbox 1710 994 1869 1048; x_wconf 79' lang='grc' dir='ltr'><strong>πόλιν</strong></span> <span class='ocrx_word' id='word_1_59' title='bbox 1893 1009 1909 1026; x_wconf 72' lang='grc' dir='ltr'><strong>ο</strong></span> 
     </span>
    </p>
   </div>
   <div class='ocr_carea' id='block_1_11' title="bbox 342 1070 1913 1151">
    <p class='ocr_par' dir='ltr' id='par_1_11' title="bbox 342 1070 1913 1151">
     <span class='ocr_line' id='line_1_11' title="bbox 342 1070 1913 1151; baseline 0.014 -33"><span class='ocrx_word' id='word_1_60' title='bbox 342 1070 569 1135; x_wconf 74' lang='grc' dir='ltr'><strong>οὐρανία</strong></span> <span class='ocrx_word' id='word_1_61' title='bbox 599 1075 705 1143; x_wconf 79' lang='grc' dir='ltr'><strong>γάρ</strong></span> <span class='ocrx_word' id='word_1_62' title='bbox 730 1092 812 1137; x_wconf 89' lang='grc' dir='ltr'><strong>τις</strong></span> <span class='ocrx_word' id='word_1_63' title='bbox 840 1077 1076 1149; x_wconf 81' lang='grc' dir='ltr'><strong>δύναμις</strong></span> <span class='ocrx_word' id='word_1_64' title='bbox 1100 1085 1445 1151; x_wconf 75' lang='grc' dir='ltr'><strong>προφανεῖσα</strong></span> <span class='ocrx_word' id='word_1_65' title='bbox 1469 1088 1578 1147; x_wconf 85' lang='grc' dir='ltr'><strong>τοῖς</strong></span> <span class='ocrx_word' id='word_1_66' title='bbox 1601 1086 1913 1151; x_wconf 87' lang='grc' dir='ltr'><strong>ἐπιϐούλοις</strong></span> 
     </span>
    </p>
   </div>
   <div class='ocr_carea' id='block_1_12' title="bbox 342 1162 1911 1248">
    <p class='ocr_par' dir='ltr' id='par_1_12' title="bbox 342 1162 1911 1248">
     <span class='ocr_line' id='line_1_12' title="bbox 342 1162 1911 1248; baseline 0.013 -36"><span class='ocrx_word' id='word_1_67' title='bbox 342 1162 401 1212; x_wconf 80' lang='grc' dir='ltr'><strong>ἐν</strong></span> <span class='ocrx_word' id='word_1_68' title='bbox 436 1164 699 1231; x_wconf 83' lang='grc' dir='ltr'><strong>μεγάλοις</strong></span> <span class='ocrx_word' id='word_1_69' title='bbox 728 1170 839 1231; x_wconf 88' lang='grc' dir='ltr'><strong>τοῖς</strong></span> <span class='ocrx_word' id='word_1_70' title='bbox 866 1169 1082 1239; x_wconf 85' lang='grc' dir='ltr'><strong>σώμασι</strong></span> <span class='ocrx_word' id='word_1_71' title='bbox 1111 1174 1438 1245; x_wconf 80' lang='grc' dir='ltr'><strong>κατέπληξε.</strong></span> <span class='ocrx_word' id='word_1_72' title='bbox 1468 1175 1573 1231; x_wconf 73' lang='grc' dir='ltr'><strong>Καὶ</strong></span> <span class='ocrx_word' id='word_1_73' title='bbox 1600 1178 1911 1248; x_wconf 77' lang='grc' dir='ltr'><strong>ἀνεχώρουν</strong></span> 
     </span>
    </p>
   </div>
   <div class='ocr_carea' id='block_1_13' title="bbox 340 1252 1912 1342">
    <p class='ocr_par' dir='ltr' id='par_1_13' title="bbox 340 1252 1912 1342">
     <span class='ocr_line' id='line_1_13' title="bbox 340 1252 1912 1342; baseline 0.013 -40"><span class='ocrx_word' id='word_1_74' title='bbox 340 1252 573 1319; x_wconf 80' lang='grc' dir='ltr'><strong>ἐκεῖθεν,</strong></span> <span class='ocrx_word' id='word_1_75' title='bbox 608 1257 703 1309; x_wconf 74' lang='grc' dir='ltr'><strong>καὶ</strong></span> <span class='ocrx_word' id='word_1_76' title='bbox 745 1257 940 1311; x_wconf 79' lang='grc' dir='ltr'><strong>θᾶττον</strong></span> <span class='ocrx_word' id='word_1_77' title='bbox 969 1265 1404 1335; x_wconf 85' lang='grc' dir='ltr'><strong>κατεπτηχότες,</strong></span> <span class='ocrx_word' id='word_1_78' title='bbox 1449 1268 1712 1338; x_wconf 72' lang='grc' dir='ltr'><strong>ἧγγελλον</strong></span> <span class='ocrx_word' id='word_1_79' title='bbox 1741 1271 1912 1342; x_wconf 81' lang='grc' dir='ltr'><strong>Γαῖνᾷ</strong></span> 
     </span>
    </p>
   </div>
   <div class='ocr_carea' id='block_1_14' title="bbox 340 1342 1909 1436">
    <p class='ocr_par' dir='ltr' id='par_1_14' title="bbox 340 1342 1909 1436">
     <span class='ocr_line' id='line_1_14' title="bbox 340 1342 1909 1436; baseline 0.018 -42"><span class='ocrx_word' id='word_1_80' title='bbox 340 1342 558 1416; x_wconf 80' lang='grc' dir='ltr'><strong>νύκτωρ</strong></span> <span class='ocrx_word' id='word_1_81' title='bbox 590 1348 786 1417; x_wconf 81' lang='grc' dir='ltr'><strong>νέηλυν</strong></span> <span class='ocrx_word' id='word_1_82' title='bbox 832 1353 1048 1407; x_wconf 76' lang='grc' dir='ltr'><strong>ἐπιέναι</strong></span> <span class='ocrx_word' id='word_1_83' title='bbox 1078 1357 1144 1426; x_wconf 74' lang='grc' dir='ltr'><strong>τῇ</strong></span> <span class='ocrx_word' id='word_1_84' title='bbox 1182 1359 1337 1412; x_wconf 87' lang='grc' dir='ltr'><strong>πόλει</strong></span> <span class='ocrx_word' id='word_1_85' title='bbox 1385 1362 1639 1430; x_wconf 89' lang='grc' dir='ltr'><strong>στρατόν.</strong></span> <span class='ocrx_word' id='word_1_86' title='bbox 1681 1364 1740 1418; x_wconf 89' lang='lat'><strong>&#39;0</strong></span> <span class='ocrx_word' id='word_1_87' title='bbox 1774 1364 1821 1419; x_wconf 81' lang='grc' dir='ltr'><strong>δ’</strong></span> <span class='ocrx_word' id='word_1_88' title='bbox 1848 1365 1909 1436; x_wconf 62' lang='grc' dir='ltr'><strong>ἧς</strong></span> 
     </span>
    </p>
   </div>
   <div class='ocr_carea' id='block_1_15' title="bbox 339 1439 1909 1523">
    <p class='ocr_par' dir='ltr' id='par_1_15' title="bbox 339 1439 1909 1523">
     <span class='ocr_line' id='line_1_15' title="bbox 339 1439 1909 1523; baseline 0.016 -39"><span class='ocrx_word' id='word_1_89' title='bbox 339 1450 504 1487; x_wconf 86' lang='grc' dir='ltr'><strong>κιστα</strong></span> <span class='ocrx_word' id='word_1_90' title='bbox 544 1439 660 1501; x_wconf 87' lang='grc' dir='ltr'><strong>τοῖς</strong></span> <span class='ocrx_word' id='word_1_91' title='bbox 700 1441 1017 1511; x_wconf 78' lang='grc' dir='ltr'><strong>είρημένοις</strong></span> <span class='ocrx_word' id='word_1_92' title='bbox 1063 1447 1218 1514; x_wconf 73' lang='grc' dir='ltr'><strong>ἠξίου</strong></span> <span class='ocrx_word' id='word_1_93' title='bbox 1265 1452 1576 1518; x_wconf 77' lang='grc' dir='ltr'><strong>πιστεύειν,</strong></span> <span class='ocrx_word' id='word_1_94' title='bbox 1621 1455 1695 1523; x_wconf 85' lang='grc' dir='ltr'><strong>μή</strong></span> <span class='ocrx_word' id='word_1_95' title='bbox 1755 1472 1909 1519; x_wconf 89' lang='grc' dir='ltr'><strong>τινας</strong></span> 
     </span>
    </p>
   </div>
   <div class='ocr_carea' id='block_1_16' title="bbox 336 1524 1904 1611">
    <p class='ocr_par' dir='ltr' id='par_1_16' title="bbox 336 1524 1904 1611">
     <span class='ocr_line' id='line_1_16' title="bbox 336 1524 1904 1611; baseline 0.018 -37"><span class='ocrx_word' id='word_1_96' title='bbox 336 1524 450 1575; x_wconf 89' lang='grc' dir='ltr'><strong>τῶν</strong></span> <span class='ocrx_word' id='word_1_97' title='bbox 474 1527 750 1583; x_wconf 74' lang='grc' dir='ltr'><strong>εἰωθότων</strong></span> <span class='ocrx_word' id='word_1_98' title='bbox 772 1531 1076 1604; x_wconf 80' lang='grc' dir='ltr'><strong>ἐνδημῆσαι</strong></span> <span class='ocrx_word' id='word_1_99' title='bbox 1098 1540 1164 1608; x_wconf 73' lang='grc' dir='ltr'><strong>τῇ</strong></span> <span class='ocrx_word' id='word_1_100' title='bbox 1189 1540 1338 1593; x_wconf 85' lang='grc' dir='ltr'><strong>πόλει</strong></span> <span class='ocrx_word' id='word_1_101' title='bbox 1365 1544 1705 1611; x_wconf 84' lang='grc' dir='ltr'><strong>στρατιώτας</strong></span> <span class='ocrx_word' id='word_1_102' title='bbox 1729 1545 1904 1610; x_wconf 84' lang='grc' dir='ltr'><strong>είδώς.</strong></span> 
     </span>
    </p>
   </div>
   <div class='ocr_carea' id='block_1_17' title="bbox 337 1615 1904 1696">
    <p class='ocr_par' dir='ltr' id='par_1_17' title="bbox 337 1615 1904 1696">
     <span class='ocr_line' id='line_1_17' title="bbox 337 1615 1904 1696; baseline 0.018 -28"><span class='ocrx_word' id='word_1_103' title='bbox 337 1615 460 1670; x_wconf 60' lang='lat' dir='ltr'><strong>&quot;Eu</strong></span> <span class='ocrx_word' id='word_1_104' title='bbox 502 1618 558 1671; x_wconf 72' lang='lat' dir='ltr'><strong>at</strong></span> <span class='ocrx_word' id='word_1_105' title='bbox 594 1623 660 1691; x_wconf 77' lang='grc' dir='ltr'><strong>τῇ</strong></span> <span class='ocrx_word' id='word_1_106' title='bbox 704 1622 941 1695; x_wconf 74' lang='grc' dir='ltr'><strong>ἐχομένῃ</strong></span> <span class='ocrx_word' id='word_1_107' title='bbox 974 1629 1129 1684; x_wconf 80' lang='grc' dir='ltr'><strong>νυκτὶ</strong></span> <span class='ocrx_word' id='word_1_108' title='bbox 1170 1634 1264 1685; x_wconf 67' lang='grc' dir='ltr'><strong>καὶ</strong></span> <span class='ocrx_word' id='word_1_109' title='bbox 1307 1634 1502 1696; x_wconf 82' lang='grc' dir='ltr'><strong>ἄλλους</strong></span> <span class='ocrx_word' id='word_1_110' title='bbox 1547 1637 1904 1696; x_wconf 75' lang='grc' dir='ltr'><strong>ἀπέστελλεν.</strong></span> 
     </span>
    </p>
   </div>
   <div class='ocr_carea' id='block_1_18' title="bbox 340 1706 1903 1797">
    <p class='ocr_par' dir='ltr' id='par_1_18' title="bbox 340 1706 1903 1797">
     <span class='ocr_line' id='line_1_18' title="bbox 340 1706 1903 1797; baseline 0.014 -37"><span class='ocrx_word' id='word_1_111' title='bbox 340 1706 431 1768; x_wconf 83' lang='grc' dir='ltr'><strong>Ὠς</strong></span> <span class='ocrx_word' id='word_1_112' title='bbox 461 1708 520 1763; x_wconf 73' lang='grc' dir='ltr'><strong>δι</strong></span> <span class='ocrx_word' id='word_1_113' title='bbox 549 1711 644 1764; x_wconf 81' lang='grc' dir='ltr'><strong>καὶ</strong></span> <span class='ocrx_word' id='word_1_114' title='bbox 672 1707 820 1768; x_wconf 77' lang='grc' dir='ltr'><strong>οὗτοι</strong></span> <span class='ocrx_word' id='word_1_115' title='bbox 850 1716 920 1770; x_wconf 89' lang='grc' dir='ltr'><strong>τά</strong></span> <span class='ocrx_word' id='word_1_116' title='bbox 964 1718 1055 1772; x_wconf 80' lang='grc' dir='ltr'><strong>ίσα</strong></span> <span class='ocrx_word' id='word_1_117' title='bbox 1083 1722 1198 1784; x_wconf 83' lang='grc' dir='ltr'><strong>τοῖς</strong></span> <span class='ocrx_word' id='word_1_118' title='bbox 1245 1728 1535 1797; x_wconf 76' lang='grc' dir='ltr'><strong>προτέροις</strong></span> <span class='ocrx_word' id='word_1_119' title='bbox 1563 1727 1903 1797; x_wconf 79' lang='grc' dir='ltr'><strong>διήγγελλον,</strong></span> 
     </span>
    </p>
   </div>
   <div class='ocr_carea' id='block_1_19' title="bbox 327 1799 1901 1888">
    <p class='ocr_par' dir='ltr' id='par_1_19' title="bbox 327 1799 1901 1888">
     <span class='ocr_line' id='line_1_19' title="bbox 327 1799 1901 1888; baseline 0.017 -39"><span class='ocrx_word' id='word_1_120' title='bbox 327 1799 491 1883; x_wconf 60' lang='lat' dir='ltr'><strong>aeta;</strong></span> <span class='ocrx_word' id='word_1_121' title='bbox 516 1802 667 1871; x_wconf 76' lang='grc' dir='ltr'><strong>ἥκων</strong></span> <span class='ocrx_word' id='word_1_122' title='bbox 700 1804 982 1877; x_wconf 82' lang='grc' dir='ltr'><strong>αὐτόπτης</strong></span> <span class='ocrx_word' id='word_1_123' title='bbox 1033 1812 1254 1877; x_wconf 79' lang='grc' dir='ltr'><strong>ἐγένετο</strong></span> <span class='ocrx_word' id='word_1_124' title='bbox 1287 1815 1383 1869; x_wconf 82' lang='grc' dir='ltr'><strong>τοῦ</strong></span> <span class='ocrx_word' id='word_1_125' title='bbox 1430 1820 1740 1888; x_wconf 80' lang='grc' dir='ltr'><strong>παραδόξου</strong></span> <span class='ocrx_word' id='word_1_126' title='bbox 1775 1821 1901 1875; x_wconf 81' lang='grc' dir='ltr'><strong>θεά-</strong></span> 
     </span>
    </p>
   </div>
   <div class='ocr_carea' id='block_1_20' title="bbox 2025 633 3584 705">
    <p class='ocr_par' dir='ltr' id='par_1_20' title="bbox 2025 633 3584 705">
     <span class='ocr_line' id='line_1_20' title="bbox 2025 633 3584 705; baseline 0.009 -22"><span class='ocrx_word' id='word_1_127' title='bbox 2025 642 2333 699; x_wconf 81' lang='lat' dir='ltr'><strong>concepta,</strong></span> <span class='ocrx_word' id='word_1_128' title='bbox 2396 633 2649 700; x_wconf 75' lang='lat' dir='ltr'><strong>ingentes</strong></span> <span class='ocrx_word' id='word_1_129' title='bbox 2704 649 2761 690; x_wconf 87' lang='lat' dir='ltr'><strong>se</strong></span> <span class='ocrx_word' id='word_1_130' title='bbox 2813 636 3175 705; x_wconf 87' lang='lat' dir='ltr'><strong>pecuniarum</strong></span> <span class='ocrx_word' id='word_1_131' title='bbox 3226 653 3455 694; x_wconf 80' lang='lat' dir='ltr'><strong>acervos</strong></span> <span class='ocrx_word' id='word_1_132' title='bbox 3507 643 3584 697; x_wconf 79' lang='lat' dir='ltr'><strong>ibi</strong></span> 
     </span>
    </p>
   </div>
   <div class='ocr_carea' id='block_1_21' title="bbox 2018 717 3584 800">
    <p class='ocr_par' dir='ltr' id='par_1_21' title="bbox 2018 717 3584 800">
     <span class='ocr_line' id='line_1_21' title="bbox 2018 717 3584 800; baseline 0.008 -25"><span class='ocrx_word' id='word_1_133' title='bbox 2018 734 2371 777; x_wconf 89' lang='lat' dir='ltr'><strong>corrasurum</strong></span> <span class='ocrx_word' id='word_1_134' title='bbox 2422 717 2567 780; x_wconf 79' lang='lat' dir='ltr'><strong>esse.</strong></span> <span class='ocrx_word' id='word_1_135' title='bbox 2622 724 2784 796; x_wconf 80' lang='lat'><strong>360</strong></span> <span class='ocrx_word' id='word_1_136' title='bbox 2833 726 2938 782; x_wconf 85' lang='lat' dir='ltr'><strong>Sed</strong></span> <span class='ocrx_word' id='word_1_137' title='bbox 2984 729 3131 783; x_wconf 88' lang='lat' dir='ltr'><strong>enim</strong></span> <span class='ocrx_word' id='word_1_138' title='bbox 3182 728 3277 785; x_wconf 90' lang='lat' dir='ltr'><strong>ubi</strong></span> <span class='ocrx_word' id='word_1_139' title='bbox 3331 734 3453 800; x_wconf 86' lang='lat' dir='ltr'><strong>ejus</strong></span> <span class='ocrx_word' id='word_1_140' title='bbox 3506 734 3584 787; x_wconf 85' lang='lat' dir='ltr'><strong>rei</strong></span> 
     </span>
    </p>
   </div>
   <div class='ocr_carea' id='block_1_22' title="bbox 2016 810 3581 890">
    <p class='ocr_par' dir='ltr' id='par_1_22' title="bbox 2016 810 3581 890">
     <span class='ocr_line' id='line_1_22' title="bbox 2016 810 3581 890; baseline 0.008 -25"><span class='ocrx_word' id='word_1_141' title='bbox 2016 810 2158 866; x_wconf 81' lang='lat' dir='ltr'><strong>iarna</strong></span> <span class='ocrx_word' id='word_1_142' title='bbox 2188 813 2395 883; x_wconf 83' lang='lat' dir='ltr'><strong>vulgari</strong></span> <span class='ocrx_word' id='word_1_143' title='bbox 2434 816 2621 885; x_wconf 74' lang='lat' dir='ltr'><strong>coepit,</strong></span> <span class='ocrx_word' id='word_1_144' title='bbox 2648 828 2702 872; x_wconf 91' lang='lat' dir='ltr'><strong>et</strong></span> <span class='ocrx_word' id='word_1_145' title='bbox 2733 819 3050 887; x_wconf 79' lang='lat' dir='ltr'><strong>argentarii,</strong></span> <span class='ocrx_word' id='word_1_146' title='bbox 3072 820 3218 890; x_wconf 87' lang='lat' dir='ltr'><strong>quod</strong></span> <span class='ocrx_word' id='word_1_147' title='bbox 3244 829 3405 877; x_wconf 82' lang='lat' dir='ltr'><strong>antea</strong></span> <span class='ocrx_word' id='word_1_148' title='bbox 3436 823 3581 878; x_wconf 76' lang='lat' dir='ltr'><strong>fece-</strong></span> 
     </span>
    </p>
   </div>
   <div class='ocr_carea' id='block_1_23' title="bbox 2018 907 3586 981">
    <p class='ocr_par' dir='ltr' id='par_1_23' title="bbox 2018 907 3586 981">
     <span class='ocr_line' id='line_1_23' title="bbox 2018 907 3586 981; baseline 0.008 -25"><span class='ocrx_word' id='word_1_149' title='bbox 2018 912 2164 969; x_wconf 87' lang='lat' dir='ltr'><strong>rant,</strong></span> <span class='ocrx_word' id='word_1_150' title='bbox 2204 907 2466 975; x_wconf 79' lang='lat' dir='ltr'><strong>pecunias</strong></span> <span class='ocrx_word' id='word_1_151' title='bbox 2503 924 2631 964; x_wconf 87' lang='lat' dir='ltr'><strong>suas</strong></span> <span class='ocrx_word' id='word_1_152' title='bbox 2657 920 2713 964; x_wconf 91' lang='lat' dir='ltr'><strong>et</strong></span> <span class='ocrx_word' id='word_1_153' title='bbox 2740 925 2876 979; x_wconf 87' lang='lat' dir='ltr'><strong>opes</strong></span> <span class='ocrx_word' id='word_1_154' title='bbox 2897 912 3117 981; x_wconf 83' lang='lat' dir='ltr'><strong>publice</strong></span> <span class='ocrx_word' id='word_1_155' title='bbox 3150 913 3206 970; x_wconf 94' lang='lat' dir='ltr'><strong>in</strong></span> <span class='ocrx_word' id='word_1_156' title='bbox 3242 915 3449 970; x_wconf 85' lang='lat' dir='ltr'><strong>mensis</strong></span> <span class='ocrx_word' id='word_1_157' title='bbox 3477 932 3586 969; x_wconf 82' lang='lat' dir='ltr'><strong>non</strong></span> 
     </span>
    </p>
   </div>
   <div class='ocr_carea' id='block_1_24' title="bbox 2018 999 3603 1071">
    <p class='ocr_par' dir='ltr' id='par_1_24' title="bbox 2018 999 3603 1071">
     <span class='ocr_line' id='line_1_24' title="bbox 2018 999 3603 1071; baseline 0.008 -22"><span class='ocrx_word' id='word_1_158' title='bbox 2018 1010 2385 1065; x_wconf 89' lang='lat' dir='ltr'><strong>proposuere,</strong></span> <span class='ocrx_word' id='word_1_159' title='bbox 2435 999 2714 1070; x_wconf 81' lang='lat' dir='ltr'><strong>ingentem</strong></span> <span class='ocrx_word' id='word_1_160' title='bbox 2764 1002 3272 1061; x_wconf 71' lang='lat' dir='ltr'><strong>Barbarorum&#39;vitn</strong></span> <span class='ocrx_word' id='word_1_161' title='bbox 3314 1018 3481 1063; x_wconf 85' lang='lat' dir='ltr'><strong>noctu</strong></span> <span class='ocrx_word' id='word_1_162' title='bbox 3518 1009 3603 1071; x_wconf 15' lang='lat' dir='ltr'><strong>ad,</strong></span> 
     </span>
    </p>
   </div>
   <div class='ocr_carea' id='block_1_25' title="bbox 2018 1085 3586 1163">
    <p class='ocr_par' dir='ltr' id='par_1_25' title="bbox 2018 1085 3586 1163">
     <span class='ocr_line' id='line_1_25' title="bbox 2018 1085 3586 1163; baseline 0.008 -23"><span class='ocrx_word' id='word_1_163' title='bbox 2018 1085 2334 1156; x_wconf 77' lang='lat' dir='ltr'><strong>imperiales</strong></span> <span class='ocrx_word' id='word_1_164' title='bbox 2378 1090 2549 1155; x_wconf 68' lang='lat' dir='ltr'><strong>aedes,</strong></span> <span class='ocrx_word' id='word_1_165' title='bbox 2596 1101 2655 1147; x_wconf 89' lang='lat' dir='ltr'><strong>ut</strong></span> <span class='ocrx_word' id='word_1_166' title='bbox 2697 1108 2793 1149; x_wconf 88' lang='lat' dir='ltr'><strong>eas</strong></span> <span class='ocrx_word' id='word_1_167' title='bbox 2844 1094 3229 1163; x_wconf 82' lang='lat' dir='ltr'><strong>incenderent,</strong></span> <span class='ocrx_word' id='word_1_168' title='bbox 3281 1098 3452 1153; x_wconf 82' lang='lat' dir='ltr'><strong>misit.</strong></span> <span class='ocrx_word' id='word_1_169' title='bbox 3504 1100 3586 1154; x_wconf 90' lang='lat' dir='ltr'><strong>Illi</strong></span> 
     </span>
    </p>
   </div>
   <div class='ocr_carea' id='block_1_26' title="bbox 2014 1181 3584 1257">
    <p class='ocr_par' dir='ltr' id='par_1_26' title="bbox 2014 1181 3584 1257">
     <span class='ocr_line' id='line_1_26' title="bbox 2014 1181 3584 1257; baseline 0.005 -23"><span class='ocrx_word' id='word_1_170' title='bbox 2014 1193 2149 1234; x_wconf 88' lang='lat' dir='ltr'><strong>vero</strong></span> <span class='ocrx_word' id='word_1_171' title='bbox 2188 1190 2402 1241; x_wconf 83' lang='lat' dir='ltr'><strong>tantum</strong></span> <span class='ocrx_word' id='word_1_172' title='bbox 2436 1181 2594 1237; x_wconf 85' lang='lat' dir='ltr'><strong>abest</strong></span> <span class='ocrx_word' id='word_1_173' title='bbox 2636 1192 2694 1239; x_wconf 92' lang='lat' dir='ltr'><strong>ut</strong></span> <span class='ocrx_word' id='word_1_174' title='bbox 2729 1183 2937 1255; x_wconf 89' lang='lat' dir='ltr'><strong>aliquid</strong></span> <span class='ocrx_word' id='word_1_175' title='bbox 2974 1186 3214 1257; x_wconf 83' lang='lat' dir='ltr'><strong>egerint,</strong></span> <span class='ocrx_word' id='word_1_176' title='bbox 3248 1196 3307 1241; x_wconf 87' lang='lat' dir='ltr'><strong>ut</strong></span> <span class='ocrx_word' id='word_1_177' title='bbox 3337 1202 3460 1242; x_wconf 88' lang='lat' dir='ltr'><strong>cum</strong></span> <span class='ocrx_word' id='word_1_178' title='bbox 3497 1189 3584 1242; x_wconf 83' lang='lat' dir='ltr'><strong>in-</strong></span> 
     </span>
    </p>
   </div>
   <div class='ocr_carea' id='block_1_27' title="bbox 2013 1269 3586 1339">
    <p class='ocr_par' dir='ltr' id='par_1_27' title="bbox 2013 1269 3586 1339">
     <span class='ocr_line' id='line_1_27' title="bbox 2013 1269 3586 1339; baseline 0.006 -16"><span class='ocrx_word' id='word_1_179' title='bbox 2013 1269 2165 1339; x_wconf 86' lang='lat' dir='ltr'><strong>genti</strong></span> <span class='ocrx_word' id='word_1_180' title='bbox 2195 1270 2363 1327; x_wconf 89' lang='lat' dir='ltr'><strong>etiam</strong></span> <span class='ocrx_word' id='word_1_181' title='bbox 2398 1281 2546 1327; x_wconf 91' lang='lat' dir='ltr'><strong>metu</strong></span> <span class='ocrx_word' id='word_1_182' title='bbox 2576 1272 2706 1330; x_wconf 88' lang='lat' dir='ltr'><strong>inde</strong></span> <span class='ocrx_word' id='word_1_183' title='bbox 2739 1285 2890 1333; x_wconf 87' lang='lat' dir='ltr'><strong>retro</strong></span> <span class='ocrx_word' id='word_1_184' title='bbox 2923 1276 3216 1331; x_wconf 80' lang='lat' dir='ltr'><strong>cesserint.</strong></span> <span class='ocrx_word' id='word_1_185' title='bbox 3250 1276 3398 1333; x_wconf 82' lang='lat' dir='ltr'><strong>Deus</strong></span> <span class='ocrx_word' id='word_1_186' title='bbox 3431 1294 3586 1332; x_wconf 86' lang='lat' dir='ltr'><strong>nam-</strong></span> 
     </span>
    </p>
   </div>
   <div class='ocr_carea' id='block_1_28' title="bbox 2011 1362 3584 1438">
    <p class='ocr_par' dir='ltr' id='par_1_28' title="bbox 2011 1362 3584 1438">
     <span class='ocr_line' id='line_1_28' title="bbox 2011 1362 3584 1438; baseline 0.009 -25"><span class='ocrx_word' id='word_1_187' title='bbox 2011 1374 2120 1429; x_wconf 86' lang='lat' dir='ltr'><strong>que</strong></span> <span class='ocrx_word' id='word_1_188' title='bbox 2161 1369 2275 1415; x_wconf 88' lang='lat' dir='ltr'><strong>tum</strong></span> <span class='ocrx_word' id='word_1_189' title='bbox 2306 1362 2573 1428; x_wconf 81' lang='lat' dir='ltr'><strong>ostendit,</strong></span> <span class='ocrx_word' id='word_1_190' title='bbox 2613 1374 2821 1435; x_wconf 83' lang='lat' dir='ltr'><strong>quanta</strong></span> <span class='ocrx_word' id='word_1_191' title='bbox 2856 1367 2934 1422; x_wconf 92' lang='lat' dir='ltr'><strong>illi</strong></span> <span class='ocrx_word' id='word_1_192' title='bbox 2972 1368 3319 1438; x_wconf 83' lang='lat' dir='ltr'><strong>providentia</strong></span> <span class='ocrx_word' id='word_1_193' title='bbox 3365 1381 3421 1427; x_wconf 90' lang='lat' dir='ltr'><strong>et</strong></span> <span class='ocrx_word' id='word_1_194' title='bbox 3453 1388 3584 1428; x_wconf 90' lang='lat' dir='ltr'><strong>cura</strong></span> 
     </span>
    </p>
   </div>
   <div class='ocr_carea' id='block_1_29' title="bbox 2013 1452 3585 1533">
    <p class='ocr_par' dir='ltr' id='par_1_29' title="bbox 2013 1452 3585 1533">
     <span class='ocr_line' id='line_1_29' title="bbox 2013 1452 3585 1533; baseline 0.006 -29"><span class='ocrx_word' id='word_1_195' title='bbox 2013 1452 2167 1506; x_wconf 86' lang='lat' dir='ltr'><strong>urbis</strong></span> <span class='ocrx_word' id='word_1_196' title='bbox 2194 1452 2384 1508; x_wconf 80' lang='lat' dir='ltr'><strong>fuerit.</strong></span> <span class='ocrx_word' id='word_1_197' title='bbox 2417 1453 2674 1516; x_wconf 66' lang='lat' dir='ltr'><strong>Caelestis</strong></span> <span class='ocrx_word' id='word_1_198' title='bbox 2697 1459 2845 1513; x_wconf 91' lang='lat' dir='ltr'><strong>enim</strong></span> <span class='ocrx_word' id='word_1_199' title='bbox 2872 1458 3122 1529; x_wconf 71' lang='lat' dir='ltr'><strong>quaedam</strong></span> <span class='ocrx_word' id='word_1_200' title='bbox 3155 1461 3238 1517; x_wconf 96' lang='lat' dir='ltr'><strong>vis</strong></span> <span class='ocrx_word' id='word_1_201' title='bbox 3264 1462 3585 1533; x_wconf 67' lang='lat' dir='ltr'><strong>iungentibus</strong></span> 
     </span>
    </p>
   </div>
   <div class='ocr_carea' id='block_1_30' title="bbox 2012 1543 3584 1623">
    <p class='ocr_par' dir='ltr' id='par_1_30' title="bbox 2012 1543 3584 1623">
     <span class='ocr_line' id='line_1_30' title="bbox 2012 1543 3584 1623; baseline 0.009 -28"><span class='ocrx_word' id='word_1_202' title='bbox 2012 1543 2365 1610; x_wconf 81' lang='lat' dir='ltr'><strong>corporibus,</strong></span> <span class='ocrx_word' id='word_1_203' title='bbox 2416 1545 2837 1604; x_wconf 82' lang='lat' dir='ltr'><strong>insidiatoribus</strong></span> <span class='ocrx_word' id='word_1_204' title='bbox 2887 1551 2998 1605; x_wconf 87' lang='lat' dir='ltr'><strong>illis</strong></span> <span class='ocrx_word' id='word_1_205' title='bbox 3038 1567 3336 1623; x_wconf 87' lang='lat' dir='ltr'><strong>apparens,</strong></span> <span class='ocrx_word' id='word_1_206' title='bbox 3373 1554 3444 1608; x_wconf 90' lang='lat' dir='ltr'><strong>ita</strong></span> <span class='ocrx_word' id='word_1_207' title='bbox 3489 1570 3584 1609; x_wconf 88' lang='lat' dir='ltr'><strong>eos</strong></span> 
     </span>
    </p>
   </div>
   <div class='ocr_carea' id='block_1_31' title="bbox 2009 1635 3579 1716">
    <p class='ocr_par' dir='ltr' id='par_1_31' title="bbox 2009 1635 3579 1716">
     <span class='ocr_line' id='line_1_31' title="bbox 2009 1635 3579 1716; baseline 0.01 -30"><span class='ocrx_word' id='word_1_208' title='bbox 2009 1635 2303 1700; x_wconf 82' lang='lat' dir='ltr'><strong>exterruit,</strong></span> <span class='ocrx_word' id='word_1_209' title='bbox 2343 1645 2402 1690; x_wconf 91' lang='lat' dir='ltr'><strong>ut</strong></span> <span class='ocrx_word' id='word_1_210' title='bbox 2436 1647 2587 1709; x_wconf 80' lang='lat' dir='ltr'><strong>terga</strong></span> <span class='ocrx_word' id='word_1_211' title='bbox 2632 1650 2937 1707; x_wconf 85' lang='lat' dir='ltr'><strong>verterent,</strong></span> <span class='ocrx_word' id='word_1_212' title='bbox 2985 1653 3041 1702; x_wconf 86' lang='lat' dir='ltr'><strong>et</strong></span> <span class='ocrx_word' id='word_1_213' title='bbox 3086 1643 3344 1701; x_wconf 77' lang='lat' dir='ltr'><strong>celeriter</strong></span> <span class='ocrx_word' id='word_1_214' title='bbox 3383 1647 3579 1716; x_wconf 87' lang='lat' dir='ltr'><strong>trepidi</strong></span> 
     </span>
    </p>
   </div>
   <div class='ocr_carea' id='block_1_32' title="bbox 2007 1723 3578 1797">
    <p class='ocr_par' dir='ltr' id='par_1_32' title="bbox 2007 1723 3578 1797">
     <span class='ocr_line' id='line_1_32' title="bbox 2007 1723 3578 1797; baseline 0.009 -18"><span class='ocrx_word' id='word_1_215' title='bbox 2007 1723 2197 1780; x_wconf 69' lang='lat' dir='ltr'><strong>Gaina:</strong></span> <span class='ocrx_word' id='word_1_216' title='bbox 2249 1726 2647 1797; x_wconf 75' lang='lat' dir='ltr'><strong>signiﬁcarent.</strong></span> <span class='ocrx_word' id='word_1_217' title='bbox 2705 1746 2911 1787; x_wconf 83' lang='lat' dir='ltr'><strong>novum</strong></span> <span class='ocrx_word' id='word_1_218' title='bbox 2955 1748 3018 1793; x_wconf 84' lang='lat' dir='ltr'><strong>ea</strong></span> <span class='ocrx_word' id='word_1_219' title='bbox 3073 1744 3237 1791; x_wconf 91' lang='lat' dir='ltr'><strong>nocte</strong></span> <span class='ocrx_word' id='word_1_220' title='bbox 3279 1736 3335 1791; x_wconf 91' lang='lat' dir='ltr'><strong>in</strong></span> <span class='ocrx_word' id='word_1_221' title='bbox 3387 1738 3578 1793; x_wconf 84' lang='lat' dir='ltr'><strong>urbem</strong></span> 
     </span>
    </p>
   </div>
   <div class='ocr_carea' id='block_1_33' title="bbox 2008 1820 3583 1887">
    <p class='ocr_par' dir='ltr' id='par_1_33' title="bbox 2008 1820 3583 1887">
     <span class='ocr_line' id='line_1_33' title="bbox 2008 1820 3583 1887; baseline 0.01 -15"><span class='ocrx_word' id='word_1_222' title='bbox 2008 1821 2312 1874; x_wconf 74' lang='lat' dir='ltr'><strong>exercitum</strong></span> <span class='ocrx_word' id='word_1_223' title='bbox 2352 1822 2594 1880; x_wconf 81' lang='lat' dir='ltr'><strong>venisse.</strong></span> <span class='ocrx_word' id='word_1_224' title='bbox 2642 1825 2739 1880; x_wconf 90' lang='lat' dir='ltr'><strong>llle</strong></span> <span class='ocrx_word' id='word_1_225' title='bbox 2775 1836 2957 1882; x_wconf 90' lang='lat' dir='ltr'><strong>autem</strong></span> <span class='ocrx_word' id='word_1_226' title='bbox 2984 1820 3162 1884; x_wconf 56' lang='lat' dir='ltr'><strong>&#39;lldem</strong></span> <span class='ocrx_word' id='word_1_227' title='bbox 3193 1844 3383 1885; x_wconf 87' lang='lat' dir='ltr'><strong>eorum</strong></span> <span class='ocrx_word' id='word_1_228' title='bbox 3417 1831 3583 1887; x_wconf 81' lang='lat' dir='ltr'><strong>dictis</strong></span> 
     </span>
    </p>
   </div>
   <div class='ocr_carea' id='block_1_34' title="bbox 329 1882 2006 1993">
    <p class='ocr_par' dir='ltr' id='par_1_34' title="bbox 329 1882 2006 1978">
     <span class='ocr_line' id='line_1_34' title="bbox 329 1882 2006 1978; baseline 0.017 -38"><span class='ocrx_word' id='word_1_229' title='bbox 329 1882 521 1955; x_wconf 76' lang='grc' dir='ltr'><strong>ματος.</strong></span> <span class='ocrx_word' id='word_1_230' title='bbox 551 1894 659 1948; x_wconf 82' lang='grc' dir='ltr'><strong>Καὶ</strong></span> <span class='ocrx_word' id='word_1_231' title='bbox 690 1897 760 1968; x_wconf 74' lang='grc' dir='ltr'><strong>δὴ</strong></span> <span class='ocrx_word' id='word_1_232' title='bbox 794 1900 1025 1969; x_wconf 75' lang='grc' dir='ltr'><strong>νομίσας</strong></span> <span class='ocrx_word' id='word_1_233' title='bbox 1051 1904 1262 1961; x_wconf 77' lang='grc' dir='ltr'><strong>ἐκείνου</strong></span> <span class='ocrx_word' id='word_1_234' title='bbox 1298 1909 1457 1978; x_wconf 74' lang='grc' dir='ltr'><strong>χάριν</strong></span> <span class='ocrx_word' id='word_1_235' title='bbox 1478 1882 1603 1975; x_wconf 80' lang='grc' dir='ltr'><strong>τοὺς</strong></span> <span class='ocrx_word' id='word_1_236' title='bbox 1625 1882 1901 1975; x_wconf 79' lang='grc' dir='ltr'><strong>τοιούτους</strong></span> <span class='ocrx_word' id='word_1_237' title='bbox 1937 1895 1975 1948; x_wconf 72' lang='grc' dir='ltr'><strong><em>Β</em></strong></span> <span class='ocrx_word' id='word_1_238' title='bbox 2005 1955 2006 1958; x_wconf 58' lang='grc' dir='ltr'><strong>η</strong></span> 
     </span>
    </p>
   </div>
   <div class='ocr_carea' id='block_1_35' title="bbox 1905 1882 3582 1993">
    <p class='ocr_par' dir='ltr' id='par_1_35' title="bbox 1937 1882 3582 1993">
     <span class='ocr_line' id='line_1_35' title="bbox 1937 1882 3582 1993; baseline 0.012 -33"><span class='ocrx_word' id='word_1_239' title='bbox 1937 1895 1975 1948; x_wconf 78' lang='grc' dir='ltr'><strong><em>Β</em></strong></span> <span class='ocrx_word' id='word_1_240' title='bbox 2005 1922 2114 1963; x_wconf 90' lang='lat' dir='ltr'><strong>non</strong></span> <span class='ocrx_word' id='word_1_241' title='bbox 2144 1909 2362 1977; x_wconf 86' lang='lat' dir='ltr'><strong>habuit,</strong></span> <span class='ocrx_word' id='word_1_242' title='bbox 2391 1915 2538 1983; x_wconf 92' lang='lat' dir='ltr'><strong>quod</strong></span> <span class='ocrx_word' id='word_1_243' title='bbox 2563 1930 2673 1971; x_wconf 88' lang='lat' dir='ltr'><strong>non</strong></span> <span class='ocrx_word' id='word_1_244' title='bbox 2706 1918 2845 1972; x_wconf 89' lang='lat' dir='ltr'><strong>alios</strong></span> <span class='ocrx_word' id='word_1_245' title='bbox 2872 1882 3160 1993; x_wconf 85' lang='lat' dir='ltr'><strong>quamqui</strong></span> <span class='ocrx_word' id='word_1_246' title='bbox 3186 1882 3582 1980; x_wconf 77' lang='lat' dir='ltr'><strong>solitiluerant</strong></span> 
     </span>
    </p>
   </div>
   <div class='ocr_carea' id='block_1_36' title="bbox 326 1979 1902 2074">
    <p class='ocr_par' dir='ltr' id='par_1_36' title="bbox 326 1979 1902 2074">
     <span class='ocr_line' id='line_1_36' title="bbox 326 1979 1902 2074; baseline 0.019 -46"><span class='ocrx_word' id='word_1_247' title='bbox 326 1979 504 2032; x_wconf 74' lang='grc' dir='ltr'><strong>ἐλθεῖν</strong></span> <span class='ocrx_word' id='word_1_248' title='bbox 532 1988 895 2054; x_wconf 84' lang='grc' dir='ltr'><strong>στρατιώτας,</strong></span> <span class='ocrx_word' id='word_1_249' title='bbox 927 1994 1026 2047; x_wconf 74' lang='grc' dir='ltr'><strong>καὶ</strong></span> <span class='ocrx_word' id='word_1_250' title='bbox 1050 1995 1392 2065; x_wconf 82' lang='grc' dir='ltr'><strong>κρύπτεσθαι</strong></span> <span class='ocrx_word' id='word_1_251' title='bbox 1430 2002 1532 2070; x_wconf 74' lang='grc' dir='ltr'><strong>μὲν</strong></span> <span class='ocrx_word' id='word_1_252' title='bbox 1564 2003 1782 2074; x_wconf 76' lang='grc' dir='ltr'><strong>ἡμέρας</strong></span> <span class='ocrx_word' id='word_1_253' title='bbox 1809 2006 1902 2055; x_wconf 87' lang='grc' dir='ltr'><strong>νύ-</strong></span> 
     </span>
    </p>
   </div>
   <div class='ocr_carea' id='block_1_37' title="bbox 324 2074 1899 2164">
    <p class='ocr_par' dir='ltr' id='par_1_37' title="bbox 324 2074 1899 2164">
     <span class='ocr_line' id='line_1_37' title="bbox 324 2074 1899 2164; baseline 0.017 -43"><span class='ocrx_word' id='word_1_254' title='bbox 324 2087 477 2141; x_wconf 80' lang='grc' dir='ltr'><strong>κτωρ</strong></span> <span class='ocrx_word' id='word_1_255' title='bbox 498 2074 554 2128; x_wconf 72' lang='grc' dir='ltr'><strong>δέ</strong></span> <span class='ocrx_word' id='word_1_256' title='bbox 578 2076 678 2145; x_wconf 79' lang='grc' dir='ltr'><strong>τὴν</strong></span> <span class='ocrx_word' id='word_1_257' title='bbox 706 2082 864 2134; x_wconf 86' lang='grc' dir='ltr'><strong>πόλιν</strong></span> <span class='ocrx_word' id='word_1_258' title='bbox 887 2090 1148 2154; x_wconf 80' lang='grc' dir='ltr'><strong>φρουρεῖν</strong></span> <span class='ocrx_word' id='word_1_259' title='bbox 1175 2091 1270 2144; x_wconf 69' lang='grc' dir='ltr'><strong>καὶ</strong></span> <span class='ocrx_word' id='word_1_260' title='bbox 1290 2092 1431 2145; x_wconf 84' lang='grc' dir='ltr'><strong>αύτὰ</strong></span> <span class='ocrx_word' id='word_1_261' title='bbox 1455 2094 1522 2146; x_wconf 86' lang='grc' dir='ltr'><strong>τά</strong></span> <span class='ocrx_word' id='word_1_262' title='bbox 1546 2093 1815 2164; x_wconf 77' lang='grc' dir='ltr'><strong>βασίλεια,</strong></span> <span class='ocrx_word' id='word_1_263' title='bbox 1844 2099 1899 2148; x_wconf 89' lang='grc' dir='ltr'><strong>ἐν</strong></span> 
     </span>
    </p>
   </div>
   <div class='ocr_carea' id='block_1_38' title="bbox 324 2164 1897 2255">
    <p class='ocr_par' dir='ltr' id='par_1_38' title="bbox 324 2164 1897 2255">
     <span class='ocr_line' id='line_1_38' title="bbox 324 2164 1897 2255; baseline 0.017 -41"><span class='ocrx_word' id='word_1_264' title='bbox 324 2164 525 2234; x_wconf 83' lang='grc' dir='ltr'><strong>σκήψει</strong></span> <span class='ocrx_word' id='word_1_265' title='bbox 541 2166 637 2220; x_wconf 78' lang='grc' dir='ltr'><strong>τοῦ</strong></span> <span class='ocrx_word' id='word_1_266' title='bbox 661 2170 923 2243; x_wconf 72' lang='grc' dir='ltr'><strong>δαιμονᾷν</strong></span> <span class='ocrx_word' id='word_1_267' title='bbox 941 2177 1153 2243; x_wconf 87' lang='grc' dir='ltr'><strong>ἐγίνετο</strong></span> <span class='ocrx_word' id='word_1_268' title='bbox 1170 2193 1186 2209; x_wconf 86' lang='grc'>⁶</span> <span class='ocrx_word' id='word_1_269' title='bbox 1214 2185 1306 2235; x_wconf 75' lang='grc' dir='ltr'><strong>καὶ</strong></span> <span class='ocrx_word' id='word_1_270' title='bbox 1324 2177 1414 2236; x_wconf 77' lang='grc' dir='ltr'><strong>οἷα</strong></span> <span class='ocrx_word' id='word_1_271' title='bbox 1433 2184 1570 2251; x_wconf 82' lang='grc' dir='ltr'><strong>δῆτα</strong></span> <span class='ocrx_word' id='word_1_272' title='bbox 1587 2186 1897 2255; x_wconf 81' lang='grc' dir='ltr'><strong>εύξόμενος,</strong></span> 
     </span>
    </p>
   </div>
   <div class='ocr_carea' id='block_1_39' title="bbox 322 2254 1894 2349">
    <p class='ocr_par' dir='ltr' id='par_1_39' title="bbox 322 2254 1894 2349">
     <span class='ocr_line' id='line_1_39' title="bbox 322 2254 1894 2349; baseline 0.019 -45"><span class='ocrx_word' id='word_1_273' title='bbox 322 2254 414 2308; x_wconf 75' lang='grc' dir='ltr'><strong>τὸν</strong></span> <span class='ocrx_word' id='word_1_274' title='bbox 446 2258 583 2312; x_wconf 85' lang='grc' dir='ltr'><strong>νεὼν</strong></span> <span class='ocrx_word' id='word_1_275' title='bbox 628 2264 1065 2335; x_wconf 80' lang='grc' dir='ltr'><strong>κατελάμϐανεν,</strong></span> <span class='ocrx_word' id='word_1_276' title='bbox 1097 2271 1157 2324; x_wconf 85' lang='grc' dir='ltr'><strong>ὃν</strong></span> <span class='ocrx_word' id='word_1_277' title='bbox 1186 2273 1215 2325; x_wconf 86' lang='grc' dir='ltr'><strong>ό</strong></span> <span class='ocrx_word' id='word_1_278' title='bbox 1244 2273 1338 2325; x_wconf 76' lang='grc' dir='ltr'><strong>τοῦ</strong></span> <span class='ocrx_word' id='word_1_279' title='bbox 1370 2274 1643 2345; x_wconf 87' lang='grc' dir='ltr'><strong>βασιλέως</strong></span> <span class='ocrx_word' id='word_1_280' title='bbox 1690 2280 1894 2349; x_wconf 78' lang='grc' dir='ltr'><strong>πατὴρ,</strong></span> 
     </span>
    </p>
   </div>
   <div class='ocr_carea' id='block_1_40' title="bbox 337 2346 1899 2431">
    <p class='ocr_par' dir='ltr' id='par_1_40' title="bbox 337 2346 1899 2431">
     <span class='ocr_line' id='line_1_40' title="bbox 337 2346 1899 2431; baseline 0.016 -33"><span class='ocrx_word' id='word_1_281' title='bbox 337 2346 590 2421; x_wconf 80' lang='grc' dir='ltr'><strong>Ἰωάννην</strong></span> <span class='ocrx_word' id='word_1_282' title='bbox 639 2353 732 2406; x_wconf 76' lang='grc' dir='ltr'><strong>τὸν</strong></span> <span class='ocrx_word' id='word_1_283' title='bbox 781 2356 1093 2427; x_wconf 77' lang='grc' dir='ltr'><strong>Βαπτιστὴν</strong></span> <span class='ocrx_word' id='word_1_284' title='bbox 1146 2366 1346 2431; x_wconf 82' lang='grc' dir='ltr'><strong>τιμῶν,</strong></span> <span class='ocrx_word' id='word_1_285' title='bbox 1397 2367 1591 2420; x_wconf 81' lang='grc' dir='ltr'><strong>ἀνίστα</strong></span> <span class='ocrx_word' id='word_1_286' title='bbox 1640 2372 1781 2421; x_wconf 71' lang='grc' dir='ltr'><strong>κατὰ</strong></span> <span class='ocrx_word' id='word_1_287' title='bbox 1836 2371 1899 2421; x_wconf 83' lang='grc' dir='ltr'><strong>τὸ</strong></span> 
     </span>
    </p>
   </div>
   <div class='ocr_carea' id='block_1_41' title="bbox 322 2433 1894 2525">
    <p class='ocr_par' dir='ltr' id='par_1_41' title="bbox 322 2433 1894 2525">
     <span class='ocr_line' id='line_1_41' title="bbox 322 2433 1894 2525; baseline 0.017 -41"><span class='ocrx_word' id='word_1_288' title='bbox 322 2433 617 2504; x_wconf 66' lang='grc' dir='ltr'><strong>Ἲέϐδομον.</strong></span> <span class='ocrx_word' id='word_1_289' title='bbox 644 2440 898 2513; x_wconf 76' lang='grc' dir='ltr'><strong>Συνεξῄει</strong></span> <span class='ocrx_word' id='word_1_290' title='bbox 921 2444 976 2497; x_wconf 79' lang='grc' dir='ltr'><strong>δὲ</strong></span> <span class='ocrx_word' id='word_1_291' title='bbox 1002 2448 1151 2516; x_wconf 81' lang='grc' dir='ltr'><strong>αὐτῷ</strong></span> <span class='ocrx_word' id='word_1_292' title='bbox 1179 2452 1272 2503; x_wconf 78' lang='grc' dir='ltr'><strong>καὶ</strong></span> <span class='ocrx_word' id='word_1_293' title='bbox 1302 2452 1435 2505; x_wconf 83' lang='grc' dir='ltr'><strong>πολύ</strong></span> <span class='ocrx_word' id='word_1_294' title='bbox 1468 2472 1520 2507; x_wconf 81' lang='grc' dir='ltr'><strong>τι</strong></span> <span class='ocrx_word' id='word_1_295' title='bbox 1550 2455 1657 2507; x_wconf 85' lang='grc' dir='ltr'><strong>τῶν</strong></span> <span class='ocrx_word' id='word_1_296' title='bbox 1685 2456 1894 2525; x_wconf 71' lang='grc' dir='ltr'><strong>βαρϐά-</strong></span> 
     </span>
    </p>
   </div>
   <div class='ocr_carea' id='block_1_42' title="bbox 319 2528 1895 2619">
    <p class='ocr_par' dir='ltr' id='par_1_42' title="bbox 319 2528 1895 2619">
     <span class='ocr_line' id='line_1_42' title="bbox 319 2528 1895 2619; baseline 0.018 -45"><span class='ocrx_word' id='word_1_297' title='bbox 319 2543 432 2592; x_wconf 86' lang='grc' dir='ltr'><strong>ρων</strong></span> <span class='ocrx_word' id='word_1_298' title='bbox 471 2528 676 2593; x_wconf 79' lang='grc' dir='ltr'><strong>πλῆθος</strong></span> <span class='ocrx_word' id='word_1_299' title='bbox 698 2548 713 2561; x_wconf 88' lang='grc'><strong>·</strong></span> <span class='ocrx_word' id='word_1_300' title='bbox 747 2533 923 2603; x_wconf 74' lang='grc' dir='ltr'><strong>λάϐρα</strong></span> <span class='ocrx_word' id='word_1_301' title='bbox 950 2537 1005 2588; x_wconf 79' lang='grc' dir='ltr'><strong>δὲ</strong></span> <span class='ocrx_word' id='word_1_302' title='bbox 1039 2540 1135 2591; x_wconf 78' lang='grc' dir='ltr'><strong>καὶ</strong></span> <span class='ocrx_word' id='word_1_303' title='bbox 1173 2542 1312 2594; x_wconf 83' lang='grc' dir='ltr'><strong>ὅπλα</strong></span> <span class='ocrx_word' id='word_1_304' title='bbox 1340 2544 1555 2612; x_wconf 81' lang='grc' dir='ltr'><strong>ἐξῆγον,</strong></span> <span class='ocrx_word' id='word_1_305' title='bbox 1587 2547 1681 2598; x_wconf 66' lang='grc' dir='ltr'><strong>καὶ</strong></span> <span class='ocrx_word' id='word_1_306' title='bbox 1728 2551 1895 2619; x_wconf 62' lang='lat' dir='ltr'><strong>nepi-</strong></span> 
     </span>
    </p>
   </div>
   <div class='ocr_carea' id='block_1_43' title="bbox 318 2620 1895 2710">
    <p class='ocr_par' dir='ltr' id='par_1_43' title="bbox 318 2620 1895 2710">
     <span class='ocr_line' id='line_1_43' title="bbox 318 2620 1895 2710; baseline 0.016 -41"><span class='ocrx_word' id='word_1_307' title='bbox 318 2635 454 2686; x_wconf 88' lang='grc' dir='ltr'><strong>μους</strong></span> <span class='ocrx_word' id='word_1_308' title='bbox 481 2620 654 2689; x_wconf 84' lang='grc' dir='ltr'><strong>βελῶν</strong></span> <span class='ocrx_word' id='word_1_309' title='bbox 685 2628 742 2676; x_wconf 89' lang='grc' dir='ltr'><strong>ὲν</strong></span> <span class='ocrx_word' id='word_1_310' title='bbox 766 2632 1095 2693; x_wconf 78' lang='grc' dir='ltr'><strong>γυναικείοις</strong></span> <span class='ocrx_word' id='word_1_311' title='bbox 1123 2634 1391 2702; x_wconf 81' lang='grc' dir='ltr'><strong>ὀχήμασι,</strong></span> <span class='ocrx_word' id='word_1_312' title='bbox 1422 2640 1517 2689; x_wconf 76' lang='grc' dir='ltr'><strong>καὶ</strong></span> <span class='ocrx_word' id='word_1_313' title='bbox 1542 2638 1727 2702; x_wconf 72' lang='grc' dir='ltr'><strong>ἄλλαις</strong></span> <span class='ocrx_word' id='word_1_314' title='bbox 1752 2645 1895 2710; x_wconf 78' lang='grc' dir='ltr'><strong>χρὼ-</strong></span> 
     </span>
    </p>
   </div>
   <div class='ocr_carea' id='block_1_44' title="bbox 318 2720 1891 2807">
    <p class='ocr_par' dir='ltr' id='par_1_44' title="bbox 318 2720 1891 2807">
     <span class='ocr_line' id='line_1_44' title="bbox 318 2720 1891 2807; baseline 0.015 -44"><span class='ocrx_word' id='word_1_315' title='bbox 318 2727 474 2778; x_wconf 86' lang='grc' dir='ltr'><strong>μενοι</strong></span> <span class='ocrx_word' id='word_1_316' title='bbox 511 2722 804 2784; x_wconf 77' lang='grc' dir='ltr'><strong>μηχαναῖς.</strong></span> <span class='ocrx_word' id='word_1_317' title='bbox 842 2720 915 2772; x_wconf 88' lang='grc' dir='ltr'>Τὸ</span> <span class='ocrx_word' id='word_1_318' title='bbox 959 2723 1016 2775; x_wconf 84' lang='grc' dir='ltr'><strong>δέ</strong></span> <span class='ocrx_word' id='word_1_319' title='bbox 1051 2724 1325 2795; x_wconf 86' lang='grc' dir='ltr'><strong>βούλευμα</strong></span> <span class='ocrx_word' id='word_1_320' title='bbox 1361 2728 1521 2783; x_wconf 83' lang='grc' dir='ltr'><strong>τοῦτο</strong></span> <span class='ocrx_word' id='word_1_321' title='bbox 1570 2734 1663 2787; x_wconf 66' lang='grc' dir='ltr'><strong>ἐπὶ</strong></span> <span class='ocrx_word' id='word_1_322' title='bbox 1717 2734 1891 2807; x_wconf 79' lang='grc' dir='ltr'><strong>βλάϐῃ</strong></span> 
     </span>
    </p>
   </div>
   <div class='ocr_carea' id='block_1_45' title="bbox 315 2800 1892 2890">
    <p class='ocr_par' dir='ltr' id='par_1_45' title="bbox 315 2800 1892 2890">
     <span class='ocr_line' id='line_1_45' title="bbox 315 2800 1892 2890; baseline 0.018 -41"><span class='ocrx_word' id='word_1_323' title='bbox 315 2800 478 2866; x_wconf 79' lang='grc' dir='ltr'><strong>δῆθεν</strong></span> <span class='ocrx_word' id='word_1_324' title='bbox 521 2801 812 2873; x_wconf 84' lang='grc' dir='ltr'><strong>Ῥωμαίων</strong></span> <span class='ocrx_word' id='word_1_325' title='bbox 837 2809 1035 2866; x_wconf 88' lang='grc' dir='ltr'><strong>ἐποίει.</strong></span> <span class='ocrx_word' id='word_1_326' title='bbox 1067 2813 1139 2866; x_wconf 72' lang='grc' dir='ltr'><strong>τι</strong></span> <span class='ocrx_word' id='word_1_327' title='bbox 1160 2814 1207 2867; x_wconf 78' lang='grc' dir='ltr'><strong>δ’</strong></span> <span class='ocrx_word' id='word_1_328' title='bbox 1233 2814 1536 2873; x_wconf 80' lang='grc' dir='ltr'><strong>ἐλυσιτέλει</strong></span> <span class='ocrx_word' id='word_1_329' title='bbox 1565 2800 1793 2890; x_wconf 69' lang='grc' dir='ltr'><strong>μᾶλλον,</strong></span> <span class='ocrx_word' id='word_1_330' title='bbox 1816 2800 1892 2887; x_wconf 72' lang='grc' dir='ltr'><strong>οξ</strong></span> 
     </span>
    </p>
   </div>
   <div class='ocr_carea' id='block_1_46' title="bbox 315 2892 1892 2983">
    <p class='ocr_par' dir='ltr' id='par_1_46' title="bbox 315 2892 1892 2983">
     <span class='ocr_line' id='line_1_46' title="bbox 315 2892 1892 2983; baseline 0.018 -41"><span class='ocrx_word' id='word_1_331' title='bbox 315 2892 348 2958; x_wconf 77' lang='grc' dir='ltr'><strong>ἡ</strong></span> <span class='ocrx_word' id='word_1_332' title='bbox 380 2892 605 2957; x_wconf 77' lang='grc' dir='ltr'><strong>ἔκϐασις</strong></span> <span class='ocrx_word' id='word_1_333' title='bbox 636 2896 859 2963; x_wconf 71' lang='grc' dir='ltr'><strong>ἔδειξεν.</strong></span> <span class='ocrx_word' id='word_1_334' title='bbox 878 2901 1029 2955; x_wconf 76' lang='grc' dir='ltr'><strong>Ἐπεὶ</strong></span> <span class='ocrx_word' id='word_1_335' title='bbox 1058 2905 1167 2972; x_wconf 86' lang='grc' dir='ltr'><strong>γάρ</strong></span> <span class='ocrx_word' id='word_1_336' title='bbox 1197 2908 1332 2977; x_wconf 86' lang='grc' dir='ltr'><strong>πρὸς</strong></span> <span class='ocrx_word' id='word_1_337' title='bbox 1353 2909 1464 2963; x_wconf 84' lang='grc' dir='ltr'><strong>τῶν</strong></span> <span class='ocrx_word' id='word_1_338' title='bbox 1500 2914 1892 2983; x_wconf 83' lang='grc' dir='ltr'><strong>φρουρούντων</strong></span> 
     </span>
    </p>
   </div>
   <div class='ocr_carea' id='block_1_47' title="bbox 312 2983 1890 3067">
    <p class='ocr_par' dir='ltr' id='par_1_47' title="bbox 312 2983 1890 3067">
     <span class='ocr_line' id='line_1_47' title="bbox 312 2983 1890 3067; baseline 0.018 -35"><span class='ocrx_word' id='word_1_339' title='bbox 312 2983 411 3044; x_wconf 72' lang='grc' dir='ltr'><strong>τὰς</strong></span> <span class='ocrx_word' id='word_1_340' title='bbox 442 2984 618 3048; x_wconf 86' lang='grc' dir='ltr'><strong>πύλας</strong></span> <span class='ocrx_word' id='word_1_341' title='bbox 666 2989 1023 3060; x_wconf 81' lang='grc' dir='ltr'><strong>πεφώρανται</strong></span> <span class='ocrx_word' id='word_1_342' title='bbox 1056 2995 1196 3050; x_wconf 83' lang='grc' dir='ltr'><strong>ὅπλα</strong></span> <span class='ocrx_word' id='word_1_343' title='bbox 1233 2998 1540 3067; x_wconf 77' lang='grc' dir='ltr'><strong>ἐξάγοντες,</strong></span> <span class='ocrx_word' id='word_1_344' title='bbox 1600 3006 1692 3058; x_wconf 78' lang='grc' dir='ltr'><strong>καὶ</strong></span> <span class='ocrx_word' id='word_1_345' title='bbox 1739 3008 1890 3061; x_wconf 85' lang='grc' dir='ltr'><strong>ἐπεί-</strong></span> 
     </span>
    </p>
   </div>
   <div class='ocr_carea' id='block_1_48' title="bbox 311 3078 1891 3168">
    <p class='ocr_par' dir='ltr' id='par_1_48' title="bbox 311 3078 1891 3168">
     <span class='ocr_line' id='line_1_48' title="bbox 311 3078 1891 3168; baseline 0.019 -42"><span class='ocrx_word' id='word_1_346' title='bbox 311 3094 476 3144; x_wconf 82' lang='grc' dir='ltr'><strong>χοντο</strong></span> <span class='ocrx_word' id='word_1_347' title='bbox 504 3078 604 3150; x_wconf 80' lang='grc' dir='ltr'><strong>τὴν</strong></span> <span class='ocrx_word' id='word_1_348' title='bbox 657 3082 868 3137; x_wconf 87' lang='grc' dir='ltr'><strong>τούτων</strong></span> <span class='ocrx_word' id='word_1_349' title='bbox 896 3088 1211 3160; x_wconf 79' lang='grc' dir='ltr'><strong>ἐκκομιδὴν,</strong></span> <span class='ocrx_word' id='word_1_350' title='bbox 1243 3092 1444 3147; x_wconf 83' lang='grc' dir='ltr'><strong>ἐκεῖνοι</strong></span> <span class='ocrx_word' id='word_1_351' title='bbox 1474 3096 1544 3149; x_wconf 88' lang='grc' dir='ltr'><strong>τά</strong></span> <span class='ocrx_word' id='word_1_352' title='bbox 1579 3098 1711 3168; x_wconf 81' lang='grc' dir='ltr'><strong>ξίφη</strong></span> <span class='ocrx_word' id='word_1_353' title='bbox 1749 3118 1891 3155; x_wconf 84' lang='grc' dir='ltr'><strong>σπα-</strong></span> 
     </span>
    </p>
   </div>
   <div class='ocr_carea' id='block_1_49' title="bbox 314 3168 1959 3285">
    <p class='ocr_par' dir='ltr' id='par_1_49' title="bbox 314 3168 1959 3285">
     <span class='ocr_line' id='line_1_49' title="bbox 314 3168 1959 3285; baseline 0.014 -65"><span class='ocrx_word' id='word_1_354' title='bbox 314 3168 564 3235; x_wconf 72' lang='grc' dir='ltr'><strong>σάμενοι,</strong></span> <span class='ocrx_word' id='word_1_355' title='bbox 608 3172 736 3236; x_wconf 75' lang='grc' dir='ltr'><strong>τοὺς</strong></span> <span class='ocrx_word' id='word_1_356' title='bbox 766 3178 1043 3245; x_wconf 82' lang='grc' dir='ltr'><strong>φρουροὺς</strong></span> <span class='ocrx_word' id='word_1_357' title='bbox 1091 3180 1471 3251; x_wconf 82' lang='grc' dir='ltr'><strong>διεχρήσαντο.</strong></span> <span class='ocrx_word' id='word_1_358' title='bbox 1505 3188 1693 3241; x_wconf 84' lang='grc' dir='ltr'><strong>Δεινοῢ</strong></span> <span class='ocrx_word' id='word_1_359' title='bbox 1738 3190 1786 3243; x_wconf 80' lang='grc' dir='ltr'><strong>δ’</strong></span> <span class='ocrx_word' id='word_1_360' title='bbox 1813 3191 1885 3253; x_wconf 77' lang='grc' dir='ltr'><strong>ὡς</strong></span> <span class='ocrx_word' id='word_1_361' title='bbox 1915 3224 1959 3285; x_wconf 75' lang='lat' dir='ltr'><strong>C</strong></span> 
     </span>
     <span class='ocr_line' id='line_1_50' title="bbox 314 3261 1722 3285; baseline 0 0"><span class='ocrx_word' id='word_1_362' title='bbox 314 3261 722 3285; x_wconf 58' lang='lat' dir='ltr'><strong>-3--x,n--_et-__</strong></span> <span class='ocrx_word' id='word_1_363' title='bbox 777 3266 833 3285; x_wconf 64' lang='grc' dir='ltr'><strong>-ι</strong></span> <span class='ocrx_word' id='word_1_364' title='bbox 975 3269 1010 3285; x_wconf 60' lang='grc' dir='ltr'><strong>,ς</strong></span> <span class='ocrx_word' id='word_1_365' title='bbox 1259 3274 1275 3285; x_wconf 85' lang='grc'><strong>.</strong></span> <span class='ocrx_word' id='word_1_366' title='bbox 1336 3275 1389 3285; x_wconf 74' lang='lat'><strong>-.</strong></span> <span class='ocrx_word' id='word_1_367' title='bbox 1587 3279 1601 3285; x_wconf 84' lang='lat'><strong>-</strong></span> <span class='ocrx_word' id='word_1_368' title='bbox 1683 3281 1722 3285; x_wconf 77' lang='lat'><strong><em>__</em></strong></span> 
     </span>
    </p>
   </div>
   <div class='ocr_carea' id='block_1_50' title="bbox 311 3261 1881 3343">
    <p class='ocr_par' dir='ltr' id='par_1_50' title="bbox 311 3261 1881 3343">
     <span class='ocr_line' id='line_1_51' title="bbox 311 3261 1881 3343; baseline 0.016 -32"><span class='ocrx_word' id='word_1_369' title='bbox 311 3261 464 3323; x_wconf 83' lang='grc' dir='ltr'><strong>εἰκδς</strong></span> <span class='ocrx_word' id='word_1_370' title='bbox 491 3262 726 3332; x_wconf 80' lang='grc' dir='ltr'><strong>θορύϐου</strong></span> <span class='ocrx_word' id='word_1_371' title='bbox 771 3266 873 3337; x_wconf 77' lang='grc' dir='ltr'><strong>τὴν</strong></span> <span class='ocrx_word' id='word_1_372' title='bbox 922 3269 1078 3322; x_wconf 88' lang='grc' dir='ltr'><strong>πόλιν</strong></span> <span class='ocrx_word' id='word_1_373' title='bbox 1110 3274 1538 3341; x_wconf 80' lang='grc' dir='ltr'><strong>καταλαϐόντος,</strong></span> <span class='ocrx_word' id='word_1_374' title='bbox 1570 3279 1649 3343; x_wconf 84' lang='grc' dir='ltr'><strong>ὡς</strong></span> <span class='ocrx_word' id='word_1_375' title='bbox 1671 3281 1881 3335; x_wconf 68' lang='grc' dir='ltr'><strong>ἀλωσοο</strong></span> 
     </span>
    </p>
   </div>
   <div class='ocr_carea' id='block_1_51' title="bbox 315 3350 1886 3443">
    <p class='ocr_par' dir='ltr' id='par_1_51' title="bbox 315 3350 1886 3443">
     <span class='ocr_line' id='line_1_52' title="bbox 315 3350 1886 3443; baseline 0.018 -44"><span class='ocrx_word' id='word_1_376' title='bbox 315 3350 484 3417; x_wconf 81' lang='grc' dir='ltr'><strong>μένης</strong></span> <span class='ocrx_word' id='word_1_377' title='bbox 512 3354 712 3407; x_wconf 82' lang='grc' dir='ltr'><strong>αὐτίκα</strong></span> <span class='ocrx_word' id='word_1_378' title='bbox 736 3358 834 3424; x_wconf 80' lang='grc' dir='ltr'><strong>τῆς</strong></span> <span class='ocrx_word' id='word_1_379' title='bbox 866 3359 1095 3426; x_wconf 86' lang='grc' dir='ltr'><strong>πόλεως,</strong></span> <span class='ocrx_word' id='word_1_380' title='bbox 1118 3364 1269 3430; x_wconf 87' lang='grc' dir='ltr'><strong>ὅμως</strong></span> <span class='ocrx_word' id='word_1_381' title='bbox 1296 3368 1493 3437; x_wconf 82' lang='grc' dir='ltr'><strong>γνώμη</strong></span> <span class='ocrx_word' id='word_1_382' title='bbox 1524 3371 1705 3442; x_wconf 79' lang='grc' dir='ltr'><strong>ἀγαθὴ</strong></span> <span class='ocrx_word' id='word_1_383' title='bbox 1722 3374 1886 3443; x_wconf 82' lang='grc' dir='ltr'><strong>ἐκρά-</strong></span> 
     </span>
    </p>
   </div>
   <div class='ocr_carea' id='block_1_52' title="bbox 310 3446 1884 3533">
    <p class='ocr_par' dir='ltr' id='par_1_52' title="bbox 310 3446 1884 3533">
     <span class='ocr_line' id='line_1_53' title="bbox 310 3446 1884 3533; baseline 0.018 -43"><span class='ocrx_word' id='word_1_384' title='bbox 310 3457 395 3492; x_wconf 87' lang='grc' dir='ltr'><strong>τει</strong></span> <span class='ocrx_word' id='word_1_385' title='bbox 426 3446 539 3505; x_wconf 82' lang='grc' dir='ltr'><strong>τοῖς</strong></span> <span class='ocrx_word' id='word_1_386' title='bbox 576 3447 816 3515; x_wconf 72' lang='grc' dir='ltr'><strong>παροῦσι</strong></span> <span class='ocrx_word' id='word_1_387' title='bbox 850 3448 1063 3514; x_wconf 84' lang='grc' dir='ltr'><strong>δεινοῖς.</strong></span> <span class='ocrx_word' id='word_1_388' title='bbox 1105 3453 1169 3507; x_wconf 85' lang='grc' dir='ltr'><strong>Ἦ</strong></span> <span class='ocrx_word' id='word_1_389' title='bbox 1205 3455 1305 3525; x_wconf 77' lang='grc' dir='ltr'><strong>μὲν</strong></span> <span class='ocrx_word' id='word_1_390' title='bbox 1334 3461 1444 3529; x_wconf 80' lang='grc' dir='ltr'><strong>γ’ἀρ</strong></span> <span class='ocrx_word' id='word_1_391' title='bbox 1491 3462 1648 3526; x_wconf 85' lang='grc' dir='ltr'><strong>πόλις</strong></span> <span class='ocrx_word' id='word_1_392' title='bbox 1683 3463 1884 3533; x_wconf 79' lang='grc' dir='ltr'><strong>ἀθρόον</strong></span> 
     </span>
    </p>
   </div>
   <div class='ocr_carea' id='block_1_53' title="bbox 312 3532 1883 3623">
    <p class='ocr_par' dir='ltr' id='par_1_53' title="bbox 312 3532 1883 3623">
     <span class='ocr_line' id='line_1_54' title="bbox 312 3532 1883 3623; baseline 0.018 -44"><span class='ocrx_word' id='word_1_393' title='bbox 312 3532 371 3581; x_wconf 85' lang='grc' dir='ltr'><strong>ἐν</strong></span> <span class='ocrx_word' id='word_1_394' title='bbox 403 3532 484 3602; x_wconf 83' lang='grc' dir='ltr'><strong>τῷ</strong></span> <span class='ocrx_word' id='word_1_395' title='bbox 540 3536 773 3605; x_wconf 77' lang='grc' dir='ltr'><strong>ἀσφαλεῖ</strong></span> <span class='ocrx_word' id='word_1_396' title='bbox 808 3543 1077 3610; x_wconf 76' lang='grc' dir='ltr'><strong>ἐγεγόνει,</strong></span> <span class='ocrx_word' id='word_1_397' title='bbox 1118 3547 1230 3599; x_wconf 89' lang='grc' dir='ltr'><strong>τῶν</strong></span> <span class='ocrx_word' id='word_1_398' title='bbox 1274 3550 1462 3603; x_wconf 89' lang='grc' dir='ltr'><strong>πυλῶν</strong></span> <span class='ocrx_word' id='word_1_399' title='bbox 1505 3552 1647 3606; x_wconf 86' lang='grc' dir='ltr'><strong>κατά</strong></span> <span class='ocrx_word' id='word_1_400' title='bbox 1697 3532 1883 3623; x_wconf 90' lang='grc' dir='ltr'><strong>χώραν</strong></span> 
     </span>
    </p>
   </div>
   <div class='ocr_carea' id='block_1_54' title="bbox 312 3628 1882 3716">
    <p class='ocr_par' dir='ltr' id='par_1_54' title="bbox 312 3628 1882 3716">
     <span class='ocr_line' id='line_1_55' title="bbox 312 3628 1882 3716; baseline 0.02 -41"><span class='ocrx_word' id='word_1_401' title='bbox 312 3628 731 3695; x_wconf 68' lang='grc' dir='ltr'><strong>γεγενημένων</strong></span> <span class='ocrx_word' id='word_1_402' title='bbox 765 3636 977 3704; x_wconf 79' lang='grc' dir='ltr'><strong>χρηοτῇ</strong></span> <span class='ocrx_word' id='word_1_403' title='bbox 1007 3637 1065 3690; x_wconf 81' lang='grc' dir='ltr'><strong>δὲ</strong></span> <span class='ocrx_word' id='word_1_404' title='bbox 1096 3639 1292 3712; x_wconf 83' lang='grc' dir='ltr'><strong>γνώμῃ</strong></span> <span class='ocrx_word' id='word_1_405' title='bbox 1341 3647 1687 3716; x_wconf 83' lang='grc' dir='ltr'><strong>χρησάμενος</strong></span> <span class='ocrx_word' id='word_1_406' title='bbox 1729 3647 1882 3716; x_wconf 77' lang='grc' dir='ltr'><strong>βασι·</strong></span> 
     </span>
    </p>
   </div>
   <div class='ocr_carea' id='block_1_55' title="bbox 312 3718 1879 3803">
    <p class='ocr_par' dir='ltr' id='par_1_55' title="bbox 312 3718 1879 3803">
     <span class='ocr_line' id='line_1_56' title="bbox 312 3718 1879 3803; baseline 0.023 -35"><span class='ocrx_word' id='word_1_407' title='bbox 312 3718 458 3783; x_wconf 78' lang='grc' dir='ltr'><strong>λεὺς,</strong></span> <span class='ocrx_word' id='word_1_408' title='bbox 504 3724 761 3798; x_wconf 84' lang='grc' dir='ltr'><strong>προφανῆ</strong></span> <span class='ocrx_word' id='word_1_409' title='bbox 792 3743 854 3780; x_wconf 86' lang='grc' dir='ltr'><strong>τε</strong></span> <span class='ocrx_word' id='word_1_410' title='bbox 914 3729 1174 3798; x_wconf 83' lang='grc' dir='ltr'><strong>πολέμιον</strong></span> <span class='ocrx_word' id='word_1_411' title='bbox 1213 3730 1355 3789; x_wconf 76' lang='grc' dir='ltr'><strong>εἶναι</strong></span> <span class='ocrx_word' id='word_1_412' title='bbox 1384 3739 1476 3791; x_wconf 85' lang='grc' dir='ltr'><strong>τὸν</strong></span> <span class='ocrx_word' id='word_1_413' title='bbox 1515 3741 1717 3798; x_wconf 81' lang='grc' dir='ltr'><strong>Γαῖνᾶν</strong></span> <span class='ocrx_word' id='word_1_414' title='bbox 1761 3749 1879 3803; x_wconf 86' lang='grc' dir='ltr'><strong>δια-</strong></span> 
     </span>
    </p>
   </div>
   <div class='ocr_carea' id='block_1_56' title="bbox 307 3812 1876 3910">
    <p class='ocr_par' dir='ltr' id='par_1_56' title="bbox 307 3812 1876 3910">
     <span class='ocr_line' id='line_1_57' title="bbox 307 3812 1876 3910; baseline 0.022 -50"><span class='ocrx_word' id='word_1_415' title='bbox 307 3812 497 3876; x_wconf 80' lang='grc' dir='ltr'><strong>γνοὺς,</strong></span> <span class='ocrx_word' id='word_1_416' title='bbox 542 3814 762 3869; x_wconf 79' lang='grc' dir='ltr'><strong>ἐκέλευε</strong></span> <span class='ocrx_word' id='word_1_417' title='bbox 790 3819 917 3881; x_wconf 85' lang='grc' dir='ltr'><strong>τοὺς</strong></span> <span class='ocrx_word' id='word_1_418' title='bbox 970 3821 1399 3892; x_wconf 79' lang='grc' dir='ltr'><strong>ὑπολειφθέντας</strong></span> <span class='ocrx_word' id='word_1_419' title='bbox 1433 3833 1540 3884; x_wconf 89' lang='grc' dir='ltr'><strong>τῶν</strong></span> <span class='ocrx_word' id='word_1_420' title='bbox 1578 3835 1876 3910; x_wconf 80' lang='grc' dir='ltr'><strong>βαρϐάρων</strong></span> 
     </span>
    </p>
   </div>
   <div class='ocr_carea' id='block_1_57' title="bbox 305 3897 1879 3997">
    <p class='ocr_par' dir='ltr' id='par_1_57' title="bbox 305 3897 1879 3997">
     <span class='ocr_line' id='line_1_58' title="bbox 305 3897 1879 3997; baseline 0.024 -51"><span class='ocrx_word' id='word_1_421' title='bbox 305 3897 455 3949; x_wconf 73' lang='grc' dir='ltr'><strong>ἔνδον</strong></span> <span class='ocrx_word' id='word_1_422' title='bbox 482 3901 679 3969; x_wconf 84' lang='grc' dir='ltr'><strong>τειχῶν</strong></span> <span class='ocrx_word' id='word_1_423' title='bbox 710 3902 978 3974; x_wconf 86' lang='grc' dir='ltr'><strong>ἀναιρεῖν.</strong></span> <span class='ocrx_word' id='word_1_424' title='bbox 1009 3910 1118 3964; x_wconf 74' lang='grc' dir='ltr'><strong>Καὶ</strong></span> <span class='ocrx_word' id='word_1_425' title='bbox 1144 3910 1264 3982; x_wconf 81' lang='grc' dir='ltr'><strong>δῆτ’</strong></span> <span class='ocrx_word' id='word_1_426' title='bbox 1287 3915 1551 3987; x_wconf 83' lang='grc' dir='ltr'><strong>ἀνδρείως</strong></span> <span class='ocrx_word' id='word_1_427' title='bbox 1645 3897 1879 3997; x_wconf 78' lang='grc' dir='ltr'><strong>στρατιὰ</strong></span> 
     </span>
    </p>
   </div>
   <div class='ocr_carea' id='block_1_58' title="bbox 303 3988 1877 4085">
    <p class='ocr_par' dir='ltr' id='par_1_58' title="bbox 303 3988 1877 4085">
     <span class='ocr_line' id='line_1_59' title="bbox 303 3988 1877 4085; baseline 0.02 -46"><span class='ocrx_word' id='word_1_428' title='bbox 303 3988 648 4057; x_wconf 75' lang='grc' dir='ltr'><strong>ἐπιθέμενοι,</strong></span> <span class='ocrx_word' id='word_1_429' title='bbox 694 3996 822 4056; x_wconf 84' lang='grc' dir='ltr'><strong>τοὺς</strong></span> <span class='ocrx_word' id='word_1_430' title='bbox 864 3995 1155 4063; x_wconf 85' lang='grc' dir='ltr'><strong>πλείστους</strong></span> <span class='ocrx_word' id='word_1_431' title='bbox 1199 4004 1439 4075; x_wconf 82' lang='grc' dir='ltr'><strong>ἀνῄρουν</strong></span> <span class='ocrx_word' id='word_1_432' title='bbox 1480 4014 1608 4081; x_wconf 81' lang='grc' dir='ltr'><strong>περὶ</strong></span> <span class='ocrx_word' id='word_1_433' title='bbox 1653 4014 1753 4085; x_wconf 77' lang='grc' dir='ltr'><strong>τὴν</strong></span> <span class='ocrx_word' id='word_1_434' title='bbox 1787 4019 1877 4071; x_wconf 73' lang='grc' dir='ltr'><strong>ἐκ-</strong></span> 
     </span>
    </p>
   </div>
   <div class='ocr_carea' id='block_1_59' title="bbox 304 4080 1876 4175">
    <p class='ocr_par' dir='ltr' id='par_1_59' title="bbox 304 4080 1876 4175">
     <span class='ocr_line' id='line_1_60' title="bbox 304 4080 1876 4175; baseline 0.021 -45"><span class='ocrx_word' id='word_1_435' title='bbox 304 4080 534 4147; x_wconf 79' lang='grc' dir='ltr'><strong>κλησίαν</strong></span> <span class='ocrx_word' id='word_1_436' title='bbox 558 4084 668 4135; x_wconf 79' lang='grc' dir='ltr'><strong>τῶν</strong></span> <span class='ocrx_word' id='word_1_437' title='bbox 713 4086 959 4140; x_wconf 80' lang='grc' dir='ltr'><strong>Γότοωνο</strong></span> <span class='ocrx_word' id='word_1_438' title='bbox 991 4092 1111 4145; x_wconf 77' lang='grc' dir='ltr'><strong>ἐκεῖ</strong></span> <span class='ocrx_word' id='word_1_439' title='bbox 1148 4096 1257 4164; x_wconf 73' lang='grc' dir='ltr'><strong>γὰρ</strong></span> <span class='ocrx_word' id='word_1_440' title='bbox 1285 4080 1658 4173; x_wconf 71' lang='grc' dir='ltr'><strong>ἠθροίσθησαν</strong></span> <span class='ocrx_word' id='word_1_441' title='bbox 1793 4114 1876 4175; x_wconf 74' lang='grc' dir='ltr'><strong>εἰς</strong></span> 
     </span>
    </p>
   </div>
   <div class='ocr_carea' id='block_1_60' title="bbox 300 4176 1874 4269">
    <p class='ocr_par' dir='ltr' id='par_1_60' title="bbox 300 4176 1874 4269">
     <span class='ocr_line' id='line_1_61' title="bbox 300 4176 1874 4269; baseline 0.02 -44"><span class='ocrx_word' id='word_1_442' title='bbox 300 4176 707 4243; x_wconf 73' lang='grc' dir='ltr'><strong>κρησφύγετον,</strong></span> <span class='ocrx_word' id='word_1_443' title='bbox 744 4180 857 4234; x_wconf 91' lang='grc' dir='ltr'><strong>τῶν</strong></span> <span class='ocrx_word' id='word_1_444' title='bbox 894 4185 1079 4238; x_wconf 84' lang='grc' dir='ltr'><strong>πυλῶν</strong></span> <span class='ocrx_word' id='word_1_445' title='bbox 1112 4187 1169 4238; x_wconf 86' lang='grc' dir='ltr'><strong>ἐν</strong></span> <span class='ocrx_word' id='word_1_446' title='bbox 1191 4188 1269 4258; x_wconf 85' lang='grc' dir='ltr'><strong>τῷ</strong></span> <span class='ocrx_word' id='word_1_447' title='bbox 1299 4192 1537 4260; x_wconf 78' lang='grc' dir='ltr'><strong>ἀσφαλεῖ</strong></span> <span class='ocrx_word' id='word_1_448' title='bbox 1563 4203 1874 4269; x_wconf 79' lang='grc' dir='ltr'><strong>γενομένων</strong></span> 
     </span>
    </p>
   </div>
   <div class='ocr_carea' id='block_1_61' title="bbox 302 4267 1872 4361">
    <p class='ocr_par' dir='ltr' id='par_1_61' title="bbox 302 4267 1872 4361">
     <span class='ocr_line' id='line_1_62' title="bbox 302 4267 1872 4361; baseline 0.02 -45"><span class='ocrx_word' id='word_1_449' title='bbox 302 4268 377 4334; x_wconf 83' lang='grc' dir='ltr'><strong>μὴ</strong></span> <span class='ocrx_word' id='word_1_450' title='bbox 401 4267 725 4336; x_wconf 67' lang='grc' dir='ltr'><strong>δυνηθέντες</strong></span> <span class='ocrx_word' id='word_1_451' title='bbox 749 4274 1055 4342; x_wconf 86' lang='grc' dir='ltr'><strong>διαφυγεῖν.</strong></span> <span class='ocrx_word' id='word_1_452' title='bbox 1089 4278 1200 4332; x_wconf 72' lang='grc' dir='ltr'><strong>Καὶ</strong></span> <span class='ocrx_word' id='word_1_453' title='bbox 1228 4281 1292 4349; x_wconf 76' lang='grc' dir='ltr'><strong>δὴ</strong></span> <span class='ocrx_word' id='word_1_454' title='bbox 1325 4283 1425 4353; x_wconf 79' lang='grc' dir='ltr'><strong>τὴν</strong></span> <span class='ocrx_word' id='word_1_455' title='bbox 1450 4286 1550 4355; x_wconf 84' lang='grc' dir='ltr'><strong>μὲν</strong></span> <span class='ocrx_word' id='word_1_456' title='bbox 1573 4267 1872 4361; x_wconf 77' lang='grc' dir='ltr'><strong>ἐκκλησίαν</strong></span> 
     </span>
    </p>
   </div>
   <div class='ocr_carea' id='block_1_62' title="bbox 298 4360 1873 4451">
    <p class='ocr_par' dir='ltr' id='par_1_62' title="bbox 298 4360 1873 4451">
     <span class='ocr_line' id='line_1_63' title="bbox 298 4360 1873 4451; baseline 0.02 -42"><span class='ocrx_word' id='word_1_457' title='bbox 298 4360 452 4428; x_wconf 87' lang='grc' dir='ltr'><strong>σφῶν</strong></span> <span class='ocrx_word' id='word_1_458' title='bbox 480 4361 592 4433; x_wconf 81' lang='grc' dir='ltr'><strong>πῦρ</strong></span> <span class='ocrx_word' id='word_1_459' title='bbox 624 4365 865 4429; x_wconf 80' lang='grc' dir='ltr'><strong>ἐνιέντες</strong></span> <span class='ocrx_word' id='word_1_460' title='bbox 897 4369 1256 4439; x_wconf 87' lang='grc' dir='ltr'><strong>κατέπρησαν</strong></span> <span class='ocrx_word' id='word_1_461' title='bbox 1277 4389 1292 4403; x_wconf 84' lang='grc'><em>’</em></span> <span class='ocrx_word' id='word_1_462' title='bbox 1320 4377 1528 4440; x_wconf 83' lang='grc' dir='ltr'><strong>πάντας</strong></span> <span class='ocrx_word' id='word_1_463' title='bbox 1558 4380 1603 4433; x_wconf 83' lang='grc' dir='ltr'><strong>δ’</strong></span> <span class='ocrx_word' id='word_1_464' title='bbox 1628 4360 1873 4451; x_wconf 79' lang='grc' dir='ltr'><strong>ἐκείνους</strong></span> 
     </span>
    </p>
   </div>
   <div class='ocr_carea' id='block_1_63' title="bbox 294 4452 1868 4536">
    <p class='ocr_par' dir='ltr' id='par_1_63' title="bbox 294 4452 1868 4536">
     <span class='ocr_line' id='line_1_64' title="bbox 294 4452 1868 4536; baseline 0.02 -35"><span class='ocrx_word' id='word_1_465' title='bbox 294 4452 533 4516; x_wconf 76' lang='grc' dir='ltr'><strong>ἀφειδῶς</strong></span> <span class='ocrx_word' id='word_1_466' title='bbox 582 4454 849 4513; x_wconf 80' lang='grc' dir='ltr'><strong>ἔκτειναν.</strong></span> <span class='ocrx_word' id='word_1_467' title='bbox 893 4461 957 4513; x_wconf 88' lang='grc' dir='ltr'><strong>Ὃ</strong></span> <span class='ocrx_word' id='word_1_468' title='bbox 986 4460 1052 4531; x_wconf 76' lang='grc' dir='ltr'><strong>δὴ</strong></span> <span class='ocrx_word' id='word_1_469' title='bbox 1107 4464 1296 4532; x_wconf 88' lang='grc' dir='ltr'><strong>μαθὼν</strong></span> <span class='ocrx_word' id='word_1_470' title='bbox 1324 4465 1544 4536; x_wconf 80' lang='grc' dir='ltr'><strong>Γαῐνᾶς,</strong></span> <span class='ocrx_word' id='word_1_471' title='bbox 1573 4474 1667 4529; x_wconf 74' lang='grc' dir='ltr'><strong>τὸν</strong></span> <span class='ocrx_word' id='word_1_472' title='bbox 1709 4479 1868 4533; x_wconf 75' lang='grc' dir='ltr'><strong>ἐκού-</strong></span> 
     </span>
    </p>
   </div>
   <div class='ocr_carea' id='block_1_64' title="bbox 2003 2002 3575 2085">
    <p class='ocr_par' dir='ltr' id='par_1_64' title="bbox 2003 2002 3575 2085">
     <span class='ocr_line' id='line_1_65' title="bbox 2003 2002 3575 2085; baseline 0.011 -30"><span class='ocrx_word' id='word_1_473' title='bbox 2003 2002 2059 2056; x_wconf 92' lang='lat' dir='ltr'><strong>in</strong></span> <span class='ocrx_word' id='word_1_474' title='bbox 2113 2004 2249 2059; x_wconf 89' lang='lat' dir='ltr'><strong>urbe</strong></span> <span class='ocrx_word' id='word_1_475' title='bbox 2297 2007 2502 2063; x_wconf 85' lang='lat' dir='ltr'><strong>milites</strong></span> <span class='ocrx_word' id='word_1_476' title='bbox 2544 2024 2665 2065; x_wconf 89' lang='lat' dir='ltr'><strong>esse</strong></span> <span class='ocrx_word' id='word_1_477' title='bbox 2718 2012 2910 2070; x_wconf 86' lang='lat' dir='ltr'><strong>sciret.</strong></span> <span class='ocrx_word' id='word_1_478' title='bbox 2942 2012 3291 2085; x_wconf 88' lang='lat' dir='ltr'><strong>Quapropter</strong></span> <span class='ocrx_word' id='word_1_479' title='bbox 3324 2019 3575 2085; x_wconf 81' lang='lat' dir='ltr'><strong>proxima</strong></span> 
     </span>
    </p>
   </div>
   <div class='ocr_carea' id='block_1_65' title="bbox 2000 2093 3576 2165">
    <p class='ocr_par' dir='ltr' id='par_1_65' title="bbox 2000 2093 3576 2165">
     <span class='ocr_line' id='line_1_66' title="bbox 2000 2093 3576 2165; baseline 0.011 -17"><span class='ocrx_word' id='word_1_480' title='bbox 2000 2093 2166 2148; x_wconf 89' lang='lat' dir='ltr'><strong>etiam</strong></span> <span class='ocrx_word' id='word_1_481' title='bbox 2205 2104 2366 2151; x_wconf 90' lang='lat' dir='ltr'><strong>nocte</strong></span> <span class='ocrx_word' id='word_1_482' title='bbox 2398 2097 2539 2153; x_wconf 89' lang='lat' dir='ltr'><strong>alios</strong></span> <span class='ocrx_word' id='word_1_483' title='bbox 2578 2114 2646 2153; x_wconf 88' lang='lat' dir='ltr'><strong>eo</strong></span> <span class='ocrx_word' id='word_1_484' title='bbox 2692 2101 2863 2156; x_wconf 88' lang='lat' dir='ltr'><strong>misit.</strong></span> <span class='ocrx_word' id='word_1_485' title='bbox 2900 2102 2973 2159; x_wconf 82' lang='lat' dir='ltr'><strong>Ut</strong></span> <span class='ocrx_word' id='word_1_486' title='bbox 3003 2120 3137 2160; x_wconf 89' lang='lat' dir='ltr'><strong>vero</strong></span> <span class='ocrx_word' id='word_1_487' title='bbox 3176 2116 3232 2161; x_wconf 92' lang='lat' dir='ltr'><strong>et</strong></span> <span class='ocrx_word' id='word_1_488' title='bbox 3272 2108 3347 2161; x_wconf 92' lang='lat' dir='ltr'><strong>illi</strong></span> <span class='ocrx_word' id='word_1_489' title='bbox 3385 2110 3576 2165; x_wconf 86' lang='lat' dir='ltr'><strong>eadem</strong></span> 
     </span>
    </p>
   </div>
   <div class='ocr_carea' id='block_1_66' title="bbox 1999 2189 3579 2272">
    <p class='ocr_par' dir='ltr' id='par_1_66' title="bbox 1999 2189 3579 2272">
     <span class='ocr_line' id='line_1_67' title="bbox 1999 2189 3579 2272; baseline 0.011 -32"><span class='ocrx_word' id='word_1_490' title='bbox 1999 2202 2121 2256; x_wconf 70' lang='lat' dir='ltr'><strong>qua:</strong></span> <span class='ocrx_word' id='word_1_491' title='bbox 2156 2189 2373 2256; x_wconf 83' lang='lat' dir='ltr'><strong>priores</strong></span> <span class='ocrx_word' id='word_1_492' title='bbox 2408 2193 2836 2262; x_wconf 86' lang='lat' dir='ltr'><strong>annuntiarunt,</strong></span> <span class='ocrx_word' id='word_1_493' title='bbox 2881 2196 2999 2265; x_wconf 85' lang='lat' dir='ltr'><strong>ipse</strong></span> <span class='ocrx_word' id='word_1_494' title='bbox 3050 2214 3117 2253; x_wconf 92' lang='lat' dir='ltr'><strong>eo</strong></span> <span class='ocrx_word' id='word_1_495' title='bbox 3148 2202 3323 2263; x_wconf 71' lang='lat' dir='ltr'><strong>venit,</strong></span> <span class='ocrx_word' id='word_1_496' title='bbox 3367 2214 3423 2256; x_wconf 89' lang='lat' dir='ltr'><strong>et</strong></span> <span class='ocrx_word' id='word_1_497' title='bbox 3456 2219 3579 2272; x_wconf 85' lang='lat' dir='ltr'><strong>spc-</strong></span> 
     </span>
    </p>
   </div>
   <div class='ocr_carea' id='block_1_67' title="bbox 1998 2284 3578 2361">
    <p class='ocr_par' dir='ltr' id='par_1_67' title="bbox 1998 2284 3578 2361">
     <span class='ocr_line' id='line_1_68' title="bbox 1998 2284 3578 2361; baseline 0.011 -27"><span class='ocrx_word' id='word_1_498' title='bbox 1998 2289 2178 2335; x_wconf 89' lang='lat' dir='ltr'><strong>etator</strong></span> <span class='ocrx_word' id='word_1_499' title='bbox 2221 2284 2399 2338; x_wconf 89' lang='lat' dir='ltr'><strong>oculis</strong></span> <span class='ocrx_word' id='word_1_500' title='bbox 2448 2288 2565 2339; x_wconf 86' lang='lat' dir='ltr'><strong>suis</strong></span> <span class='ocrx_word' id='word_1_501' title='bbox 2610 2290 2862 2343; x_wconf 84' lang='lat' dir='ltr'><strong>miraculi</strong></span> <span class='ocrx_word' id='word_1_502' title='bbox 2895 2292 3015 2361; x_wconf 85' lang='lat' dir='ltr'><strong>ejus</strong></span> <span class='ocrx_word' id='word_1_503' title='bbox 3062 2292 3186 2347; x_wconf 82' lang='lat' dir='ltr'><strong>fuit.</strong></span> <span class='ocrx_word' id='word_1_504' title='bbox 3224 2292 3428 2347; x_wconf 88' lang='lat' dir='ltr'><strong>Verum</strong></span> <span class='ocrx_word' id='word_1_505' title='bbox 3480 2312 3578 2351; x_wconf 84' lang='lat' dir='ltr'><strong>sua</strong></span> 
     </span>
    </p>
   </div>
   <div class='ocr_carea' id='block_1_68' title="bbox 1998 2374 3576 2455">
    <p class='ocr_par' dir='ltr' id='par_1_68' title="bbox 1998 2374 3576 2455">
     <span class='ocr_line' id='line_1_69' title="bbox 1998 2374 3576 2455; baseline 0.01 -30"><span class='ocrx_word' id='word_1_506' title='bbox 1998 2374 2173 2440; x_wconf 85' lang='lat' dir='ltr'><strong>gratia</strong></span> <span class='ocrx_word' id='word_1_507' title='bbox 2220 2376 2424 2433; x_wconf 86' lang='lat' dir='ltr'><strong>milites</strong></span> <span class='ocrx_word' id='word_1_508' title='bbox 2453 2394 2549 2433; x_wconf 84' lang='lat' dir='ltr'><strong>eos</strong></span> <span class='ocrx_word' id='word_1_509' title='bbox 2586 2380 2659 2433; x_wconf 92' lang='lat' dir='ltr'><strong>ibi</strong></span> <span class='ocrx_word' id='word_1_510' title='bbox 2694 2382 2887 2437; x_wconf 82' lang='lat' dir='ltr'><strong>adesse</strong></span> <span class='ocrx_word' id='word_1_511' title='bbox 2919 2384 3240 2448; x_wconf 86' lang='lat' dir='ltr'><strong>arbitratus,</strong></span> <span class='ocrx_word' id='word_1_512' title='bbox 3272 2394 3364 2455; x_wconf 91' lang='lat' dir='ltr'><strong>qui</strong></span> <span class='ocrx_word' id='word_1_513' title='bbox 3400 2389 3576 2441; x_wconf 70' lang='lat' dir='ltr'><strong>inter-</strong></span> 
     </span>
    </p>
   </div>
   <div class='ocr_carea' id='block_1_69' title="bbox 1998 2466 3577 2549">
    <p class='ocr_par' dir='ltr' id='par_1_69' title="bbox 1998 2466 3577 2549">
     <span class='ocr_line' id='line_1_70' title="bbox 1998 2466 3577 2549; baseline 0.009 -29"><span class='ocrx_word' id='word_1_514' title='bbox 1998 2466 2089 2520; x_wconf 87' lang='lat' dir='ltr'><strong>diu</strong></span> <span class='ocrx_word' id='word_1_515' title='bbox 2130 2469 2354 2536; x_wconf 86' lang='lat' dir='ltr'><strong>quidem</strong></span> <span class='ocrx_word' id='word_1_516' title='bbox 2406 2486 2465 2524; x_wconf 89' lang='lat' dir='ltr'><strong>se</strong></span> <span class='ocrx_word' id='word_1_517' title='bbox 2516 2474 2886 2541; x_wconf 80' lang='lat' dir='ltr'><strong>Occultarent,</strong></span> <span class='ocrx_word' id='word_1_518' title='bbox 2940 2488 3109 2532; x_wconf 85' lang='lat' dir='ltr'><strong>noctu</strong></span> <span class='ocrx_word' id='word_1_519' title='bbox 3147 2492 3333 2533; x_wconf 83' lang='lat' dir='ltr'><strong>autem</strong></span> <span class='ocrx_word' id='word_1_520' title='bbox 3374 2480 3577 2549; x_wconf 67' lang='lat' dir='ltr'><strong>vigiliis</strong></span> 
     </span>
    </p>
   </div>
   <div class='ocr_carea' id='block_1_70' title="bbox 1999 2559 3577 2636">
    <p class='ocr_par' dir='ltr' id='par_1_70' title="bbox 1999 2559 3577 2636">
     <span class='ocr_line' id='line_1_71' title="bbox 1999 2559 3577 2636; baseline 0.009 -25"><span class='ocrx_word' id='word_1_521' title='bbox 1999 2559 2191 2613; x_wconf 82' lang='lat' dir='ltr'><strong>urbem</strong></span> <span class='ocrx_word' id='word_1_522' title='bbox 2222 2569 2277 2614; x_wconf 89' lang='lat' dir='ltr'><strong>et</strong></span> <span class='ocrx_word' id='word_1_523' title='bbox 2321 2563 2505 2617; x_wconf 85' lang='lat' dir='ltr'><strong>aulam</strong></span> <span class='ocrx_word' id='word_1_524' title='bbox 2550 2565 2964 2636; x_wconf 83' lang='lat' dir='ltr'><strong>imperatoriam</strong></span> <span class='ocrx_word' id='word_1_525' title='bbox 2994 2570 3361 2630; x_wconf 78' lang='lat' dir='ltr'><strong>custodirent.</strong></span> <span class='ocrx_word' id='word_1_526' title='bbox 3402 2587 3429 2624; x_wconf 84' lang='lat' dir='ltr'><strong>a</strong></span> <span class='ocrx_word' id='word_1_527' title='bbox 3468 2573 3577 2625; x_wconf 74' lang='lat' dir='ltr'><strong>dae-</strong></span> 
     </span>
    </p>
   </div>
   <div class='ocr_carea' id='block_1_71' title="bbox 1998 2655 3577 2722">
    <p class='ocr_par' dir='ltr' id='par_1_71' title="bbox 1998 2655 3577 2722">
     <span class='ocr_line' id='line_1_72' title="bbox 1998 2655 3577 2722; baseline 0.01 -21"><span class='ocrx_word' id='word_1_528' title='bbox 1998 2666 2162 2704; x_wconf 85' lang='lat' dir='ltr'><strong>rnone</strong></span> <span class='ocrx_word' id='word_1_529' title='bbox 2198 2667 2257 2705; x_wconf 89' lang='lat' dir='ltr'><strong>se</strong></span> <span class='ocrx_word' id='word_1_530' title='bbox 2290 2655 2488 2722; x_wconf 83' lang='lat' dir='ltr'><strong>agitari</strong></span> <span class='ocrx_word' id='word_1_531' title='bbox 2534 2658 2899 2720; x_wconf 76' lang='lat' dir='ltr'><strong>assimulavit,</strong></span> <span class='ocrx_word' id='word_1_532' title='bbox 2933 2674 2990 2714; x_wconf 90' lang='lat' dir='ltr'><strong>et</strong></span> <span class='ocrx_word' id='word_1_533' title='bbox 3020 2662 3171 2715; x_wconf 85' lang='lat' dir='ltr'><strong>velut</strong></span> <span class='ocrx_word' id='word_1_534' title='bbox 3203 2663 3442 2716; x_wconf 89' lang='lat' dir='ltr'><strong>orationi</strong></span> <span class='ocrx_word' id='word_1_535' title='bbox 3482 2681 3577 2717; x_wconf 65' lang='lat' dir='ltr'><strong>va-</strong></span> 
     </span>
    </p>
   </div>
   <div class='ocr_carea' id='block_1_72' title="bbox 1993 2748 3568 2825">
    <p class='ocr_par' dir='ltr' id='par_1_72' title="bbox 1993 2748 3568 2825">
     <span class='ocr_line' id='line_1_73' title="bbox 1993 2748 3568 2825; baseline 0.01 -27"><span class='ocrx_word' id='word_1_536' title='bbox 1993 2750 2219 2800; x_wconf 86' lang='lat' dir='ltr'><strong>caturus</strong></span> <span class='ocrx_word' id='word_1_537' title='bbox 2254 2748 2520 2815; x_wconf 88' lang='lat' dir='ltr'><strong>templum</strong></span> <span class='ocrx_word' id='word_1_538' title='bbox 2554 2749 2714 2815; x_wconf 89' lang='lat' dir='ltr'><strong>adiit,</strong></span> <span class='ocrx_word' id='word_1_539' title='bbox 2750 2755 2894 2820; x_wconf 82' lang='lat' dir='ltr'><strong>quod</strong></span> <span class='ocrx_word' id='word_1_540' title='bbox 2937 2757 3285 2821; x_wconf 74' lang='lat' dir='ltr'><strong>imperatoris</strong></span> <span class='ocrx_word' id='word_1_541' title='bbox 3316 2766 3476 2825; x_wconf 81' lang='lat' dir='ltr'><strong>pater</strong></span> <span class='ocrx_word' id='word_1_542' title='bbox 3513 2758 3568 2813; x_wconf 86' lang='lat' dir='ltr'><strong>io</strong></span> 
     </span>
    </p>
   </div>
   <div class='ocr_carea' id='block_1_73' title="bbox 1992 2834 3569 2916">
    <p class='ocr_par' dir='ltr' id='par_1_73' title="bbox 1992 2834 3569 2916">
     <span class='ocr_line' id='line_1_74' title="bbox 1992 2834 3569 2916; baseline 0.011 -27"><span class='ocrx_word' id='word_1_543' title='bbox 1992 2834 2222 2892; x_wconf 76' lang='lat' dir='ltr'><strong>Joannis</strong></span> <span class='ocrx_word' id='word_1_544' title='bbox 2268 2838 2525 2907; x_wconf 69' lang='lat' dir='ltr'><strong>Baptista:</strong></span> <span class='ocrx_word' id='word_1_545' title='bbox 2557 2841 2824 2897; x_wconf 87' lang='lat' dir='ltr'><strong>honorem</strong></span> <span class='ocrx_word' id='word_1_546' title='bbox 2866 2845 2918 2898; x_wconf 88' lang='lat' dir='ltr'><strong>in</strong></span> <span class='ocrx_word' id='word_1_547' title='bbox 2957 2848 3206 2916; x_wconf 84' lang='lat' dir='ltr'><strong>Septimo</strong></span> <span class='ocrx_word' id='word_1_548' title='bbox 3237 2856 3569 2907; x_wconf 74' lang='lat' dir='ltr'><strong>construxit.</strong></span> 
     </span>
    </p>
   </div>
   <div class='ocr_carea' id='block_1_74' title="bbox 1992 2926 3568 3011">
    <p class='ocr_par' dir='ltr' id='par_1_74' title="bbox 1992 2926 3568 3011">
     <span class='ocr_line' id='line_1_75' title="bbox 1992 2926 3568 3011; baseline 0.011 -30"><span class='ocrx_word' id='word_1_549' title='bbox 1992 2926 2139 2983; x_wconf 74' lang='lat' dir='ltr'><strong>Exiit</strong></span> <span class='ocrx_word' id='word_1_550' title='bbox 2173 2940 2357 2987; x_wconf 85' lang='lat' dir='ltr'><strong>autem</strong></span> <span class='ocrx_word' id='word_1_551' title='bbox 2378 2947 2501 2989; x_wconf 89' lang='lat' dir='ltr'><strong>cum</strong></span> <span class='ocrx_word' id='word_1_552' title='bbox 2528 2949 2596 2988; x_wconf 91' lang='lat' dir='ltr'><strong>co</strong></span> <span class='ocrx_word' id='word_1_553' title='bbox 2619 2951 2814 3009; x_wconf 71' lang='lat' dir='ltr'><strong>inagna</strong></span> <span class='ocrx_word' id='word_1_554' title='bbox 2842 2938 3211 2994; x_wconf 84' lang='lat' dir='ltr'><strong>Barbarorum</strong></span> <span class='ocrx_word' id='word_1_555' title='bbox 3244 2945 3568 3011; x_wconf 84' lang='lat' dir='ltr'><strong>multitudo,</strong></span> 
     </span>
    </p>
   </div>
   <div class='ocr_carea' id='block_1_75' title="bbox 1992 3022 3565 3104">
    <p class='ocr_par' dir='ltr' id='par_1_75' title="bbox 1992 3022 3565 3104">
     <span class='ocr_line' id='line_1_76' title="bbox 1992 3022 3565 3104; baseline 0.011 -31"><span class='ocrx_word' id='word_1_556' title='bbox 1992 3034 2114 3089; x_wconf 78' lang='lat' dir='ltr'><strong>qua:</strong></span> <span class='ocrx_word' id='word_1_557' title='bbox 2145 3022 2490 3094; x_wconf 83' lang='lat' dir='ltr'><strong>clamsecum</strong></span> <span class='ocrx_word' id='word_1_558' title='bbox 2512 3042 2661 3081; x_wconf 87' lang='lat' dir='ltr'><strong>arma</strong></span> <span class='ocrx_word' id='word_1_559' title='bbox 2687 3042 2741 3083; x_wconf 87' lang='lat' dir='ltr'><strong>ct</strong></span> <span class='ocrx_word' id='word_1_560' title='bbox 2761 3047 2885 3084; x_wconf 77' lang='lat' dir='ltr'><strong>vasa</strong></span> <span class='ocrx_word' id='word_1_561' title='bbox 2914 3032 3100 3088; x_wconf 66' lang='lat' dir='ltr'><strong>lit-tilia</strong></span> <span class='ocrx_word' id='word_1_562' title='bbox 3129 3035 3251 3089; x_wconf 88' lang='lat' dir='ltr'><strong>telis</strong></span> <span class='ocrx_word' id='word_1_563' title='bbox 3272 3040 3565 3104; x_wconf 75' lang='lat' dir='ltr'><strong>completa,</strong></span> 
     </span>
    </p>
   </div>
   <div class='ocr_carea' id='block_1_76' title="bbox 1990 3112 3570 3197">
    <p class='ocr_par' dir='ltr' id='par_1_76' title="bbox 1990 3112 3570 3197">
     <span class='ocr_line' id='line_1_77' title="bbox 1990 3112 3570 3197; baseline 0.011 -31"><span class='ocrx_word' id='word_1_564' title='bbox 1990 3112 2045 3167; x_wconf 89' lang='lat' dir='ltr'><strong>in</strong></span> <span class='ocrx_word' id='word_1_565' title='bbox 2072 3115 2434 3171; x_wconf 89' lang='lat' dir='ltr'><strong>muliebribus</strong></span> <span class='ocrx_word' id='word_1_566' title='bbox 2458 3119 2703 3189; x_wconf 87' lang='lat' dir='ltr'><strong>pilentis,</strong></span> <span class='ocrx_word' id='word_1_567' title='bbox 2725 3134 2780 3176; x_wconf 85' lang='lat' dir='ltr'><strong>et</strong></span> <span class='ocrx_word' id='word_1_568' title='bbox 2808 3134 3067 3191; x_wconf 60' lang='lat' dir='ltr'><strong>pra‘terea</strong></span> <span class='ocrx_word' id='word_1_569' title='bbox 3105 3126 3226 3179; x_wconf 85' lang='lat' dir='ltr'><strong>aliis</strong></span> <span class='ocrx_word' id='word_1_570' title='bbox 3249 3129 3413 3182; x_wconf 86' lang='lat' dir='ltr'><strong>etiam</strong></span> <span class='ocrx_word' id='word_1_571' title='bbox 3434 3145 3570 3197; x_wconf 78' lang='lat' dir='ltr'><strong>quas</strong></span> 
     </span>
    </p>
   </div>
   <div class='ocr_carea' id='block_1_77' title="bbox 1992 3206 3564 3275">
    <p class='ocr_par' dir='ltr' id='par_1_77' title="bbox 1992 3206 3564 3275">
     <span class='ocr_line' id='line_1_78' title="bbox 1992 3206 3564 3275; baseline 0.011 -18"><span class='ocrx_word' id='word_1_572' title='bbox 1992 3206 2294 3260; x_wconf 81' lang='lat' dir='ltr'><strong>machinati</strong></span> <span class='ocrx_word' id='word_1_573' title='bbox 2347 3207 2569 3264; x_wconf 80' lang='lat' dir='ltr'><strong>fuerant</strong></span> <span class='ocrx_word' id='word_1_574' title='bbox 2606 3214 2841 3275; x_wconf 84' lang='lat' dir='ltr'><strong>artibus,</strong></span> <span class='ocrx_word' id='word_1_575' title='bbox 2871 3215 3155 3271; x_wconf 49' lang='lat' dir='ltr'><strong>ell‘erel&#39;at.</strong></span> <span class='ocrx_word' id='word_1_576' title='bbox 3179 3218 3245 3273; x_wconf 86' lang='lat' dir='ltr'><strong>Et</strong></span> <span class='ocrx_word' id='word_1_577' title='bbox 3276 3222 3564 3274; x_wconf 84' lang='lat' dir='ltr'><strong>consilium</strong></span> 
     </span>
    </p>
   </div>
   <div class='ocr_carea' id='block_1_78' title="bbox 1992 3298 3562 3384">
    <p class='ocr_par' dir='ltr' id='par_1_78' title="bbox 1992 3298 3562 3384">
     <span class='ocr_line' id='line_1_79' title="bbox 1992 3298 3562 3384; baseline 0.013 -34"><span class='ocrx_word' id='word_1_578' title='bbox 1992 3298 2204 3354; x_wconf 86' lang='lat' dir='ltr'><strong>bocillc</strong></span> <span class='ocrx_word' id='word_1_579' title='bbox 2226 3302 2279 3354; x_wconf 91' lang='lat' dir='ltr'><strong>in</strong></span> <span class='ocrx_word' id='word_1_580' title='bbox 2303 3303 2678 3361; x_wconf 81' lang='lat' dir='ltr'><strong>Romanorum</strong></span> <span class='ocrx_word' id='word_1_581' title='bbox 2717 3310 2933 3365; x_wconf 87' lang='lat' dir='ltr'><strong>scilicet</strong></span> <span class='ocrx_word' id='word_1_582' title='bbox 2968 3312 3359 3366; x_wconf 86' lang='lat' dir='ltr'><strong>detrimentum</strong></span> <span class='ocrx_word' id='word_1_583' title='bbox 3397 3317 3562 3384; x_wconf 75' lang='lat' dir='ltr'><strong>cupit.</strong></span> 
     </span>
    </p>
   </div>
   <div class='ocr_carea' id='block_1_79' title="bbox 1988 3388 3563 3471">
    <p class='ocr_par' dir='ltr' id='par_1_79' title="bbox 1988 3388 3563 3471">
     <span class='ocr_line' id='line_1_80' title="bbox 1988 3388 3563 3471; baseline 0.012 -29"><span class='ocrx_word' id='word_1_584' title='bbox 1988 3388 2257 3448; x_wconf 67' lang='lat' dir='ltr'><strong>Caeterum</strong></span> <span class='ocrx_word' id='word_1_585' title='bbox 2286 3393 2338 3447; x_wconf 89' lang='lat' dir='ltr'><strong>id</strong></span> <span class='ocrx_word' id='word_1_586' title='bbox 2372 3391 2553 3462; x_wconf 85' lang='lat' dir='ltr'><strong>potius</strong></span> <span class='ocrx_word' id='word_1_587' title='bbox 2577 3398 2812 3468; x_wconf 81' lang='lat' dir='ltr'><strong>imperio</strong></span> <span class='ocrx_word' id='word_1_588' title='bbox 2833 3416 3022 3456; x_wconf 90' lang='lat' dir='ltr'><strong>eorum</strong></span> <span class='ocrx_word' id='word_1_589' title='bbox 3052 3405 3197 3458; x_wconf 90' lang='lat' dir='ltr'><strong>bono</strong></span> <span class='ocrx_word' id='word_1_590' title='bbox 3220 3404 3342 3471; x_wconf 81' lang='lat' dir='ltr'><strong>fuit,</strong></span> <span class='ocrx_word' id='word_1_591' title='bbox 3391 3417 3450 3460; x_wconf 90' lang='lat' dir='ltr'><strong>ut</strong></span> <span class='ocrx_word' id='word_1_592' title='bbox 3487 3409 3563 3463; x_wconf 81' lang='lat' dir='ltr'><strong>rei</strong></span> 
     </span>
    </p>
   </div>
   <div class='ocr_carea' id='block_1_80' title="bbox 1987 3483 3560 3568">
    <p class='ocr_par' dir='ltr' id='par_1_80' title="bbox 1987 3483 3560 3568">
     <span class='ocr_line' id='line_1_81' title="bbox 1987 3483 3560 3568; baseline 0.015 -34"><span class='ocrx_word' id='word_1_593' title='bbox 1987 3483 2172 3537; x_wconf 80' lang='lat' dir='ltr'><strong>exitus</strong></span> <span class='ocrx_word' id='word_1_594' title='bbox 2196 3485 2670 3549; x_wconf 81' lang='lat' dir='ltr'><strong>declaravit.Cum</strong></span> <span class='ocrx_word' id='word_1_595' title='bbox 2697 3509 2934 3564; x_wconf 88' lang='lat' dir='ltr'><strong>namque</strong></span> <span class='ocrx_word' id='word_1_596' title='bbox 2980 3512 3009 3550; x_wconf 92' lang='lat' dir='ltr'><strong>a</strong></span> <span class='ocrx_word' id='word_1_597' title='bbox 3052 3509 3335 3568; x_wconf 76' lang='lat' dir='ltr'><strong>portarum</strong></span> <span class='ocrx_word' id='word_1_598' title='bbox 3369 3513 3560 3556; x_wconf 88' lang='lat' dir='ltr'><strong>custo-</strong></span> 
     </span>
    </p>
   </div>
   <div class='ocr_carea' id='block_1_81' title="bbox 1987 3572 3564 3661">
    <p class='ocr_par' dir='ltr' id='par_1_81' title="bbox 1987 3572 3564 3661">
     <span class='ocr_line' id='line_1_82' title="bbox 1987 3572 3564 3661; baseline 0.016 -34"><span class='ocrx_word' id='word_1_599' title='bbox 1987 3572 2151 3631; x_wconf 90' lang='lat' dir='ltr'><strong>dibus</strong></span> <span class='ocrx_word' id='word_1_600' title='bbox 2176 3592 2327 3633; x_wconf 86' lang='lat' dir='ltr'><strong>arma</strong></span> <span class='ocrx_word' id='word_1_601' title='bbox 2342 3580 2541 3638; x_wconf 81' lang='lat' dir='ltr'><strong>eﬂ&#39;erre</strong></span> <span class='ocrx_word' id='word_1_602' title='bbox 2566 3585 2892 3655; x_wconf 87' lang='lat' dir='ltr'><strong>deprehensi</strong></span> <span class='ocrx_word' id='word_1_603' title='bbox 2919 3600 3127 3657; x_wconf 86' lang='lat' dir='ltr'><strong>essent,</strong></span> <span class='ocrx_word' id='word_1_604' title='bbox 3153 3604 3317 3661; x_wconf 89' lang='lat' dir='ltr'><strong>atque</strong></span> <span class='ocrx_word' id='word_1_605' title='bbox 3340 3611 3402 3650; x_wconf 88' lang='lat' dir='ltr'><strong>ca</strong></span> <span class='ocrx_word' id='word_1_606' title='bbox 3427 3596 3479 3649; x_wconf 90' lang='lat' dir='ltr'><strong>in</strong></span> <span class='ocrx_word' id='word_1_607' title='bbox 3507 3612 3564 3652; x_wconf 84' lang='lat' dir='ltr'><strong>re</strong></span> 
     </span>
    </p>
   </div>
   <div class='ocr_carea' id='block_1_82' title="bbox 1988 3664 3561 3741">
    <p class='ocr_par' dir='ltr' id='par_1_82' title="bbox 1988 3664 3561 3741">
     <span class='ocr_line' id='line_1_83' title="bbox 1988 3664 3561 3741; baseline 0.013 -22"><span class='ocrx_word' id='word_1_608' title='bbox 1988 3664 2401 3735; x_wconf 89' lang='lat' dir='ltr'><strong>inhiberentur,</strong></span> <span class='ocrx_word' id='word_1_609' title='bbox 2420 3672 2617 3741; x_wconf 85' lang='lat' dir='ltr'><strong>gladiis</strong></span> <span class='ocrx_word' id='word_1_610' title='bbox 2640 3675 2720 3729; x_wconf 89' lang='lat' dir='ltr'><strong>illi</strong></span> <span class='ocrx_word' id='word_1_611' title='bbox 2760 3678 2972 3732; x_wconf 76' lang='lat' dir='ltr'><strong>strictis</strong></span> <span class='ocrx_word' id='word_1_612' title='bbox 2990 3680 3340 3737; x_wconf 72' lang='lat' dir='ltr'><strong>excubitores</strong></span> <span class='ocrx_word' id='word_1_613' title='bbox 3360 3685 3561 3739; x_wconf 87' lang='lat' dir='ltr'><strong>intere-</strong></span> 
     </span>
    </p>
   </div>
   <div class='ocr_carea' id='block_1_83' title="bbox 1988 3762 3559 3842">
    <p class='ocr_par' dir='ltr' id='par_1_83' title="bbox 1988 3762 3559 3842">
     <span class='ocr_line' id='line_1_84' title="bbox 1988 3762 3559 3842; baseline 0.015 -34"><span class='ocrx_word' id='word_1_614' title='bbox 1988 3769 2232 3814; x_wconf 85' lang='lat' dir='ltr'><strong>merunt.</strong></span> <span class='ocrx_word' id='word_1_615' title='bbox 2289 3762 2470 3833; x_wconf 86' lang='lat' dir='ltr'><strong>Atque</strong></span> <span class='ocrx_word' id='word_1_616' title='bbox 2531 3766 2646 3831; x_wconf 91' lang='lat' dir='ltr'><strong>ubi,</strong></span> <span class='ocrx_word' id='word_1_617' title='bbox 2706 3771 3173 3837; x_wconf 86' lang='lat' dir='ltr'><strong>quemadmodum</strong></span> <span class='ocrx_word' id='word_1_618' title='bbox 3226 3775 3340 3831; x_wconf 72' lang='lat' dir='ltr'><strong>fieri</strong></span> <span class='ocrx_word' id='word_1_619' title='bbox 3397 3779 3559 3842; x_wconf 82' lang='lat' dir='ltr'><strong>sulci,</strong></span> 
     </span>
    </p>
   </div>
   <div class='ocr_carea' id='block_1_84' title="bbox 1987 3850 3560 3936">
    <p class='ocr_par' dir='ltr' id='par_1_84' title="bbox 1987 3850 3560 3936">
     <span class='ocr_line' id='line_1_85' title="bbox 1987 3850 3560 3936; baseline 0.016 -36"><span class='ocrx_word' id='word_1_620' title='bbox 1987 3850 2172 3919; x_wconf 83' lang='lat' dir='ltr'><strong>gravis</strong></span> <span class='ocrx_word' id='word_1_621' title='bbox 2226 3856 2498 3911; x_wconf 89' lang='lat' dir='ltr'><strong>tumultus</strong></span> <span class='ocrx_word' id='word_1_622' title='bbox 2533 3860 2751 3924; x_wconf 89' lang='lat' dir='ltr'><strong>urbem,</strong></span> <span class='ocrx_word' id='word_1_623' title='bbox 2807 3865 3037 3933; x_wconf 76' lang='lat' dir='ltr'><strong>perinde</strong></span> <span class='ocrx_word' id='word_1_624' title='bbox 3083 3876 3247 3936; x_wconf 87' lang='lat' dir='ltr'><strong>atque</strong></span> <span class='ocrx_word' id='word_1_625' title='bbox 3293 3885 3355 3923; x_wconf 83' lang='lat' dir='ltr'><strong>ea</strong></span> <span class='ocrx_word' id='word_1_626' title='bbox 3408 3871 3560 3925; x_wconf 83' lang='lat' dir='ltr'><strong>illico</strong></span> 
     </span>
    </p>
   </div>
   <div class='ocr_carea' id='block_1_85' title="bbox 1983 3944 3553 4019">
    <p class='ocr_par' dir='ltr' id='par_1_85' title="bbox 1983 3944 3553 4019">
     <span class='ocr_line' id='line_1_86' title="bbox 1983 3944 3553 4019; baseline 0.013 -22"><span class='ocrx_word' id='word_1_627' title='bbox 1983 3944 2101 4012; x_wconf 91' lang='lat' dir='ltr'><strong>capi</strong></span> <span class='ocrx_word' id='word_1_628' title='bbox 2131 3945 2382 4011; x_wconf 84' lang='lat' dir='ltr'><strong>deberet,</strong></span> <span class='ocrx_word' id='word_1_629' title='bbox 2433 3954 2747 4019; x_wconf 74' lang='lat' dir='ltr'><strong>occupavit,</strong></span> <span class='ocrx_word' id='word_1_630' title='bbox 2791 3958 3083 4012; x_wconf 84' lang='lat' dir='ltr'><strong>consilium</strong></span> <span class='ocrx_word' id='word_1_631' title='bbox 3126 3971 3306 4016; x_wconf 83' lang='lat' dir='ltr'><strong>tamen</strong></span> <span class='ocrx_word' id='word_1_632' title='bbox 3347 3963 3553 4018; x_wconf 86' lang='lat' dir='ltr'><strong>bonum</strong></span> 
     </span>
    </p>
   </div>
   <div class='ocr_carea' id='block_1_86' title="bbox 1985 4038 3549 4121">
    <p class='ocr_par' dir='ltr' id='par_1_86' title="bbox 1985 4038 3549 4121">
     <span class='ocr_line' id='line_1_87' title="bbox 1985 4038 3549 4121; baseline 0.016 -35"><span class='ocrx_word' id='word_1_633' title='bbox 1985 4038 2271 4101; x_wconf 66' lang='lat' dir='ltr'><strong>praesentia</strong></span> <span class='ocrx_word' id='word_1_634' title='bbox 2330 4041 2467 4093; x_wconf 89' lang='lat' dir='ltr'><strong>mala</strong></span> <span class='ocrx_word' id='word_1_635' title='bbox 2518 4045 2785 4113; x_wconf 80' lang='lat' dir='ltr'><strong>explicuit</strong></span> <span class='ocrx_word' id='word_1_636' title='bbox 2837 4062 3002 4118; x_wconf 73' lang='lat' dir='ltr'><strong>atque</strong></span> <span class='ocrx_word' id='word_1_637' title='bbox 3056 4058 3362 4121; x_wconf 85' lang='lat' dir='ltr'><strong>superavit.</strong></span> <span class='ocrx_word' id='word_1_638' title='bbox 3414 4057 3549 4111; x_wconf 82' lang='lat' dir='ltr'><strong>Nam</strong></span> 
     </span>
    </p>
   </div>
   <div class='ocr_carea' id='block_1_87' title="bbox 1981 4127 3549 4209">
    <p class='ocr_par' dir='ltr' id='par_1_87' title="bbox 1981 4127 3549 4209">
     <span class='ocr_line' id='line_1_88' title="bbox 1981 4127 3549 4209; baseline 0.014 -30"><span class='ocrx_word' id='word_1_639' title='bbox 1981 4127 2176 4181; x_wconf 84' lang='lat' dir='ltr'><strong>civitas</strong></span> <span class='ocrx_word' id='word_1_640' title='bbox 2211 4132 2386 4198; x_wconf 89' lang='lat' dir='ltr'><strong>portis</strong></span> <span class='ocrx_word' id='word_1_641' title='bbox 2435 4134 2637 4189; x_wconf 84' lang='lat' dir='ltr'><strong>clausis</strong></span> <span class='ocrx_word' id='word_1_642' title='bbox 2672 4146 2834 4207; x_wconf 78' lang='lat' dir='ltr'><strong>atque</strong></span> <span class='ocrx_word' id='word_1_643' title='bbox 2888 4143 3218 4209; x_wconf 80' lang='lat' dir='ltr'><strong>obiirmatis,</strong></span> <span class='ocrx_word' id='word_1_644' title='bbox 3261 4147 3315 4201; x_wconf 91' lang='lat' dir='ltr'><strong>in</strong></span> <span class='ocrx_word' id='word_1_645' title='bbox 3368 4160 3549 4203; x_wconf 90' lang='lat' dir='ltr'><strong>tutum</strong></span> 
     </span>
    </p>
   </div>
   <div class='ocr_carea' id='block_1_88' title="bbox 1982 4217 3551 4302">
    <p class='ocr_par' dir='ltr' id='par_1_88' title="bbox 1982 4217 3551 4302">
     <span class='ocr_line' id='line_1_89' title="bbox 1982 4217 3551 4302; baseline 0.017 -33"><span class='ocrx_word' id='word_1_646' title='bbox 1982 4217 2200 4270; x_wconf 79' lang='lat' dir='ltr'><strong>redacta</strong></span> <span class='ocrx_word' id='word_1_647' title='bbox 2228 4232 2314 4272; x_wconf 87' lang='lat' dir='ltr'><strong>est</strong></span> <span class='ocrx_word' id='word_1_648' title='bbox 2340 4231 2567 4276; x_wconf 90' lang='lat' dir='ltr'><strong>statum.</strong></span> <span class='ocrx_word' id='word_1_649' title='bbox 2601 4226 2662 4279; x_wconf 70' lang='lat' dir='ltr'><strong>Et</strong></span> <span class='ocrx_word' id='word_1_650' title='bbox 2698 4228 3001 4295; x_wconf 67' lang='lat' dir='ltr'><strong>imperator</strong></span> <span class='ocrx_word' id='word_1_651' title='bbox 3026 4235 3299 4302; x_wconf 89' lang='lat' dir='ltr'><strong>optimum</strong></span> <span class='ocrx_word' id='word_1_652' title='bbox 3327 4252 3551 4295; x_wconf 86' lang='lat' dir='ltr'><strong>secutus</strong></span> 
     </span>
    </p>
   </div>
   <div class='ocr_carea' id='block_1_89' title="bbox 1980 4307 3547 4397">
    <p class='ocr_par' dir='ltr' id='par_1_89' title="bbox 1980 4307 3547 4397">
     <span class='ocr_line' id='line_1_90' title="bbox 1980 4307 3547 4397; baseline 0.018 -38"><span class='ocrx_word' id='word_1_653' title='bbox 1980 4309 2291 4374; x_wconf 81' lang='lat' dir='ltr'><strong>consilium,</strong></span> <span class='ocrx_word' id='word_1_654' title='bbox 2322 4313 2619 4379; x_wconf 67' lang='lat' dir='ltr'><strong>publicitus</strong></span> <span class='ocrx_word' id='word_1_655' title='bbox 2653 4318 2879 4375; x_wconf 76' lang='lat' dir='ltr'><strong>Gaiuam</strong></span> <span class='ocrx_word' id='word_1_656' title='bbox 2921 4323 3134 4380; x_wconf 86' lang='lat' dir='ltr'><strong>hostem</strong></span> <span class='ocrx_word' id='word_1_657' title='bbox 3169 4307 3461 4397; x_wconf 79' lang='lat' dir='ltr'><strong>judicavit,</strong></span> <span class='ocrx_word' id='word_1_658' title='bbox 3494 4346 3547 4387; x_wconf 88' lang='lat' dir='ltr'><strong>et</strong></span> 
     </span>
    </p>
   </div>
   <div class='ocr_carea' id='block_1_90' title="bbox 1978 4400 3549 4481">
    <p class='ocr_par' dir='ltr' id='par_1_90' title="bbox 1978 4400 3549 4481">
     <span class='ocr_line' id='line_1_91' title="bbox 1978 4400 3549 4481; baseline 0.019 -31"><span class='ocrx_word' id='word_1_659' title='bbox 1978 4400 2071 4467; x_wconf 90' lang='lat' dir='ltr'><strong>qui</strong></span> <span class='ocrx_word' id='word_1_660' title='bbox 2121 4402 2316 4471; x_wconf 88' lang='lat' dir='ltr'><strong>reliqui</strong></span> <span class='ocrx_word' id='word_1_661' title='bbox 2370 4406 2423 4460; x_wconf 85' lang='lat' dir='ltr'><strong>in</strong></span> <span class='ocrx_word' id='word_1_662' title='bbox 2478 4408 2613 4461; x_wconf 83' lang='lat' dir='ltr'><strong>urbe</strong></span> <span class='ocrx_word' id='word_1_663' title='bbox 2655 4425 2811 4466; x_wconf 85' lang='lat' dir='ltr'><strong>erant</strong></span> <span class='ocrx_word' id='word_1_664' title='bbox 2852 4414 3121 4474; x_wconf 86' lang='lat' dir='ltr'><strong>Barbaros</strong></span> <span class='ocrx_word' id='word_1_665' title='bbox 3158 4424 3301 4477; x_wconf 87' lang='lat' dir='ltr'><strong>intra</strong></span> <span class='ocrx_word' id='word_1_666' title='bbox 3362 4442 3549 4481; x_wconf 81' lang='lat' dir='ltr'><strong>muros</strong></span> 
     </span>
    </p>
   </div>
   <div class='ocr_carea' id='block_1_91' title="bbox 1977 4492 3545 4585">
    <p class='ocr_par' dir='ltr' id='par_1_91' title="bbox 1977 4492 3545 4585">
     <span class='ocr_line' id='line_1_92' title="bbox 1977 4492 3545 4585; baseline 0.019 -41"><span class='ocrx_word' id='word_1_667' title='bbox 1977 4492 2153 4547; x_wconf 91' lang='lat' dir='ltr'><strong>occidi</strong></span> <span class='ocrx_word' id='word_1_668' title='bbox 2200 4495 2385 4561; x_wconf 87' lang='lat' dir='ltr'><strong>jussit.</strong></span> <span class='ocrx_word' id='word_1_669' title='bbox 2430 4498 2779 4572; x_wconf 82' lang='lat' dir='ltr'><strong>Quapropter</strong></span> <span class='ocrx_word' id='word_1_670' title='bbox 2828 4510 3034 4566; x_wconf 89' lang='lat' dir='ltr'><strong>milites</strong></span> <span class='ocrx_word' id='word_1_671' title='bbox 3080 4517 3294 4585; x_wconf 79' lang='lat' dir='ltr'><strong>magnis</strong></span> <span class='ocrx_word' id='word_1_672' title='bbox 3343 4522 3545 4574; x_wconf 79' lang='lat' dir='ltr'><strong>animis</strong></span> 
     </span>
    </p>
   </div>
   <div class='ocr_carea' id='block_1_92' title="bbox 295 4546 1972 4678">
    <p class='ocr_par' dir='ltr' id='par_1_92' title="bbox 295 4546 1945 4678">
     <span class='ocr_line' id='line_1_93' title="bbox 295 4546 1945 4643; baseline 0.018 -49"><span class='ocrx_word' id='word_1_673' title='bbox 295 4561 413 4595; x_wconf 87' lang='grc' dir='ltr'><strong>σιον</strong></span> <span class='ocrx_word' id='word_1_674' title='bbox 464 4546 801 4617; x_wconf 78' lang='grc' dir='ltr'><strong>ἀποθέμενος</strong></span> <span class='ocrx_word' id='word_1_675' title='bbox 829 4551 1083 4621; x_wconf 83' lang='grc' dir='ltr'><strong>δαίμονα,</strong></span> <span class='ocrx_word' id='word_1_676' title='bbox 1115 4560 1212 4612; x_wconf 75' lang='grc' dir='ltr'><strong>καὶ</strong></span> <span class='ocrx_word' id='word_1_677' title='bbox 1269 4561 1343 4631; x_wconf 83' lang='grc' dir='ltr'><strong>μὴ</strong></span> <span class='ocrx_word' id='word_1_678' title='bbox 1380 4564 1475 4629; x_wconf 84' lang='grc' dir='ltr'><strong>τοῦ</strong></span> <span class='ocrx_word' id='word_1_679' title='bbox 1506 4567 1699 4623; x_wconf 84' lang='grc' dir='ltr'><strong>λοιποῦ</strong></span> <span class='ocrx_word' id='word_1_680' title='bbox 1734 4577 1945 4643; x_wconf 53' lang='grc' dir='ltr'><strong>προ-,Β</strong></span> 
     </span>
     <span class='ocr_line' id='line_1_94' title="bbox 295 4638 1855 4678; baseline 0 0"><span class='ocrx_word' id='word_1_681' title='bbox 295 4638 493 4678; x_wconf 70' lang='grc' dir='ltr'><strong>νιηηεῖυ</strong></span> <span class='ocrx_word' id='word_1_682' title='bbox 544 4641 644 4678; x_wconf 65' lang='grc' dir='ltr'><strong>τὰ·</strong></span> <span class='ocrx_word' id='word_1_683' title='bbox 688 4643 907 4678; x_wconf 55' lang='lat' dir='ltr'><strong>Anim-n-</strong></span> <span class='ocrx_word' id='word_1_684' title='bbox 955 4648 1104 4678; x_wconf 54' lang='grc' dir='ltr'><strong>..ι-’.ηδ</strong></span> <span class='ocrx_word' id='word_1_685' title='bbox 1177 4651 1312 4678; x_wconf 72' lang='grc' dir='ltr'><strong>ι---</strong></span> <span class='ocrx_word' id='word_1_686' title='bbox 1358 4656 1529 4678; x_wconf 39' lang='grc' dir='ltr'><strong>μηςιη.</strong></span> <span class='ocrx_word' id='word_1_687' title='bbox 1707 4665 1718 4678; x_wconf 84' lang='grc'>.</span> <span class='ocrx_word' id='word_1_688' title='bbox 1783 4667 1805 4678; x_wconf 76' lang='grc'><strong>-</strong></span> <span class='ocrx_word' id='word_1_689' title='bbox 1846 4669 1855 4678; x_wconf 85' lang='grc'><strong>.</strong></span> 
     </span>
    </p>
   </div>
   <div class='ocr_carea' id='block_1_93' title="bbox 1865 4546 3542 4678">
    <p class='ocr_par' dir='ltr' id='par_1_93' title="bbox 1865 4546 3542 4678">
     <span class='ocr_line' id='line_1_95' title="bbox 2200 4546 3542 4585; baseline 0.02 -38"><span class='ocrx_word' id='word_1_690' title='bbox 2200 4546 2385 4561; x_wconf 35' lang='lat' dir='ltr'><strong>&#39;_e-__-</strong></span> <span class='ocrx_word' id='word_1_691' title='bbox 2437 4546 2768 4572; x_wconf 61' lang='grc' dir='ltr'><strong>,ι-..νηἹν-υ.</strong></span> <span class='ocrx_word' id='word_1_692' title='bbox 2828 4546 3034 4566; x_wconf 51' lang='lat' dir='ltr'><strong>&quot;unum,</strong></span> <span class='ocrx_word' id='word_1_693' title='bbox 3080 4546 3294 4585; x_wconf 57' lang='grc' dir='ltr'><strong>ηιαῦιιιθ</strong></span> <span class='ocrx_word' id='word_1_694' title='bbox 3343 4546 3542 4574; x_wconf 62' lang='grc' dir='ltr'><strong>δΙΙΗΙΗδ</strong></span> 
     </span>
     <span class='ocr_line' id='line_1_96' title="bbox 1865 4577 3542 4678; baseline 0.016 -41"><span class='ocrx_word' id='word_1_695' title='bbox 1865 4577 2097 4640; x_wconf 62' lang='grc' dir='ltr'><strong>ιῦἰηοε</strong></span> <span class='ocrx_word' id='word_1_696' title='bbox 2148 4590 2411 4657; x_wconf 83' lang='lat' dir='ltr'><strong>aggressi,</strong></span> <span class='ocrx_word' id='word_1_697' title='bbox 2460 4594 2728 4661; x_wconf 82' lang='lat' dir='ltr'><strong>plurimos</strong></span> <span class='ocrx_word' id='word_1_698' title='bbox 2778 4603 2921 4666; x_wconf 72' lang='lat' dir='ltr'><strong>apud</strong></span> <span class='ocrx_word' id='word_1_699' title='bbox 2982 4620 3102 4658; x_wconf 84' lang='lat' dir='ltr'><strong>eam</strong></span> <span class='ocrx_word' id='word_1_700' title='bbox 3163 4624 3285 4678; x_wconf 68' lang='lat' dir='ltr'><strong>qua:</strong></span> <span class='ocrx_word' id='word_1_701' title='bbox 3338 4612 3542 4665; x_wconf 70' lang='lat' dir='ltr'><strong>dicitur</strong></span> 
     </span>
    </p>
   </div>
   <div class='ocr_carea' id='block_1_94' title="bbox 291 4638 1867 4723">
    <p class='ocr_par' dir='ltr' id='par_1_94' title="bbox 291 4638 1867 4723">
     <span class='ocr_line' id='line_1_97' title="bbox 291 4638 1867 4723; baseline 0.022 -37"><span class='ocrx_word' id='word_1_702' title='bbox 291 4638 493 4705; x_wconf 84' lang='grc' dir='ltr'><strong>χωρεῖν</strong></span> <span class='ocrx_word' id='word_1_703' title='bbox 544 4641 644 4701; x_wconf 89' lang='grc' dir='ltr'><strong>τάς</strong></span> <span class='ocrx_word' id='word_1_704' title='bbox 687 4643 907 4707; x_wconf 78' lang='grc' dir='ltr'><strong>ἀπάτας</strong></span> <span class='ocrx_word' id='word_1_705' title='bbox 955 4648 1127 4721; x_wconf 80' lang='grc' dir='ltr'><strong>αὐτῷ,</strong></span> <span class='ocrx_word' id='word_1_706' title='bbox 1174 4651 1312 4721; x_wconf 83' lang='grc' dir='ltr'><strong>ἀρας</strong></span> <span class='ocrx_word' id='word_1_707' title='bbox 1356 4656 1591 4723; x_wconf 81' lang='grc' dir='ltr'><strong>ἐκεῖθεν,</strong></span> <span class='ocrx_word' id='word_1_708' title='bbox 1633 4665 1729 4717; x_wconf 74' lang='grc' dir='ltr'><strong>καὶ</strong></span> <span class='ocrx_word' id='word_1_709' title='bbox 1779 4638 1867 4719; x_wconf 72' lang='grc' dir='ltr'><strong>διὰ</strong></span> 
     </span>
    </p>
   </div>
   <div class='ocr_carea' id='block_1_95' title="bbox 292 4729 1867 4818">
    <p class='ocr_par' dir='ltr' id='par_1_95' title="bbox 292 4729 1867 4818">
     <span class='ocr_line' id='line_1_98' title="bbox 292 4729 1867 4818; baseline 0.02 -40"><span class='ocrx_word' id='word_1_710' title='bbox 292 4729 516 4798; x_wconf 73' lang='grc' dir='ltr'><strong>υρᾲκης</strong></span> <span class='ocrx_word' id='word_1_711' title='bbox 566 4731 789 4801; x_wconf 81' lang='grc' dir='ltr'><strong>ἐλάσας,</strong></span> <span class='ocrx_word' id='word_1_712' title='bbox 812 4730 950 4806; x_wconf 83' lang='grc' dir='ltr'><strong>ἦκεν</strong></span> <span class='ocrx_word' id='word_1_713' title='bbox 1002 4740 1083 4801; x_wconf 87' lang='grc' dir='ltr'><strong>εἰς</strong></span> <span class='ocrx_word' id='word_1_714' title='bbox 1111 4732 1211 4810; x_wconf 81' lang='grc' dir='ltr'><strong>τὴν</strong></span> <span class='ocrx_word' id='word_1_715' title='bbox 1257 4743 1629 4818; x_wconf 71' lang='grc' dir='ltr'><strong>Χερρόνησον,</strong></span> <span class='ocrx_word' id='word_1_716' title='bbox 1660 4755 1867 4809; x_wconf 82' lang='grc' dir='ltr'><strong>ἐκεῖθεν</strong></span> 
     </span>
    </p>
   </div>
   <div class='ocr_carea' id='block_1_96' title="bbox 292 4822 1867 4912">
    <p class='ocr_par' dir='ltr' id='par_1_96' title="bbox 292 4822 1867 4912">
     <span class='ocr_line' id='line_1_99' title="bbox 292 4822 1867 4912; baseline 0.02 -43"><span class='ocrx_word' id='word_1_717' title='bbox 292 4822 373 4881; x_wconf 75' lang='grc' dir='ltr'><strong>είς</strong></span> <span class='ocrx_word' id='word_1_718' title='bbox 400 4822 474 4874; x_wconf 78' lang='grc' dir='ltr'><strong>ἕω</strong></span> <span class='ocrx_word' id='word_1_719' title='bbox 518 4826 893 4895; x_wconf 80' lang='grc' dir='ltr'><strong>περαιωθῆναι</strong></span> <span class='ocrx_word' id='word_1_720' title='bbox 936 4829 1342 4902; x_wconf 87' lang='grc' dir='ltr'><strong>διανοούμενος.</strong></span> <span class='ocrx_word' id='word_1_721' title='bbox 1371 4838 1533 4907; x_wconf 83' lang='grc' dir='ltr'><strong>’ῼετο</strong></span> <span class='ocrx_word' id='word_1_722' title='bbox 1578 4844 1686 4912; x_wconf 86' lang='grc' dir='ltr'><strong>γὰρ</strong></span> <span class='ocrx_word' id='word_1_723' title='bbox 1717 4847 1791 4907; x_wconf 81' lang='grc' dir='ltr'><strong>ὡς</strong></span> <span class='ocrx_word' id='word_1_724' title='bbox 1819 4851 1867 4901; x_wconf 76' lang='grc' dir='ltr'><strong>εἰ</strong></span> 
     </span>
    </p>
   </div>
   <div class='ocr_carea' id='block_1_97' title="bbox 289 4914 1868 5004">
    <p class='ocr_par' dir='ltr' id='par_1_97' title="bbox 289 4914 1868 5004">
     <span class='ocr_line' id='line_1_100' title="bbox 289 4914 1868 5004; baseline 0.018 -42"><span class='ocrx_word' id='word_1_725' title='bbox 289 4915 391 4974; x_wconf 72' lang='grc' dir='ltr'><strong>τὰς</strong></span> <span class='ocrx_word' id='word_1_726' title='bbox 431 4916 490 4965; x_wconf 87' lang='grc' dir='ltr'><strong>ἐν</strong></span> <span class='ocrx_word' id='word_1_727' title='bbox 532 4914 688 4986; x_wconf 68' lang='grc' dir='ltr'><strong>Ἀσία</strong></span> <span class='ocrx_word' id='word_1_728' title='bbox 747 4919 934 4983; x_wconf 83' lang='grc' dir='ltr'><strong>πόλεις</strong></span> <span class='ocrx_word' id='word_1_729' title='bbox 973 4925 1323 4993; x_wconf 86' lang='grc' dir='ltr'><strong>χειρώσαιτο,</strong></span> <span class='ocrx_word' id='word_1_730' title='bbox 1358 4931 1560 5001; x_wconf 76' lang='grc' dir='ltr'><strong>ῥᾳδίως</strong></span> <span class='ocrx_word' id='word_1_731' title='bbox 1591 4935 1740 5004; x_wconf 82' lang='grc' dir='ltr'><strong>αὐτῷ</strong></span> <span class='ocrx_word' id='word_1_732' title='bbox 1773 4940 1868 4991; x_wconf 76' lang='grc' dir='ltr'><strong>καὶ</strong></span> 
     </span>
    </p>
   </div>
   <div class='ocr_carea' id='block_1_98' title="bbox 290 5008 1865 5097">
    <p class='ocr_par' dir='ltr' id='par_1_98' title="bbox 290 5008 1865 5097">
     <span class='ocr_line' id='line_1_101' title="bbox 290 5008 1865 5097; baseline 0.018 -41"><span class='ocrx_word' id='word_1_733' title='bbox 290 5009 361 5056; x_wconf 69' lang='grc' dir='ltr'><strong>τὰ</strong></span> <span class='ocrx_word' id='word_1_734' title='bbox 388 5008 710 5079; x_wconf 82' lang='grc' dir='ltr'><strong>περικύκλῳ</strong></span> <span class='ocrx_word' id='word_1_735' title='bbox 740 5010 868 5083; x_wconf 82' lang='grc' dir='ltr'><strong>ἔθνη</strong></span> <span class='ocrx_word' id='word_1_736' title='bbox 893 5014 1181 5087; x_wconf 84' lang='grc' dir='ltr'><strong>ὑποχείρια</strong></span> <span class='ocrx_word' id='word_1_737' title='bbox 1208 5021 1440 5087; x_wconf 87' lang='grc' dir='ltr'><strong>γένοιτο.</strong></span> <span class='ocrx_word' id='word_1_738' title='bbox 1467 5027 1577 5079; x_wconf 77' lang='grc' dir='ltr'><strong>Καὶ</strong></span> <span class='ocrx_word' id='word_1_739' title='bbox 1611 5030 1640 5080; x_wconf 87' lang='grc' dir='ltr'><strong>ό</strong></span> <span class='ocrx_word' id='word_1_740' title='bbox 1673 5031 1772 5097; x_wconf 84' lang='grc' dir='ltr'><strong>μὲν</strong></span> <span class='ocrx_word' id='word_1_741' title='bbox 1806 5034 1865 5087; x_wconf 84' lang='grc' dir='ltr'><strong>ἐν</strong></span> 
     </span>
    </p>
   </div>
   <div class='ocr_carea' id='block_1_99' title="bbox 296 5099 1862 5199">
    <p class='ocr_par' dir='ltr' id='par_1_99' title="bbox 296 5099 1862 5199">
     <span class='ocr_line' id='line_1_102' title="bbox 296 5099 1862 5199; baseline 0.018 -48"><span class='ocrx_word' id='word_1_742' title='bbox 296 5100 511 5164; x_wconf 73' lang='grc' dir='ltr'><strong>τούτοις</strong></span> <span class='ocrx_word' id='word_1_743' title='bbox 544 5099 612 5174; x_wconf 77' lang='grc' dir='ltr'><strong>ἦν</strong></span> <span class='ocrx_word' id='word_1_744' title='bbox 638 5119 653 5135; x_wconf 80' lang='lat'><strong><em>°</em></strong></span> <span class='ocrx_word' id='word_1_745' title='bbox 678 5107 707 5158; x_wconf 84' lang='grc' dir='ltr'><strong>ό</strong></span> <span class='ocrx_word' id='word_1_746' title='bbox 724 5106 780 5159; x_wconf 76' lang='grc' dir='ltr'><strong>δὲ</strong></span> <span class='ocrx_word' id='word_1_747' title='bbox 810 5107 1068 5176; x_wconf 84' lang='grc' dir='ltr'><strong>βασιλεὺς</strong></span> <span class='ocrx_word' id='word_1_748' title='bbox 1096 5114 1354 5183; x_wconf 82' lang='grc' dir='ltr'><strong>πρέσϐεις</strong></span> <span class='ocrx_word' id='word_1_749' title='bbox 1374 5118 1618 5188; x_wconf 75' lang='grc' dir='ltr'><strong>πέμπειν</strong></span> <span class='ocrx_word' id='word_1_750' title='bbox 1643 5126 1830 5199; x_wconf 70' lang='grc' dir='ltr'><strong>ᾑρεῖτο</strong></span> <span class='ocrx_word' id='word_1_751' title='bbox 1847 5142 1862 5157; x_wconf 87' lang='grc'><strong>·</strong></span> 
     </span>
    </p>
   </div>
   <div class='ocr_carea' id='block_1_100' title="bbox 291 5195 1861 5285">
    <p class='ocr_par' dir='ltr' id='par_1_100' title="bbox 291 5195 1861 5285">
     <span class='ocr_line' id='line_1_103' title="bbox 291 5195 1861 5285; baseline 0.017 -40"><span class='ocrx_word' id='word_1_752' title='bbox 291 5195 473 5259; x_wconf 68' lang='grc' dir='ltr'><strong>οὖδεὶς</strong></span> <span class='ocrx_word' id='word_1_753' title='bbox 494 5197 541 5249; x_wconf 85' lang='grc' dir='ltr'><strong>δ’</strong></span> <span class='ocrx_word' id='word_1_754' title='bbox 569 5198 774 5270; x_wconf 77' lang='grc' dir='ltr'><strong>ἐτόλμα</strong></span> <span class='ocrx_word' id='word_1_755' title='bbox 793 5201 892 5271; x_wconf 79' lang='grc' dir='ltr'><strong>τὴν</strong></span> <span class='ocrx_word' id='word_1_756' title='bbox 933 5205 1234 5272; x_wconf 85' lang='grc' dir='ltr'><strong>πρεσϐείαν</strong></span> <span class='ocrx_word' id='word_1_757' title='bbox 1258 5224 1271 5239; x_wconf 85' lang='lat'><strong><em>°</em></strong></span> <span class='ocrx_word' id='word_1_758' title='bbox 1303 5210 1364 5261; x_wconf 87' lang='grc' dir='ltr'><strong>τὸ</strong></span> <span class='ocrx_word' id='word_1_759' title='bbox 1384 5212 1493 5282; x_wconf 82' lang='grc' dir='ltr'><strong>γὰρ</strong></span> <span class='ocrx_word' id='word_1_760' title='bbox 1523 5214 1621 5285; x_wconf 84' lang='grc' dir='ltr'><strong>τῆς</strong></span> <span class='ocrx_word' id='word_1_761' title='bbox 1650 5195 1861 5271; x_wconf 80' lang='grc' dir='ltr'><strong>ἐκείνου</strong></span> 
     </span>
    </p>
   </div>
   <div class='ocr_carea' id='block_1_101' title="bbox 294 5287 1863 5375">
    <p class='ocr_par' dir='ltr' id='par_1_101' title="bbox 294 5287 1863 5375">
     <span class='ocr_line' id='line_1_104' title="bbox 294 5287 1863 5375; baseline 0.018 -38"><span class='ocrx_word' id='word_1_762' title='bbox 294 5287 524 5358; x_wconf 82' lang='grc' dir='ltr'><strong>γνώμης</strong></span> <span class='ocrx_word' id='word_1_763' title='bbox 552 5289 703 5359; x_wconf 80' lang='grc' dir='ltr'><strong>ὠμὸν</strong></span> <span class='ocrx_word' id='word_1_764' title='bbox 734 5292 1013 5348; x_wconf 80' lang='grc' dir='ltr'><strong>ὑπείδοντο</strong></span> <span class='ocrx_word' id='word_1_765' title='bbox 1045 5297 1296 5363; x_wconf 73' lang='grc' dir='ltr'><strong>ἕκαστος.</strong></span> <span class='ocrx_word' id='word_1_766' title='bbox 1334 5302 1602 5366; x_wconf 81' lang='grc' dir='ltr'><strong>Λιπόντες</strong></span> <span class='ocrx_word' id='word_1_767' title='bbox 1634 5308 1691 5369; x_wconf 74' lang='grc' dir='ltr'><strong>δὲ</strong></span> <span class='ocrx_word' id='word_1_768' title='bbox 1736 5312 1863 5375; x_wconf 87' lang='grc' dir='ltr'><strong>τοὺς</strong></span> 
     </span>
    </p>
   </div>
   <div class='ocr_carea' id='block_1_102' title="bbox 288 5381 1859 5466">
    <p class='ocr_par' dir='ltr' id='par_1_102' title="bbox 288 5381 1859 5466">
     <span class='ocr_line' id='line_1_105' title="bbox 288 5381 1859 5466; baseline 0.017 -35"><span class='ocrx_word' id='word_1_769' title='bbox 288 5381 641 5444; x_wconf 53' lang='grc' dir='ltr'><strong>ἄλλουςμὲπ).</strong></span> <span class='ocrx_word' id='word_1_770' title='bbox 684 5385 779 5438; x_wconf 86' lang='grc' dir='ltr'><strong>τὸν</strong></span> <span class='ocrx_word' id='word_1_771' title='bbox 822 5387 1084 5454; x_wconf 88' lang='grc' dir='ltr'><strong>μέγιστον</strong></span> <span class='ocrx_word' id='word_1_772' title='bbox 1142 5390 1369 5445; x_wconf 80' lang='grc' dir='ltr'><strong>ἔϐλεπον</strong></span> <span class='ocrx_word' id='word_1_773' title='bbox 1421 5395 1670 5466; x_wconf 86' lang='grc' dir='ltr'><strong>ἀριστέα.</strong></span> <span class='ocrx_word' id='word_1_774' title='bbox 1711 5400 1771 5453; x_wconf 87' lang='lat'><strong>&#39;0</strong></span> <span class='ocrx_word' id='word_1_775' title='bbox 1803 5404 1859 5456; x_wconf 81' lang='grc' dir='ltr'><strong>δέ</strong></span> 
     </span>
    </p>
   </div>
   <div class='ocr_carea' id='block_1_103' title="bbox 289 5476 1854 5565">
    <p class='ocr_par' dir='ltr' id='par_1_103' title="bbox 289 5476 1854 5565">
     <span class='ocr_line' id='line_1_106' title="bbox 289 5476 1854 5565; baseline 0.018 -44"><span class='ocrx_word' id='word_1_776' title='bbox 289 5476 366 5536; x_wconf 80' lang='grc' dir='ltr'><strong>μὴ</strong></span> <span class='ocrx_word' id='word_1_777' title='bbox 399 5476 497 5543; x_wconf 70' lang='grc' dir='ltr'><strong>τὴν</strong></span> <span class='ocrx_word' id='word_1_778' title='bbox 526 5478 910 5548; x_wconf 79' lang='grc' dir='ltr'><strong>γεγενημένην</strong></span> <span class='ocrx_word' id='word_1_779' title='bbox 946 5481 1132 5546; x_wconf 76' lang='grc' dir='ltr'><strong>δείσας</strong></span> <span class='ocrx_word' id='word_1_780' title='bbox 1180 5484 1447 5557; x_wconf 76' lang='grc' dir='ltr'><strong>διαφορὰν</strong></span> <span class='ocrx_word' id='word_1_781' title='bbox 1495 5493 1601 5560; x_wconf 79' lang='grc' dir='ltr'><strong>πρὸ</strong></span> <span class='ocrx_word' id='word_1_782' title='bbox 1634 5496 1854 5565; x_wconf 80' lang='grc' dir='ltr'><strong>μικροῦ,</strong></span> 
     </span>
    </p>
   </div>
   <div class='ocr_carea' id='block_1_104' title="bbox 287 5566 1852 5657">
    <p class='ocr_par' dir='ltr' id='par_1_104' title="bbox 287 5566 1852 5657">
     <span class='ocr_line' id='line_1_107' title="bbox 287 5566 1852 5657; baseline 0.015 -38"><span class='ocrx_word' id='word_1_783' title='bbox 287 5566 521 5633; x_wconf 75' lang='grc' dir='ltr'><strong>πρέσϐις</strong></span> <span class='ocrx_word' id='word_1_784' title='bbox 560 5568 761 5625; x_wconf 83' lang='grc' dir='ltr'><strong>αὐτίκα</strong></span> <span class='ocrx_word' id='word_1_785' title='bbox 802 5573 893 5625; x_wconf 76' lang='grc' dir='ltr'><strong>ἐπὶ</strong></span> <span class='ocrx_word' id='word_1_786' title='bbox 932 5576 1157 5646; x_wconf 79' lang='grc' dir='ltr'><strong>Θρᾴκης</strong></span> <span class='ocrx_word' id='word_1_787' title='bbox 1200 5580 1279 5647; x_wconf 87' lang='grc' dir='ltr'><strong>τῷ</strong></span> <span class='ocrx_word' id='word_1_788' title='bbox 1326 5580 1588 5654; x_wconf 77' lang='grc' dir='ltr'><strong>βαρϐάρῳ</strong></span> <span class='ocrx_word' id='word_1_789' title='bbox 1634 5587 1852 5657; x_wconf 84' lang='grc' dir='ltr'><strong>ἐχώρει.</strong></span> 
     </span>
    </p>
   </div>
   <div class='ocr_carea' id='block_1_105' title="bbox 285 5656 1854 5751">
    <p class='ocr_par' dir='ltr' id='par_1_105' title="bbox 285 5656 1854 5751">
     <span class='ocr_line' id='line_1_108' title="bbox 285 5656 1854 5751; baseline 0.017 -42"><span class='ocrx_word' id='word_1_790' title='bbox 285 5656 486 5721; x_wconf 73' lang='grc' dir='ltr'><strong>Ραῖνὶς</strong></span> <span class='ocrx_word' id='word_1_791' title='bbox 515 5658 574 5712; x_wconf 72' lang='grc' dir='ltr'><strong>δὲ</strong></span> <span class='ocrx_word' id='word_1_792' title='bbox 602 5661 694 5713; x_wconf 78' lang='grc' dir='ltr'><strong>τὸν</strong></span> <span class='ocrx_word' id='word_1_793' title='bbox 719 5666 951 5731; x_wconf 74' lang='grc' dir='ltr'><strong>πρέσϐιν</strong></span> <span class='ocrx_word' id='word_1_794' title='bbox 973 5668 1120 5730; x_wconf 82' lang='grc' dir='ltr'><strong>ὅστις</strong></span> <span class='ocrx_word' id='word_1_795' title='bbox 1155 5671 1240 5739; x_wconf 85' lang='grc' dir='ltr'><strong>εῐη</strong></span> <span class='ocrx_word' id='word_1_796' title='bbox 1274 5671 1608 5742; x_wconf 84' lang='grc' dir='ltr'><strong>διεγνωκὼς,</strong></span> <span class='ocrx_word' id='word_1_797' title='bbox 1635 5681 1731 5732; x_wconf 77' lang='grc' dir='ltr'><strong>καὶ</strong></span> <span class='ocrx_word' id='word_1_798' title='bbox 1752 5656 1854 5751; x_wconf 77' lang='grc' dir='ltr'><strong>τὴν</strong></span> 
     </span>
    </p>
   </div>
   <div class='ocr_carea' id='block_1_106' title="bbox 283 5750 1852 5845">
    <p class='ocr_par' dir='ltr' id='par_1_106' title="bbox 283 5750 1852 5845">
     <span class='ocr_line' id='line_1_109' title="bbox 283 5750 1852 5845; baseline 0.018 -46"><span class='ocrx_word' id='word_1_799' title='bbox 283 5750 426 5817; x_wconf 70' lang='grc' dir='ltr'><strong>ὑπὲρ</strong></span> <span class='ocrx_word' id='word_1_800' title='bbox 457 5754 556 5818; x_wconf 75' lang='grc' dir='ltr'><strong>τῆς</strong></span> <span class='ocrx_word' id='word_1_801' title='bbox 606 5756 888 5820; x_wconf 80' lang='grc' dir='ltr'><strong>εὐσεϐείας</strong></span> <span class='ocrx_word' id='word_1_802' title='bbox 922 5763 1238 5831; x_wconf 65' lang='grc' dir='ltr'><strong>παρρησίαν</strong></span> <span class='ocrx_word' id='word_1_803' title='bbox 1281 5770 1654 5841; x_wconf 73' lang='grc' dir='ltr'><strong>γεγενημένην</strong></span> <span class='ocrx_word' id='word_1_804' title='bbox 1704 5775 1852 5845; x_wconf 78' lang='grc' dir='ltr'><strong>αύτῷ</strong></span> 
     </span>
    </p>
   </div>
   <div class='ocr_carea' id='block_1_107' title="bbox 278 5845 1845 5933">
    <p class='ocr_par' dir='ltr' id='par_1_107' title="bbox 278 5845 1845 5933">
     <span class='ocr_line' id='line_1_110' title="bbox 278 5845 1845 5933; baseline 0.017 -37"><span class='ocrx_word' id='word_1_805' title='bbox 278 5846 341 5896; x_wconf 71' lang='grc' dir='ltr'><strong>ἐν</strong></span> <span class='ocrx_word' id='word_1_806' title='bbox 374 5845 449 5914; x_wconf 73' lang='grc' dir='ltr'><strong>νῷ</strong></span> <span class='ocrx_word' id='word_1_807' title='bbox 479 5847 732 5917; x_wconf 79' lang='grc' dir='ltr'><strong>θέμενος·</strong></span> <span class='ocrx_word' id='word_1_808' title='bbox 768 5853 877 5908; x_wconf 68' lang='grc' dir='ltr'><strong>αἱδί</strong></span> <span class='ocrx_word' id='word_1_809' title='bbox 894 5854 1030 5917; x_wconf 64' lang='lat'><strong>30:1;</strong></span> <span class='ocrx_word' id='word_1_810' title='bbox 1065 5857 1119 5908; x_wconf 73' lang='grc' dir='ltr'><strong>δὲ</strong></span> <span class='ocrx_word' id='word_1_811' title='bbox 1154 5857 1311 5929; x_wconf 80' lang='grc' dir='ltr'><strong>εἴπερ</strong></span> <span class='ocrx_word' id='word_1_812' title='bbox 1349 5878 1400 5913; x_wconf 87' lang='grc' dir='ltr'><strong>τι</strong></span> <span class='ocrx_word' id='word_1_813' title='bbox 1447 5862 1591 5930; x_wconf 70' lang='grc' dir='ltr'><strong>μάλα</strong></span> <span class='ocrx_word' id='word_1_814' title='bbox 1626 5867 1721 5933; x_wconf 74' lang='grc' dir='ltr'><strong>τὴν</strong></span> <span class='ocrx_word' id='word_1_815' title='bbox 1758 5871 1845 5923; x_wconf 70' lang='grc' dir='ltr'><strong>τοῦ</strong></span> 
     </span>
    </p>
   </div>
   <div class='ocr_carea' id='block_1_108' title="bbox 1972 4675 3542 4771">
    <p class='ocr_par' dir='ltr' id='par_1_108' title="bbox 1972 4675 3542 4771">
     <span class='ocr_line' id='line_1_111' title="bbox 1972 4675 3542 4771; baseline 0.018 -40"><span class='ocrx_word' id='word_1_816' title='bbox 1972 4675 2302 4734; x_wconf 83' lang='lat' dir='ltr'><strong>Gottltoruin</strong></span> <span class='ocrx_word' id='word_1_817' title='bbox 2336 4683 2627 4740; x_wconf 56' lang='lat' dir='ltr'><strong>ecclesiam</strong></span> <span class='ocrx_word' id='word_1_818' title='bbox 2662 4704 2956 4749; x_wconf 84' lang='lat' dir='ltr'><strong>necarunt.</strong></span> <span class='ocrx_word' id='word_1_819' title='bbox 3018 4698 3096 4752; x_wconf 80' lang='lat' dir='ltr'><strong>Eo</strong></span> <span class='ocrx_word' id='word_1_820' title='bbox 3147 4675 3386 4771; x_wconf 80' lang='lat' dir='ltr'><strong>namque</strong></span> <span class='ocrx_word' id='word_1_821' title='bbox 3430 4716 3542 4758; x_wconf 86' lang='lat' dir='ltr'><strong>tan-</strong></span> 
     </span>
    </p>
   </div>
   <div class='ocr_carea' id='block_1_109' title="bbox 1970 4774 3540 4859">
    <p class='ocr_par' dir='ltr' id='par_1_109' title="bbox 1970 4774 3540 4859">
     <span class='ocr_line' id='line_1_112' title="bbox 1970 4774 3540 4859; baseline 0.02 -38"><span class='ocrx_word' id='word_1_822' title='bbox 1970 4785 2130 4839; x_wconf 90' lang='lat' dir='ltr'><strong>quam</strong></span> <span class='ocrx_word' id='word_1_823' title='bbox 2168 4774 2233 4827; x_wconf 86' lang='lat' dir='ltr'><strong>ad</strong></span> <span class='ocrx_word' id='word_1_824' title='bbox 2268 4776 2477 4845; x_wconf 78' lang='lat' dir='ltr'><strong>asylum</strong></span> <span class='ocrx_word' id='word_1_825' title='bbox 2516 4792 2567 4830; x_wconf 84' lang='lat' dir='ltr'><strong>et</strong></span> <span class='ocrx_word' id='word_1_826' title='bbox 2610 4784 2917 4854; x_wconf 76' lang='lat' dir='ltr'><strong>perfugium</strong></span> <span class='ocrx_word' id='word_1_827' title='bbox 2966 4790 3371 4859; x_wconf 81' lang='lat' dir='ltr'><strong>conﬂuxerant,</strong></span> <span class='ocrx_word' id='word_1_828' title='bbox 3415 4814 3540 4857; x_wconf 84' lang='lat' dir='ltr'><strong>eum</strong></span> 
     </span>
    </p>
   </div>
   <div class='ocr_carea' id='block_1_110' title="bbox 1970 4864 3535 4956">
    <p class='ocr_par' dir='ltr' id='par_1_110' title="bbox 1970 4864 3535 4956">
     <span class='ocr_line' id='line_1_113' title="bbox 1970 4864 3535 4956; baseline 0.02 -43"><span class='ocrx_word' id='word_1_829' title='bbox 1970 4864 2144 4930; x_wconf 90' lang='lat' dir='ltr'><strong>portis</strong></span> <span class='ocrx_word' id='word_1_830' title='bbox 2182 4866 2388 4922; x_wconf 89' lang='lat' dir='ltr'><strong>clausis</strong></span> <span class='ocrx_word' id='word_1_831' title='bbox 2424 4871 2714 4939; x_wconf 68' lang='lat' dir='ltr'><strong>profugere</strong></span> <span class='ocrx_word' id='word_1_832' title='bbox 2769 4882 3082 4945; x_wconf 71' lang='lat' dir='ltr'><strong>nequirent.</strong></span> <span class='ocrx_word' id='word_1_833' title='bbox 3136 4885 3295 4956; x_wconf 73' lang='lat'><strong>361</strong></span> <span class='ocrx_word' id='word_1_834' title='bbox 3336 4890 3411 4941; x_wconf 84' lang='lat' dir='ltr'><strong>ita</strong></span> <span class='ocrx_word' id='word_1_835' title='bbox 3444 4908 3535 4945; x_wconf 81' lang='lat' dir='ltr'><strong>cc-</strong></span> 
     </span>
    </p>
   </div>
   <div class='ocr_carea' id='block_1_111' title="bbox 1968 4955 3536 5043">
    <p class='ocr_par' dir='ltr' id='par_1_111' title="bbox 1968 4955 3536 5043">
     <span class='ocr_line' id='line_1_114' title="bbox 1968 4955 3536 5043; baseline 0.019 -35"><span class='ocrx_word' id='word_1_836' title='bbox 1968 4955 2190 5009; x_wconf 88' lang='lat' dir='ltr'><strong>clesiam</strong></span> <span class='ocrx_word' id='word_1_837' title='bbox 2222 4974 2419 5014; x_wconf 88' lang='lat' dir='ltr'><strong>eorum</strong></span> <span class='ocrx_word' id='word_1_838' title='bbox 2465 4963 2589 5030; x_wconf 80' lang='lat' dir='ltr'><strong>igne</strong></span> <span class='ocrx_word' id='word_1_839' title='bbox 2626 4967 2825 5035; x_wconf 84' lang='lat' dir='ltr'><strong>injecto</strong></span> <span class='ocrx_word' id='word_1_840' title='bbox 2858 4986 3199 5043; x_wconf 83' lang='lat' dir='ltr'><strong>cremarunt,</strong></span> <span class='ocrx_word' id='word_1_841' title='bbox 3227 4989 3283 5033; x_wconf 88' lang='lat' dir='ltr'><strong>et</strong></span> <span class='ocrx_word' id='word_1_842' title='bbox 3334 4983 3536 5039; x_wconf 74' lang='lat' dir='ltr'><strong>llarba-</strong></span> 
     </span>
    </p>
   </div>
   <div class='ocr_carea' id='block_1_112' title="bbox 1970 5051 3531 5136">
    <p class='ocr_par' dir='ltr' id='par_1_112' title="bbox 1970 5051 3531 5136">
     <span class='ocr_line' id='line_1_115' title="bbox 1970 5051 3531 5136; baseline 0.02 -39"><span class='ocrx_word' id='word_1_843' title='bbox 1970 5060 2060 5100; x_wconf 92' lang='lat' dir='ltr'><strong>ros</strong></span> <span class='ocrx_word' id='word_1_844' title='bbox 2082 5062 2275 5104; x_wconf 84' lang='lat' dir='ltr'><strong>omnes</strong></span> <span class='ocrx_word' id='word_1_845' title='bbox 2301 5051 2620 5109; x_wconf 86' lang='lat' dir='ltr'><strong>discrimine</strong></span> <span class='ocrx_word' id='word_1_846' title='bbox 2656 5060 2805 5114; x_wconf 83' lang='lat' dir='ltr'><strong>nullo</strong></span> <span class='ocrx_word' id='word_1_847' title='bbox 2833 5066 3220 5124; x_wconf 84' lang='lat' dir='ltr'><strong>conciderunt.</strong></span> <span class='ocrx_word' id='word_1_848' title='bbox 3246 5070 3403 5136; x_wconf 83' lang='lat' dir='ltr'><strong>Quod</strong></span> <span class='ocrx_word' id='word_1_849' title='bbox 3440 5078 3531 5129; x_wconf 83' lang='lat' dir='ltr'><strong>ubi</strong></span> 
     </span>
    </p>
   </div>
   <div class='ocr_carea' id='block_1_113' title="bbox 1964 5134 3528 5221">
    <p class='ocr_par' dir='ltr' id='par_1_113' title="bbox 1964 5134 3528 5221">
     <span class='ocr_line' id='line_1_116' title="bbox 1964 5134 3528 5221; baseline 0.02 -33"><span class='ocrx_word' id='word_1_850' title='bbox 1964 5134 2168 5190; x_wconf 83' lang='lat' dir='ltr'><strong>Gainns</strong></span> <span class='ocrx_word' id='word_1_851' title='bbox 2201 5143 2446 5207; x_wconf 81' lang='lat' dir='ltr'><strong>rescivit,</strong></span> <span class='ocrx_word' id='word_1_852' title='bbox 2497 5146 2746 5204; x_wconf 75' lang='lat' dir='ltr'><strong>daemone</strong></span> <span class='ocrx_word' id='word_1_853' title='bbox 2775 5168 2939 5221; x_wconf 87' lang='lat' dir='ltr'><strong>quem</strong></span> <span class='ocrx_word' id='word_1_854' title='bbox 2970 5156 3258 5215; x_wconf 82' lang='lat' dir='ltr'><strong>voluntate</strong></span> <span class='ocrx_word' id='word_1_855' title='bbox 3290 5177 3387 5217; x_wconf 90' lang='lat' dir='ltr'><strong>sua</strong></span> <span class='ocrx_word' id='word_1_856' title='bbox 3423 5166 3528 5219; x_wconf 82' lang='lat' dir='ltr'><strong>sibi</strong></span> 
     </span>
    </p>
   </div>
   <div class='ocr_carea' id='block_1_114' title="bbox 1965 5236 3534 5312">
    <p class='ocr_par' dir='ltr' id='par_1_114' title="bbox 1965 5236 3534 5312">
     <span class='ocr_line' id='line_1_117' title="bbox 1965 5236 3534 5312; baseline 0.021 -32"><span class='ocrx_word' id='word_1_857' title='bbox 1965 5242 2298 5301; x_wconf 88' lang='lat' dir='ltr'><strong>sumpserat,</strong></span> <span class='ocrx_word' id='word_1_858' title='bbox 2350 5236 2601 5304; x_wconf 85' lang='lat' dir='ltr'><strong>dimisso,</strong></span> <span class='ocrx_word' id='word_1_859' title='bbox 2651 5251 2795 5309; x_wconf 82' lang='lat' dir='ltr'><strong>quod</strong></span> <span class='ocrx_word' id='word_1_860' title='bbox 2835 5246 2937 5300; x_wconf 85' lang='lat' dir='ltr'><strong>sibi</strong></span> <span class='ocrx_word' id='word_1_861' title='bbox 2988 5248 3369 5311; x_wconf 77' lang='lat' dir='ltr'><strong>fraudulentas</strong></span> <span class='ocrx_word' id='word_1_862' title='bbox 3406 5259 3534 5312; x_wconf 88' lang='lat' dir='ltr'><strong>insi-</strong></span> 
     </span>
    </p>
   </div>
   <div class='ocr_carea' id='block_1_115' title="bbox 1964 5321 3532 5412">
    <p class='ocr_par' dir='ltr' id='par_1_115' title="bbox 1964 5321 3532 5412">
     <span class='ocr_line' id='line_1_118' title="bbox 1964 5321 3532 5412; baseline 0.018 -39"><span class='ocrx_word' id='word_1_863' title='bbox 1964 5321 2085 5375; x_wconf 87' lang='lat' dir='ltr'><strong>dias</strong></span> <span class='ocrx_word' id='word_1_864' title='bbox 2118 5338 2245 5380; x_wconf 86' lang='lat' dir='ltr'><strong>suas</strong></span> <span class='ocrx_word' id='word_1_865' title='bbox 2290 5325 2489 5383; x_wconf 84' lang='lat' dir='ltr'><strong>deinde</strong></span> <span class='ocrx_word' id='word_1_866' title='bbox 2533 5331 2717 5388; x_wconf 89' lang='lat' dir='ltr'><strong>minus</strong></span> <span class='ocrx_word' id='word_1_867' title='bbox 2753 5339 3054 5404; x_wconf 90' lang='lat' dir='ltr'><strong>procedere</strong></span> <span class='ocrx_word' id='word_1_868' title='bbox 3086 5356 3361 5412; x_wconf 89' lang='lat' dir='ltr'><strong>cerneret,</strong></span> <span class='ocrx_word' id='word_1_869' title='bbox 3404 5349 3532 5404; x_wconf 86' lang='lat' dir='ltr'><strong>inde</strong></span> 
     </span>
    </p>
   </div>
   <div class='ocr_carea' id='block_1_116' title="bbox 1964 5414 3529 5507">
    <p class='ocr_par' dir='ltr' id='par_1_116' title="bbox 1964 5414 3529 5507">
     <span class='ocr_line' id='line_1_119' title="bbox 1964 5414 3529 5507; baseline 0.022 -44"><span class='ocrx_word' id='word_1_870' title='bbox 1964 5414 2263 5481; x_wconf 81' lang='lat' dir='ltr'><strong>profectus,</strong></span> <span class='ocrx_word' id='word_1_871' title='bbox 2288 5432 2387 5486; x_wconf 88' lang='lat' dir='ltr'><strong>per</strong></span> <span class='ocrx_word' id='word_1_872' title='bbox 2413 5420 2701 5478; x_wconf 89' lang='lat' dir='ltr'><strong>Thraciam</strong></span> <span class='ocrx_word' id='word_1_873' title='bbox 2734 5427 2787 5481; x_wconf 90' lang='lat' dir='ltr'><strong>in</strong></span> <span class='ocrx_word' id='word_1_874' title='bbox 2819 5428 3225 5497; x_wconf 83' lang='lat' dir='ltr'><strong>Chersonesum</strong></span> <span class='ocrx_word' id='word_1_875' title='bbox 3255 5445 3529 5507; x_wconf 80' lang='lat' dir='ltr'><strong>pervenit,</strong></span> 
     </span>
    </p>
   </div>
   <div class='ocr_carea' id='block_1_117' title="bbox 1966 5507 3527 5599">
    <p class='ocr_par' dir='ltr' id='par_1_117' title="bbox 1966 5507 3527 5599">
     <span class='ocr_line' id='line_1_120' title="bbox 1966 5507 3527 5599; baseline 0.022 -41"><span class='ocrx_word' id='word_1_876' title='bbox 1966 5507 2220 5576; x_wconf 87' lang='lat' dir='ltr'><strong>trajicere</strong></span> <span class='ocrx_word' id='word_1_877' title='bbox 2255 5526 2319 5564; x_wconf 82' lang='lat' dir='ltr'><strong>ex</strong></span> <span class='ocrx_word' id='word_1_878' title='bbox 2353 5528 2419 5567; x_wconf 88' lang='lat' dir='ltr'><strong>eo</strong></span> <span class='ocrx_word' id='word_1_879' title='bbox 2450 5516 2571 5571; x_wconf 85' lang='lat' dir='ltr'><strong>loco</strong></span> <span class='ocrx_word' id='word_1_880' title='bbox 2606 5518 2659 5572; x_wconf 91' lang='lat' dir='ltr'><strong>in</strong></span> <span class='ocrx_word' id='word_1_881' title='bbox 2696 5519 2975 5579; x_wconf 89' lang='lat' dir='ltr'><strong>Orientem</strong></span> <span class='ocrx_word' id='word_1_882' title='bbox 3009 5529 3278 5599; x_wconf 82' lang='lat' dir='ltr'><strong>cogitans.</strong></span> <span class='ocrx_word' id='word_1_883' title='bbox 3326 5537 3527 5593; x_wconf 81' lang='lat' dir='ltr'><strong>Existi-</strong></span> 
     </span>
    </p>
   </div>
   <div class='ocr_carea' id='block_1_118' title="bbox 1962 5600 3524 5693">
    <p class='ocr_par' dir='ltr' id='par_1_118' title="bbox 1962 5600 3524 5693">
     <span class='ocr_line' id='line_1_121' title="bbox 1962 5600 3524 5693; baseline 0.024 -44"><span class='ocrx_word' id='word_1_884' title='bbox 1962 5600 2145 5653; x_wconf 84' lang='lat' dir='ltr'><strong>mabat</strong></span> <span class='ocrx_word' id='word_1_885' title='bbox 2182 5618 2438 5674; x_wconf 86' lang='lat' dir='ltr'><strong>namque,</strong></span> <span class='ocrx_word' id='word_1_886' title='bbox 2497 5611 2540 5663; x_wconf 90' lang='lat' dir='ltr'><strong>si</strong></span> <span class='ocrx_word' id='word_1_887' title='bbox 2596 5610 2650 5666; x_wconf 90' lang='lat' dir='ltr'><strong>in</strong></span> <span class='ocrx_word' id='word_1_888' title='bbox 2685 5616 2809 5669; x_wconf 71' lang='lat' dir='ltr'><strong>Asia</strong></span> <span class='ocrx_word' id='word_1_889' title='bbox 2857 5619 3025 5674; x_wconf 87' lang='lat' dir='ltr'><strong>urbes</strong></span> <span class='ocrx_word' id='word_1_890' title='bbox 3067 5626 3328 5693; x_wconf 85' lang='lat' dir='ltr'><strong>cepisset,</strong></span> <span class='ocrx_word' id='word_1_891' title='bbox 3361 5631 3524 5689; x_wconf 79' lang='lat' dir='ltr'><strong>facile</strong></span> 
     </span>
    </p>
   </div>
   <div class='ocr_carea' id='block_1_119' title="bbox 1957 5696 3526 5792">
    <p class='ocr_par' dir='ltr' id='par_1_119' title="bbox 1957 5696 3526 5792">
     <span class='ocr_line' id='line_1_122' title="bbox 1957 5696 3526 5792; baseline 0.024 -50"><span class='ocrx_word' id='word_1_892' title='bbox 1957 5706 2178 5762; x_wconf 87' lang='lat' dir='ltr'><strong>quoque</strong></span> <span class='ocrx_word' id='word_1_893' title='bbox 2211 5711 2267 5749; x_wconf 90' lang='lat' dir='ltr'><strong>se</strong></span> <span class='ocrx_word' id='word_1_894' title='bbox 2298 5696 2561 5756; x_wconf 89' lang='lat' dir='ltr'><strong>linitimas</strong></span> <span class='ocrx_word' id='word_1_895' title='bbox 2606 5704 2659 5758; x_wconf 86' lang='lat' dir='ltr'><strong>in</strong></span> <span class='ocrx_word' id='word_1_896' title='bbox 2711 5708 2944 5763; x_wconf 91' lang='lat' dir='ltr'><strong>circuitu</strong></span> <span class='ocrx_word' id='word_1_897' title='bbox 2980 5724 3171 5780; x_wconf 84' lang='lat' dir='ltr'><strong>gentes</strong></span> <span class='ocrx_word' id='word_1_898' title='bbox 3199 5718 3305 5773; x_wconf 86' lang='lat' dir='ltr'><strong>sibi</strong></span> <span class='ocrx_word' id='word_1_899' title='bbox 3339 5723 3526 5792; x_wconf 82' lang='lat' dir='ltr'><strong>subje-</strong></span> 
     </span>
    </p>
   </div>
   <div class='ocr_carea' id='block_1_120' title="bbox 1955 5791 3523 5867">
    <p class='ocr_par' dir='ltr' id='par_1_120' title="bbox 1955 5791 3523 5867">
     <span class='ocr_line' id='line_1_123' title="bbox 1955 5791 3523 5867; baseline 0.019 -30"><span class='ocrx_word' id='word_1_900' title='bbox 1955 5791 2173 5839; x_wconf 88' lang='lat' dir='ltr'><strong>cturum</strong></span> <span class='ocrx_word' id='word_1_901' title='bbox 2217 5802 2359 5843; x_wconf 90' lang='lat' dir='ltr'><strong>esse.</strong></span> <span class='ocrx_word' id='word_1_902' title='bbox 2396 5792 2574 5861; x_wconf 84' lang='lat' dir='ltr'><strong>Atque</strong></span> <span class='ocrx_word' id='word_1_903' title='bbox 2609 5794 2698 5851; x_wconf 91' lang='lat' dir='ltr'><strong>ille</strong></span> <span class='ocrx_word' id='word_1_904' title='bbox 2736 5799 2957 5866; x_wconf 88' lang='lat' dir='ltr'><strong>quidem</strong></span> <span class='ocrx_word' id='word_1_905' title='bbox 2991 5803 3106 5858; x_wconf 62' lang='lat' dir='ltr'><strong>base</strong></span> <span class='ocrx_word' id='word_1_906' title='bbox 3133 5806 3210 5860; x_wconf 91' lang='lat' dir='ltr'><strong>sic</strong></span> <span class='ocrx_word' id='word_1_907' title='bbox 3254 5791 3523 5867; x_wconf 79' lang='lat' dir='ltr'><strong>tnulieba-</strong></span> 
     </span>
    </p>
   </div>
   <div class='ocr_carea' id='block_1_121' title="bbox 1957 5877 3513 5960">
    <p class='ocr_par' dir='ltr' id='par_1_121' title="bbox 1957 5877 3513 5960">
     <span class='ocr_line' id='line_1_124' title="bbox 1957 5877 3513 5960; baseline 0.022 -34"><span class='ocrx_word' id='word_1_908' title='bbox 1957 5886 2062 5930; x_wconf 79' lang='lat' dir='ltr'><strong>tnr.</strong></span> <span class='ocrx_word' id='word_1_909' title='bbox 2125 5877 2426 5947; x_wconf 77' lang='lat' dir='ltr'><strong>imperatur</strong></span> <span class='ocrx_word' id='word_1_910' title='bbox 2481 5893 2663 5939; x_wconf 84' lang='lat' dir='ltr'><strong>autem</strong></span> <span class='ocrx_word' id='word_1_911' title='bbox 2714 5900 2959 5949; x_wconf 81' lang='lat' dir='ltr'><strong>oratores</strong></span> <span class='ocrx_word' id='word_1_912' title='bbox 3014 5902 3390 5959; x_wconf 79' lang='lat' dir='ltr'><strong>rursum‘sibi</strong></span> <span class='ocrx_word' id='word_1_913' title='bbox 3445 5908 3513 5960; x_wconf 81' lang='lat' dir='ltr'><strong>ad</strong></span> 
     </span>
    </p>
   </div>
  </div>
