4248 6446
676 394 776 457 951

1839 403 2252 464 NICEPHORI
2290 407 2629 468 CALLISTI

3789 393 3894 452 932

674 519 798 557 eum
853 503 1146 559 mittendos
1196 505 1392 562 duxit:
1428 507 1520 562 sed
1560 523 1722 562 nemo
1755 509 2080 580 legationem
2113 529 2231 567 eam
2261 516 2351 576 At

2226 533 2231 564 |
2261 516 2308 576 Α
2337 517 2527 588 ἀνδρὸς
2552 517 2774 588 ἀρετὴν,
2806 515 2908 569 κᾶν
2951 514 3047 569 καὶ
3077 511 3349 584 βάρϐαρός
3389 526 3475 570 τις
3514 501 3583 577 ἦν
3613 505 3707 557 καὶ
3743 503 3903 556 πολέ-

672 597 952 662 suscipere
999 597 1255 651 audebat.
1293 599 1494 654 Omnes
1545 602 1692 654 enitn
1738 619 1836 672 pro
1890 620 1946 659 se
1999 607 2231 675 quisque

673 687 947 742 feritatem
983 691 1148 744 animi
1177 691 1296 761 ejus
1328 702 1639 762 suspectam
1679 696 1971 762 habebant,
2010 697 2147 751 adeo
2175 708 2232 750 ut

670 795 849 848 neque
910 780 1055 833 bello
1103 797 1225 835 cum
1275 799 1339 835 eo
1383 785 1640 854 congredi
1699 789 1989 856 quisquam
2046 791 2233 854 vellet,

671 888 852 941 neque
895 873 1168 944 legatione
1216 874 1359 942 apud
1411 891 1536 928 eum
1592 886 1709 932 tuto
1754 895 1813 934 se
1867 880 2019 948 {ungi
2070 895 2234 949 posse

673 977 913 1035 putaret.
949 967 1218 1022 Omnibus
1251 985 1380 1022 vero
1422 970 1544 1023 aliis
1587 972 1817 1036 relictis,
1850 975 1904 1027 in
1939 974 2235 1028 maximum

676 1058 829 1114 illum
857 1061 1081 1115 heroem
1112 1063 1504 1132 respiciebant.
1525 1061 1620 1118 Ille
1651 1080 1814 1132 porro
1842 1066 1976 1118 nihil
2004 1069 2235 1132 veritus,

678 1152 824 1219 quod
871 1153 972 1206 sibi
1032 1170 1137 1207 non
1193 1155 1270 1207 ita
1317 1155 1526 1221 pridem
1580 1172 1704 1210 eum
1751 1173 1815 1210 eo
1849 1158 2239 1212 intercesserat

678 1247 993 1312 dissidium,
1018 1259 1203 1302 orator
1231 1253 1414 1303 statim
1446 1253 1496 1303 in
1525 1251 1815 1304 Thraciam
1849 1252 1914 1304 ad
1939 1251 2238 1306 Barbarum

679 1348 763 1392 est
816 1340 1114 1408 profectus.
1155 1341 1355 1395 Verum
1389 1344 1673 1396 enimvero
1714 1343 1916 1396 Gainas
1951 1354 2239 1411 postquam

677 1430 914 1498 legatum
957 1431 1020 1482 ad
1067 1447 1124 1485 se
1175 1433 1511 1498 venientem,
1561 1435 1814 1500 quisnam
1861 1440 2028 1494 esset,
2083 1433 2242 1485 intel-

679 1523 833 1587 lexit,
863 1536 917 1577 et
943 1525 1253 1578 libertatem
1288 1525 1531 1591 dicendi,
1564 1541 1671 1594 qua
1706 1541 1836 1578 usus
1874 1525 2015 1592 apud
2059 1538 2115 1578 se
2146 1539 2244 1592 pro

680 1615 902 1669 veriore
970 1618 1172 1686 pietate
1243 1619 1458 1680 fuerat,
1517 1618 1570 1671 in
1635 1627 1872 1671 mentem
1943 1617 2242 1681 revocavit,

683 1708 1046 1760 nihilominus
1077 1708 1120 1761 si
1171 1709 1301 1776 quid
1347 1709 1520 1771 aliud,
1571 1718 1624 1761 et
1665 1707 1923 1762 virtutem
1978 1709 2078 1760 viri
2130 1710 2248 1778 ejus

684 1801 982 1864 reveritus,
1037 1801 1286 1868 quamvis
1330 1811 1384 1853 et
1437 1800 1708 1855 barbarus
1759 1811 1812 1855 et
1863 1801 2040 1854 hostis
2075 1813 2243 1864 esset,

687 1892 905 1956 longius
933 1895 981 1945 ei
1011 1893 1232 1945 honoris
1271 1909 1430 1946 causa
1460 1908 1782 1962 progressus
1814 1901 1897 1946 est
1927 1894 2167 1958 obviam,
2191 1902 2245 1946 et
2281 1883 2321 1936 Β

691 1983 938 2037 dextram
998 1985 1116 2051 ejus
1165 1985 1339 2040 oculis
1403 1987 1664 2048 admovit,
1700 1996 1755 2039 et
1804 1985 2087 2038 osculatus
2144 1994 2248 2048 est,

691 2074 1008 2144 liberosque
1035 2092 1165 2131 suos
1206 2077 1472 2131 adductos
1502 2079 1674 2132 sacris
1706 2079 1857 2131 illius
1891 2078 2125 2147 genibus
2158 2077 2253 2130 ad-

695 2167 895 2220 hibuit.
933 2170 994 2221 lit
1034 2180 1145 2222 tum
1173 2169 1394 2236 quidem
1424 2171 1514 2224 ille
1542 2185 1690 2223 arma
1716 2170 1989 2238 deposuit,
2025 2181 2078 2223 et
2112 2171 2257 2234 leua-

697 2260 832 2313 tioni
882 2261 930 2314 ei
981 2275 1183 2313 morem
1235 2262 1420 2328 gessit.
1468 2261 1649 2329 Usque
1697 2262 1833 2314 adeo
1866 2262 2041 2315 virtus
2087 2264 2254 2316 etiam

694 2357 805 2410 acri
841 2356 980 2410 hosti
1005 2357 1262 2425 pudorem
1292 2368 1345 2409 et
1374 2366 1635 2410 terrorem
1673 2357 1920 2412 incutere
1949 2357 2253 2412 consuevit.

697 2449 852 2500 lit-cvi
882 2457 1060 2500 autem
1101 2455 1242 2516 post,
1279 2464 1400 2500 eum
1451 2448 1593 2500 aliud
1644 2448 1901 2516 quiddam
1943 2450 2252 2511 accidisset,

705 2541 772 2594 ad
817 2541 1093 2609 ingenium
1130 2555 1285 2593 suum
1330 2540 1529 2592 Gainas
1580 2539 1762 2594 rediit.
1795 2541 1862 2593 Et
1912 2541 2004 2593 ubi
2051 2540 2260 2595 Helles-

702 2643 926 2703 pontum
975 2633 1246 2702 trajicere,
1286 2631 1753 2700 Lampsacumque
1801 2647 2072 2699 occupare
2123 2649 2258 2686 con-

703 2724 897 2788 tendit,
943 2738 1066 2790 spes
1095 2738 1218 2774 eum
1252 2720 1466 2781 fefellit,
1502 2737 1626 2774 eum
1671 2721 1899 2774 Romani
1937 2721 2106 2774 divini
2140 2721 2255 2775 Nu-

705 2816 864 2868 minis
914 2815 1178 2866 auxilium
1228 2828 1322 2881 per
1371 2813 1714 2881 imperatoris
1766 2813 1989 2867 consilia
2039 2827 2254 2865 rursum

705 2910 807 2963 sibi
864 2909 1110 2962 adfuisse
1143 2917 1449 2961 senserunt.
1512 2907 1802 2975 Postquam
1846 2908 1990 2961 enim
2041 2906 2258 2959 Barbari

705 3002 922 3059 navium
969 3002 1122 3068 copia
1149 3000 1415 3062 destituti,
1454 3001 1665 3054 ratibus
1693 3001 1995 3068 compactis
2050 2999 2261 3053 Helles-

707 3105 932 3163 pontum
988 3093 1261 3162 trajicere,
1324 3102 1378 3146 et
1413 3093 1465 3144 in
1515 3093 1831 3146 ulteriorem
1887 3092 2260 3146 continentem

706 3189 940 3240 evadere
977 3185 1294 3249 voluerunt,
1329 3183 1630 3252 imperator
1662 3195 1805 3237 terra
1840 3183 2088 3251 marique
2131 3198 2264 3236 con-

712 3290 796 3330 tra
831 3291 926 3329 eos
960 3274 1136 3336 duxit,
1176 3274 1362 3326 multis
1415 3273 1744 3327 militaribus
1785 3274 2104 3326 triremibus
2133 3273 2264 3326 sub-

715 3368 1094 3438 sequentibus.
1176 3367 1371 3420 lnhoe
1433 3381 1612 3419 rerum
1684 3375 1826 3423 statu
1893 3364 2270 3418 vehementior

715 3463 1013 3527 derepente
1046 3459 1318 3528 zephyrus
1350 3457 1558 3521 alliam,
1591 3467 1735 3510 rates
1766 3458 1816 3509 vi
1853 3472 2044 3524 magna
2070 3456 2270 3510 dissol-

713 3555 830 3617 vit,
881 3563 1044 3621 atque
1110 3552 1166 3605 in
1222 3564 1317 3604 eas
1379 3531 1752 3603 Romanorum
1809 3562 1975 3602 naves
2033 3547 2270 3616 impulit.

715 3643 937 3697 Barbari
988 3643 1200 3695 r‘atihus
1234 3639 1500 3710 disjectis,
1538 3641 1726 3709 plures
1771 3654 1895 3693 cum
1944 3639 2079 3708 ipsis
2114 3639 2276 3705 equis

715 3739 768 3790 in
818 3737 929 3790 alto
988 3732 1223 3788 demersi
1276 3740 1405 3786 sunt
1449 3749 1463 3784 :
1517 3731 1765 3784 nonnulli
1825 3729 2080 3787 ﬂuctibus
2134 3730 2275 3798 rapti

716 3838 880 3899 atque
932 3827 1275 3890 circumacti,
1330 3825 1460 3882 hinc
1497 3835 1552 3879 et
1590 3824 1717 3877 inde
1767 3822 1821 3876 in
1869 3824 2055 3878 littore
2094 3824 2274 3893 ejecti,

723 3919 880 3973 multi
906 3918 1072 3972 etiam
1103 3918 1171 3970 ab
1203 3915 1592 3970 lnvadentibus
1618 3931 1714 3970 eos
1753 3914 2019 3968 militibus
2046 3912 2279 3983 jugulati

723 4023 871 4066 sunt.
909 4010 1069 4081 362
1109 4009 1338 4064 Plurimi
1390 4024 1519 4063 sane
1559 4023 1624 4063 ex
1659 4007 1911 4061 hostibus
1957 4007 2010 4058 in
2049 4007 2278 4058 transitu

722 4103 957 4173 periere.
1035 4103 1236 4158 Gainas
1299 4113 1480 4156 autem
1543 4117 1667 4155 cum
1735 4099 1924 4170 paucis
1990 4096 2283 4152 incolumis

718 4196 1011 4250 Thraciam
1061 4210 1378 4265 pererrans,
1419 4203 1476 4249 et
1527 4193 1708 4263 fugam
1766 4207 1909 4260 satpe
1947 4201 2188 4251 mutans,
2230 4189 2281 4241 in

721 4291 857 4343 alias
906 4289 1283 4343 Romanorum
1328 4287 1521 4342 incidit
1567 4285 1775 4354 copias,
1823 4293 1986 4353 atque
2032 4283 2107 4338 ibi
2159 4297 2282 4336 cum

725 4384 866 4453 fuga:
911 4381 1215 4436 comitibus
1259 4381 1510 4435 barbaris
1552 4393 1728 4433 caesus
1761 4386 1866 4431 est.
1902 4375 2072 4446 Cujus
2123 4381 2287 4442 caput

725 4474 1102 4537 exsiccatum,
1161 4470 1692 4539 Constantinopolim
1763 4479 1845 4524 est
1899 4467 2163 4522 delatum.
2228 4464 2298 4516 ln.

2345 629 2486 680 μιος.
2517 612 2797 684 πόρρωθέν
2824 628 2878 662 τε
2910 610 3180 678 ύπήντετο
3200 623 3211 638 ο
3239 605 3333 657 καὶ
3361 602 3459 670 τὴν
3489 598 3696 651 ἐκείνου
3723 593 3905 658 δεξιὰν

2343 707 2451 767 τοῖς
2485 705 2781 773 ὀφθαλμοῖς
2841 701 3125 771 παρετίθει
3183 698 3276 751 καὶ
3331 691 3747 763 κατησπάζετο·
3807 685 3903 736 καὶ

2342 799 2466 859 τοὺς
2509 796 2705 856 παῖδας
2749 796 3062 863 προσάγων,
3098 794 3213 852 τοῖς
3263 789 3422 857 ἱεροῖς
3454 783 3664 836 ἐκείνου
3713 780 3906 846 γόνασι

2345 889 2752 959 προσεκόμιζε·
2805 887 2900 939 καὶ
2951 884 3070 936 τότε
3121 882 3217 950 μῗέν
3255 881 3322 933 τὰ
3376 878 3512 932 ὅπλα
3566 871 3905 930 κατετίθετο,

2346 984 2441 1035 καὶ
2473 980 2750 1048 πειθήνιος
2779 974 2865 1047 ἦν.
2900 976 3054 1028 Οὕτω
3083 975 3326 1041 πέφυκεν
3348 967 3516 1038 ἀρετὴ
3550 965 3643 1019 καὶ
3668 965 3758 1016 τὸν
3781 961 3910 1030 σφό-

2344 1075 2446 1142 δρα
2468 1091 2529 1140 γε
2565 1072 2802 1140 δυσμενῆ
2835 1068 3013 1125 αίδούς
3043 1084 3103 1119 τε
3153 1067 3250 1120 καὶ
3300 1060 3694 1128 καταπλήξεως
3747 1057 3911 1123 ἐμπι-

2347 1161 2504 1231 πλᾷν.
2552 1163 2639 1213 Ἐν
2666 1162 2726 1213 ού
2763 1159 2942 1228 πολλῷ
2971 1159 3016 1208 δ’
3043 1157 3247 1226 ἐτέρων
3268 1151 3685 1220 ἐπιγενομένων,
3713 1149 3771 1197 ἐν
3795 1145 3910 1202 τοῖς

2351 1255 2483 1315 ἴσοις
2515 1248 2580 1320 ἦν
2610 1253 2806 1312 Γαῖνᾶς
2828 1268 2840 1280 ·
2879 1249 2969 1302 καὶ
2999 1250 3120 1300 ἐπεὶ
3145 1245 3376 1299 ἐπέϐαλε
3407 1239 3912 1306 τδνἘλλήσιτοντον

2348 1345 2818 1417 διαπεραιοῢσθαι,
2850 1344 2942 1397 καὶ
2980 1341 3074 1394 ἐπὶ
3112 1339 3417 1408 Λάμψακον
3458 1333 3777 1387 διαϐαίνειν.
3811 1326 3913 1394 τῆς

2350 1442 2567 1502 ἐλπίδος
2603 1438 2867 1507 ἐψεύσθη,
2901 1435 3050 1497 Θείας
3085 1433 3239 1495 αὖθις
3291 1429 3464 1500 ῥοπῆς
3485 1429 3602 1487 ταῖς
3633 1421 3726 1475 τοῦ
3761 1421 3917 1490 βασι-

2352 1535 2486 1595 λέως
2511 1532 2776 1592 ἐπινοίαις
2804 1529 2914 1582 τῶν
2947 1528 3240 1595 Ῥωμαίων
3266 1519 3654 1593 χρησαμένων.
3688 1515 3773 1574 Ὠς
3807 1514 3916 1579 γὰρ

2352 1628 2399 1680 οί
2433 1625 2702 1695 βάρϐαροι
2733 1622 2867 1674 νεῶν
2905 1623 2962 1673 ἐν
2991 1617 3201 1687 ἀπορίᾳ
3247 1613 3668 1679 καθεστηκότες,
3702 1605 3916 1673 σχεδίας

2355 1714 2799 1785 συμπηγνύντες,
2850 1712 2941 1762 τὸν
2997 1707 3392 1777 Ἑλλήσποντον
3435 1698 3739 1754 διεκπλεῖν.
3770 1698 3920 1747 ἐπει-

2359 1807 2527 1875 ρῶντο
2553 1807 2633 1868 είς
2685 1807 2785 1872 τὴν
2817 1801 3154 1870 καταντικρὺ
3181 1800 3437 1868 ήπειρον,
3479 1794 3507 1844 6
3550 1789 3800 1860 βασιλεὺς
3833 1786 3919 1837 διὰ

2354 1897 2456 1964 γῆς
2490 1911 2547 1947 τε
2573 1893 2666 1945 καὶ
2693 1891 2963 1958 θαλάττης
3005 1888 3214 1948 τούτοις
3255 1884 3410 1954 ἐπῄει
3438 1879 3650 1933 πολλῶν
3677 1892 3920 1945 στρατη-

2354 1987 2527 2055 γικῶν
2565 1986 2835 2054 τριήρεων
2889 1980 3296 2036 καταθεουσῶν.
3345 1976 3437 2030 Ἐν
3483 1972 3694 2032 τούτοις
3717 1970 3774 2021 δέ
3812 1968 3924 2019 τῶν

2354 2076 2697 2147 πραγμάτων
2738 2075 2928 2136 ὅντων,
2961 2070 3190 2136 ἐξάπινα
3217 2066 3452 2136 ζέφυρός
3475 2082 3558 2128 τις
3586 2060 3924 2118 ἐπιπνεύσας

2358 2170 2609 2238 σφοδρὸς,
2639 2169 2735 2230 τὰς
2793 2166 3005 2235 σχεδίας
3057 2163 3234 2215 διέλυε
3280 2161 3392 2230 βίᾳ,
3417 2158 3514 2210 καὶ
3545 2155 3668 2227 ,κατ’
3696 2152 3926 2206 ἐκείνων

2354 2261 2453 2324 τὰς
2491 2260 2777 2329 Ῥωμαίων
2827 2257 3028 2327 ἡλαυνε
3054 2255 3204 2317 ναῦς.
3255 2254 3364 2306 Καὶ
3394 2252 3444 2312 oi
3503 2248 3602 2316 μὲν
3631 2245 3922 2315 βάρϐαροι.

2356 2340 2710 2411 διαλυθεὶσιῖω
2757 2352 2864 2403 τῶν
2920 2349 3184 2418 σχεδιῶν,
3239 2347 3336 2398 σὺν
3390 2342 3579 2402 αὐτοῖς
3632 2340 3822 2395 ἵπποις
3877 2335 3925 2382 οἱ

2361 2447 2599 2508 πλείους,
2631 2445 2679 2496 οἱ
2717 2443 2817 2512 μὲν
2846 2441 3168 2509 ὑποϐρύχιοι
3211 2437 3287 2506 τῷ
3314 2434 3480 2506 βυθῷ,
3524 2433 3571 2484 οἱ
3597 2431 3653 2483 δέ
3689 2428 3763 2496 τῷ
3796 2426 3926 2479 κλύ-

2357 2535 2484 2587 δωνι
2515 2532 2930 2603 περιαγόμενοι,
2958 2525 3456 2599 ἀναρριπτούμενοι
3501 2522 3603 2575 ἁνὰ
3629 2520 3729 2582 τὰς
3755 2516 3929 2576 ἀκτὰς

2359 2624 2743 2693 ἐξελικμῶντο.
2781 2623 2970 2676 Πολλοὶ
2997 2621 3050 2673 δὲ
3082 2619 3188 2671 ὑπὸ
3210 2618 3318 2670 τῶν
3353 2612 3706 2686 στρατιωτῶν
3748 2609 3930 2662 ἐπιόν-

2358 2735 2466 2770 των
2497 2717 2678 2777 αὐτοῖς
2724 2714 3044 2786 ἀνῃροῦντο.
3088 2712 3162 2763 Τὸ
3226 2709 3324 2775 μὲν
3372 2707 3467 2761 οὖν
3513 2705 3769 2758 πλεῖστον
3818 2701 3932 2753 τῶν

2364 2809 2660 2880 βαρϐάρων
2709 2808 2786 2875 τῷ
2824 2805 3060 2874 διέκπλῳ
3112 2802 3406 2871 διέφθαρτο
3439 2816 3454 2832 ’
3489 2798 3692 2858 Γαῖνᾶς
3740 2795 3796 2847 δέ
3834 2795 3934 2845 σὺν

2361 2900 2563 2966 ὀλίγοις
2616 2897 2718 2952 ἀνὰ
2745 2897 2843 2966 τὴν
2888 2894 3111 2964 Θρᾴκην
3161 2888 3517 2960 περισωθεὶς,
3573 2883 3853 2951 ἀλώμενος
3885 2881 3936 2931 τ’

2364 2992 2545 3043 ἐκεῖσε
2576 2989 2669 3042 καὶ
2701 2987 2902 3056 φυγαῖς
2951 2984 3253 3054 χρώμενος,
3306 2981 3467 3048 ἑτέρα
3503 2975 3785 3044 Ῥωμαϊκῇ
3823 2971 3937 3022 ἐνέ-

2366 3099 2529 3135 πιπτε
2562 3079 2813 3149 στρατιᾷ,
2849 3077 2938 3130 καὶ
2969 3077 3068 3127 σὺν
3111 3075 3224 3134 τοῖς
3267 3071 3405 3140 ἀμφ’
3436 3069 3602 3122 αὑτὸν
3637 3065 3936 3137 βαρϐάροις

2369 3175 2635 3228 ἀπώλετο.
2663 3170 2737 3224 Οὗ
2783 3173 2817 3239 ἡ
2856 3167 3069 3236 κεφαλὴ
3107 3164 3496 3235 ταριχευθεῖσα
3529 3161 3610 3224 είς
3649 3159 3748 3230 τὴν
3776 3159 3936 3210 Κων-

2373 3262 2655 3317 σταντίνου
2701 3257 3079 3326 ἀνεκομίζετο.
3140 3256 3225 3306 Ἐν
3271 3254 3334 3324 δὴ
3379 3255 3455 3323 τῷ
3500 3251 3722 3319 πολέμῳ
3763 3247 3942 3316 τούτῳ

2372 3355 2640 3416 Φλαϐίτας
2666 3353 2804 3423 ἀνὴρ
2834 3351 3029 3412 Γότθος
3070 3349 3166 3419 μὲν
3201 3348 3260 3401 τὸ
3288 3349 3467 3414 γένος,
3500 3343 3686 3405 εὔνους
3711 3343 3767 3394 δέ
3794 3342 3942 3410 μάλα

2385 3447 2698 3516 Ῥωμαίοις,
2732 3445 2826 3497 καλ⁸
2854 3446 2921 3496 τὰ
2953 3443 3190 3510 πολέμια
3227 3439 3545 3507 κράτιστος,
3585 3434 3835 3503 λαμπρὸς
3857 3451 3941 3492 τις

2376 3537 2568 3608 φανεὶς
2602 3536 2696 3590 καὶ
2744 3537 2986 3604 ἄριστος,
3020 3533 3224 3591 ὕπατος
3264 3529 3631 3598 ἀνηγόρευται
3654 3542 3667 3557 ·
3701 3525 3942 3591 ὁπηνίκα

2377 3631 2455 3700 τῷ
2488 3629 2695 3699 βασιλεῖ
2745 3631 2872 3688 παῖς
2904 3625 3166 3687 ἐτίκτετο,
3217 3624 3244 3674 ὀ
3276 3621 3434 3683 καλὸς
3496 3620 3564 3671 τὰ
3613 3618 3792 3671 πάντα
3849 3615 3946 3666 καὶ

2379 3721 2632 3791 θεοφιλὴς
2663 3721 2965 3780 Θεοδόσιος,
3013 3717 3091 3785 τῷ
3154 3717 3364 3783 πάππῳ
3413 3713 3728 3783 ὁμώνυμος.
3787 3711 3865 3778 Τῇ
3899 3711 3944 3761 δ’

2380 3815 2507 3883 ἑξῆς
2539 3811 2775 3881 ὑπατείᾳ.
2799 3812 2895 3863 καὶ
2930 3808 3191 3868 σεϐαοτδς
3224 3807 3582 3873 ἀνηγόρεντο.
3630 3801 3858 3869 Ἐπίσης
3889 3801 3946 3852 δὲ

2380 3908 2552 3976 Γαῖνᾷ
2580 3903 2675 3957 καὶ
2705 3905 2732 3955 ὁ
2783 3901 2969 3972 ῥηθεὶς
3023 3897 3373 3968 Τριγίϐιλδος
3423 3893 3619 3955 Γότθος
3650 3891 3944 3944 πέπονθεν.

2395 3997 2482 4060 Ὠς
2514 3997 2620 4066 γὰρ
2644 3994 2836 4061 ἐκείνῳ
2865 3993 2965 4058 τὴν
2999 3990 3156 4052 νίκην
3192 3989 3502 4056 προδέδωκε
3538 3986 3758 4047 Γαῖνᾶς,
3785 3984 3948 4050 δῆθεν

2383 4091 2593 4142 ἐκεῖνον
2623 4086 2862 4152 φεύγων,
2900 4082 2998 4151 τὴν
3063 4081 3316 4132 Πισιδίαν
3365 4077 3461 4130 καὶ
3494 4078 3822 4144 Παμφυλίαν
3849 4095 3950 4129 κα-

2383 4177 2630 4233 ταλαϐὼν
2665 4175 3009 4242 ἐλυμαίνετο.
3044 4172 3274 4222 Ἔπειτα
3332 4169 3427 4221 καὶ
3470 4169 3632 4229 αὐτὸς
3667 4165 3946 4228 πλείσταις

2389 4270 2591 4340 μάχαις
2638 4267 2730 4318 καὶ
2773 4265 3105 4334 δυσχωρίαις
3145 4261 3476 4328 Ἰσαυρικαῖς
3524 4259 3959 4328 περιθραυσθεὶς

2386 4363 2482 4431 τὴν
2516 4360 2691 4429 ἰσχὺν,
2729 4357 2880 4427 μόλις
2906 4355 2996 4405 ἐπὶ
3040 4355 3130 4403 τὸν
3173 4352 3574 4419 Ἑλλήσποντον
3597 4349 3951 4413 διασώζεται.

2389 4449 2730 4520 Περαιωθεὶς
2777 4447 2822 4500 δ’
2852 4447 2943 4499 ἐπὶ
2973 4445 3218 4515 Θρᾴκην,
3250 4443 3309 4493 ἐν
3339 4444 3402 4495 ού
3440 4441 3624 4510 πολλῷ
3661 4443 3758 4493 καὶ
3789 4443 3956 4503 αὐτὸς

727 4567 867 4620 bello
917 4568 1043 4632 hoc,
1090 4533 1327 4626 tFlavita.
1362 4533 1631 4620 Gotthicae
1667 4562 1843 4630 gentis
1873 4561 1978 4624 vir,
2023 4556 2286 4613 Romanis
2319 4545 2404 4627 οε

2280 4573 2286 4608 ι
2319 4573 2361 4627 D
2388 4542 2781 4611 διαφθείρεται.
2824 4535 2984 4590 Ἀλλά
3009 4535 3076 4588 τά
3119 4536 3217 4603 μὲν
3246 4535 3377 4602 περὶ
3403 4533 3516 4585 τῶν
3545 4534 3715 4586 Γαῖνᾶ
3751 4533 3957 4601 τολμηο

727 4667 908 4713 autem
937 4658 1173 4711 maxime
1215 4657 1379 4724 (idus,
1409 4667 1465 4711 et
1501 4656 1734 4710 scientia
1765 4653 1985 4707 militari
2021 4659 2284 4716 praestan-

731 4752 996 4812 tissimus,
1048 4751 1191 4820 quod
1233 4753 1439 4820 optime
1479 4766 1537 4805 se
1584 4758 1640 4805 et
1689 4745 2125 4817 splendidissime
2168 4758 2287 4812 ges-

731 4844 916 4906 sisset,
956 4843 1144 4896 consul
1175 4851 1257 4895 est
1290 4841 1658 4894 renuntiatus.
1692 4838 1810 4903 Quo
1843 4847 2089 4904 tempore
2119 4835 2285 4887 etiam

733 4933 1050 5001 imperatori
1103 4934 1249 4987 ﬁlius
1291 4943 1591 5003 prognatus
1641 4940 1758 4992 est,
1805 4928 1984 4982 modis
2032 4925 2291 4981 omnibus

737 5029 935 5091 bonus,
999 5027 1219 5096 Deoque
1266 5029 1469 5082 charus
1518 5023 1884 5087 Theodosius,
1939 5036 2064 5082 avo,
2124 5018 2288 5072 sicuti

735 5117 996 5180 diximus,
1043 5118 1386 5187 cegnominis
1417 5135 1429 5171 :
1462 5117 1716 5185 sequenti
1770 5121 1952 5167 autem
1997 5108 2289 5164 consulatu

733 5210 898 5263 etiam
967 5210 1245 5278 Augustus
1314 5220 1398 5262 est
1476 5207 1846 5260 renuntiatus.
1931 5201 2076 5256 Idem
2143 5197 2291 5268 quod

734 5299 958 5362 Gainas,
1016 5298 1379 5367 Trigihildus,
1427 5313 1590 5366 quem
1649 5310 1810 5363 supra
1864 5293 2297 5354 nominavimus,

739 5392 974 5446 Gotthus
1010 5407 1198 5461 passus
1252 5402 1353 5444 est.
1405 5390 1698 5456 Postquam
1734 5387 1879 5440 enim
1927 5386 1970 5438 is
2006 5381 2292 5437 victoriam

739 5484 942 5548 ϐιιὶιιςρ,
997 5501 1092 5552 per
1144 5481 1501 5536 collusionem
1548 5480 1776 5542 scilicet,
1813 5477 2074 5546 prodidit,
2131 5484 2295 5541 atque

737 5589 800 5624 ex
835 5588 1013 5641 pugna
1055 5571 1314 5640 profugit,
1366 5570 1625 5622 Pisidiam
1663 5577 1717 5620 et
1765 5565 2140 5634 Pamphyliam
2172 5579 2296 5633 per-

742 5678 972 5716 currens
1007 5664 1218 5716 atlJixit.
1271 5664 1460 5716 Postea
1513 5659 1762 5729 plurimis
1806 5658 2021 5728 pugnis,
2055 5666 2108 5709 et
2143 5656 2297 5708 loco-

740 5770 861 5806 rum
925 5754 977 5807 in
1024 5755 1230 5807 lsauria
1279 5752 1865 5812 incomiuoditatibus,
1911 5749 2120 5802 viribus
2178 5747 2300 5813 ejus

2397 4638 2604 4706 μάτων,
2643 4633 2735 4685 καὶ
2763 4629 2859 4700 οἴῳ
2906 4629 3054 4681 τέλει
3100 4631 3395 4698 ἐχρήσατο,
3434 4628 3492 4678 ἐν
3522 4627 3789 4694 ἐπιδρομῇ
3823 4626 3961 4677 ἀπο⁶

2394 4727 2672 4798 χρώντως,
2703 4717 2875 4790 οἶμαι,
2909 4720 3248 4788 εἰρήκαμεν·
3288 4719 3337 4769 εί
3385 4716 3443 4770 δέ
3495 4733 3572 4785 τῳ
3618 4717 3771 4783 φίλον
3807 4719 3964 4782 ἀκρι-

2395 4820 2502 4880 ϐῶς
2537 4816 2630 4869 καὶ
2660 4815 2799 4867 κατὰ
2834 4812 3028 4864 λεπτὸν
3054 4810 3304 4864 διειδέναι
3337 4808 3408 4861 τὰ
3438 4807 3514 4876 τῷ
3539 4809 3762 4876 πολέμῳ
3787 4807 3963 4873 τούτῳ

2395 4908 2757 4979 γεγενημένα,
2797 4908 2862 4974 τῇ
2895 4902 3178 4967 Pataram
3208 4901 3376 4970 δέλτῳ
3419 4900 3773 4968 ἐντυγχάνειν
3835 4901 3963 4952 τού·-

2396 5022 2489 5058 τον
2513 5000 2826 5068 κελεύομεν,
2866 4999 2932 5067 ῆν
2977 4996 3004 5046 ὁ
3054 4994 3408 5064 σχολαστικὸς
3457 4993 3752 5056 συνέταξεν
3794 4993 3962 5045 Fabat-

2397 5097 2532 5159 ϐιος,
2563 5097 2590 5146 ὁ
2626 5091 2776 5160 παρὰ
2801 5088 3028 5158 Τρωτλῳ
3062 5087 3324 5155 φοιτήσας
3353 5085 3429 5154 τῷ
3461 5089 3689 5154 σοφιστῇ
3717 5101 3730 5114 ο
3766 5084 3825 5148 ὃς
3847 5087 3965 5147 τοῖς

2398 5190 2690 5259 πράγμασι
2726 5182 2939 5252 παρὼν,
2973 5182 3068 5233 καὶ
3106 5179 3384 5246 αὐτόπτης
3417 5177 3508 5229 τοῦ
3533 5178 3774 5243 πολέμου
3807 5179 3966 5245 γενό-

2403 5299 2582 5353 μενος,
2623 5280 2849 5347 τέτρασι
2907 5274 3133 5342 βιϐλίοις
3171 5274 3228 5324 ἐν
3275 5271 3442 5340 ήρὼῳ
3477 5270 3660 5338 μέτρῳ
3692 5269 3964 5338 λαμπρῶς

2403 5372 2687 5440 ἐπεξῆλθε.
2715 5369 2943 5438 Νεαρῶν
2964 5367 3018 5418 δὲ
3043 5364 3152 5416 τῶν
3173 5362 3516 5430 πραγμάτων
3547 5361 3736 5423 ὄντων,
3761 5361 3967 5427 σφόδρα

2405 5468 2497 5519 ἐπί
2551 5467 2616 5533 τῆ
2665 5462 2955 5530 συγγραφῇ
3009 5453 3351 5524 ἐθαυμάσθη.
3415 5452 3524 5504 Καὶ
3563 5451 3872 5518 Ἀμμώνιος
3923 5450 3962 5500 δ’

2405 5562 2590 5630 ῑτερος
2640 5557 2888 5627 ποιητὴς,
2947 5555 3015 5605 τὸ.
3073 5549 3211 5604 αὐτὰ
3274 5547 3622 5617 ῥαψῳδήσας,
3683 5545 3964 5612 εὐδόκιμος

2407 5653 2654 5722 διεκρίθη
2684 5649 2776 5702 ἐπὶ
2808 5649 2906 5715 τῆς
2939 5643 3218 5716 παρούσης
3245 5640 3565 5710 ἡγεμονίας.
3596 5635 3846 5688 Τοσαῦτα
3878 5635 3968 5687 καὶ

2412 5762 2476 5797 πε
2488 5745 2539 5813 pi
2565 5742 2788 5794 τούτων.

742 5845 958 5910 accisis,
996 5849 1084 5903 vix
1109 5857 1161 5902 et
1199 5847 1394 5918 ipsein
1426 5846 1836 5915 Hellespontum
1879 5843 2057 5897 salvus
2100 5839 2292 5896 evasit.
2342 5837 2518 5906 Atque
2589 5833 2682 5888 tibi
2767 5830 2892 5887 inde
2938 5831 2990 5886 in
3026 5825 3314 5883 Thraciam
3362 5820 3595 5890 trajecit,
3636 5833 3744 5874 non
3799 5817 3969 5871 multo
