4248 6446
273 382 387 450 953
1156 392 1744 454 ECCLESIASTICE
1782 395 1950 454 IIIST

1846 394 2166 454 [STORMS
2212 393 2355 456 LIB.
2404 396 2569 456 XIII.
3410 397 3518 465 9H

276 506 403 569 post
434 498 667 554 interiit.
739 499 1019 557 Sedenim
1074 502 1141 558 de
1210 505 1516 560 audacibus
1575 506 1757 561 Gaiu:e
1832 509 2139 573 conatibus,
2214 510 2554 578 interituque
2611 511 2750 580 ejus,
2808 512 2923 565 haec
2975 510 3177 566 cursim
3228 508 3398 575 dicta,
3459 515 3521 561 ut

276 594 498 664 opinor,
538 594 836 652 sufﬁciunt.
879 598 936 654 Si
981 600 1108 668 quis
1141 612 1326 656 autem
1365 604 1679 657 accuratius
1726 605 2053 673 pleniusque
2122 620 2209 660 res
2264 621 2330 660 eo
2408 606 2552 661 bello
2583 616 2762 675 gestas
2800 621 3130 674 cognoscere
3199 605 3354 666 velit.
3392 618 3518 660 eum

277 685 550 742 Gaiueum
586 688 790 743 librum
836 691 1021 751 lettere
1049 692 1333 763 iubemus,
1384 712 1548 764 quem
1621 696 1891 751 Eusebius
1933 698 2301 753 scholasticus
2348 699 2678 768 composuit,
2750 700 2921 754 Troili
2956 699 3213 769 sophista:
3258 705 3522 753 sectator.

277 775 383 844 Qui
414 794 542 835 cum
574 782 742 837 rebus
772 785 1033 853 gerendis
1064 798 1344 856 spectator
1410 790 1523 857 ipse
1588 788 1716 843 belli
1788 791 2162 856 interfuisset,
2202 792 2257 846 in
2297 802 2538 861 quatuor
2573 793 2779 849 libellis
2809 792 3033 847 heroico
3066 806 3228 846 versu
3278 790 3333 844 id
3365 790 3522 843 lucu-

280 876 461 930 lenter
489 878 795 945 exposuit:
864 878 1014 947 quod
1087 872 1376 949 scriptum,
1449 892 1673 950 propter
1745 882 1822 935 rei
1876 883 2200 949 novitatem,
2272 883 2327 937 in
2402 900 2598 953 magna
2664 884 3031 939 admiratione
3097 881 3221 937 fuit.
3294 879 3397 936 Sed
3468 887 3523 932 et

278 971 607 1025 Ammonius
636 981 796 1040 poeta
836 973 998 1037 alter,
1068 974 1158 1043 qui
1199 974 1347 1028 idem
1422 975 1625 1029 bellum
1688 975 2033 1029 carminibus
2065 978 2405 1045 composuit.
2466 979 2761 1047 praeclarus
2799 978 3047 1047 proximo
3080 974 3332 1044 imperio,
3368 971 3525 1027 sede-

279 1067 426 1121 cimo
468 1066 711 1137 iunioris
764 1067 1060 1123 Theodosii
1101 1071 1388 1124 consulatu
1417 1110 1431 1131 ,
1484 1085 1647 1139 quem
1716 1086 1841 1125 eum
1885 1071 2085 1126 Fausto
2155 1075 2327 1141 gessit
2356 1075 2494 1143 (tum
2525 1075 2671 1129 enim
2710 1091 2901 1143 poema
2972 1073 3023 1127 id
3054 1067 3524 1142 publicavit),ha-

279 1161 431 1217 bitus
460 1170 567 1217 est.
607 1162 680 1217 De
721 1162 808 1217 his
843 1162 1130 1220 hactenus.

880 1279 1133 1334 ΚΕΦΑΛ.
1180 1282 1254 1335 Ζ’.
1886 1282 1925 1335 Δ

292 1365 393 1432 Ὧς
432 1367 714 1436 Ἰωάννης
747 1370 851 1421 τὸν
881 1370 1035 1423 ,ισὸν
1060 1371 1189 1435 ταῖς
1218 1371 1640 1436 διδασκαλίαις
1672 1372 1845 1438 ἐκρά-

354 1454 475 1491 τει·
536 1440 636 1491 καὶ
684 1440 818 1504 περὶ
866 1442 972 1493 τοῦ
1041 1445 1357 1508 γεγονότος
1420 1444 1719 1508 θαύματος
1770 1442 1849 1502 τῷ

354 1508 490 1576 ἱερῷ
522 1508 620 1581 nat
646 1510 849 1581 _tt[,t[(p
899 1509 1065 1575 δώρῳ
1095 1512 1165 1563 ἐν
1207 1510 1316 1579 μιᾷ
1367 1513 1626 1581 γυναικὶ,
1652 1513 1747 1565 καὶ
1780 1514 1850 1566 τὰ

351 1578 729 1633 Μακεδονίαν
760 1580 1092 1647 φρονούσῃ.

367 1694 621 1763 Ἰωάννης
653 1694 710 1746 δὲ
766 1695 793 1747 ὁ
842 1693 1004 1761 θεῖος,
1039 1694 1115 1757 ὡς
1168 1696 1366 1765 χρεὼν,
1398 1699 1496 1767 τὴν
1548 1695 1852 1766 ἐπιτροπὴν

278 1786 381 1854 τῆς
424 1783 754 1853 Ἐκκλησίας
800 1785 1018 1849 ίθύνων,
1051 1786 1279 1850 πολλοὺς
1314 1788 1413 1855 μὶν
1462 1787 1520 1854 ἐξ
1557 1787 1849 1855 Ἑλλήνων,

280 1877 512 1938 πολλοὺς
545 1876 590 1929 δ’
621 1876 682 1942 ἐξ
740 1879 1007 1948 αἱρέσεων
1038 1883 1162 1943 ταῖς
1192 1880 1571 1943 διδασκαλίαις
1616 1881 1851 1949 ὑπῆγεν.

282 1972 398 2024 Οὐκ
426 1971 641 2037 ὀλίγους
665 1972 719 2024 δὲ
749 1973 842 2024 καὶ
871 1974 980 2024 τῶν
1009 1971 1198 2024 παθῶν
1226 1971 1300 2034 ὡς
1327 1972 1662 2042 πορρωτέρω
1682 1971 1854 2023 ἐποίει

281 2064 348 2130 τῇ
376 2064 595 2131 συνεχεῖ
626 2062 735 2114 τῶν
784 2062 961 2129 λόγων
1018 2062 1233 2133 άρδείᾳ.
1264 2065 1504 2131 Ἀπειρα
1570 2065 1626 2116 δὲ
1686 2062 1850 2129 στίφη

282 2155 638 2225 καθεκάστην
667 2155 938 2224 συνέρρει,
960 2156 1008 2207 oi
1040 2156 1138 2223 μὲν
1162 2153 1248 2207 ἔπ’
1276 2154 1516 2223 ὠφελείᾳ
1543 2152 1651 2205 τῶν
1682 2153 1857 2223 λόγων

283 2246 716 2313 διακουσόμενοι,
750 2249 798 2298 oi
835 2248 891 2299 δὲ
925 2248 1017 2298 καὶ
1054 2247 1250 2313 πεῖραν
1288 2245 1607 2313 ληψόμενοι.
1644 2242 1855 2295 ’Ἅπαν-

283 2339 383 2399 τάς
411 2353 471 2389 τε
506 2336 703 2405 ἀθρόον
729 2338 873 2408 ᾕρει,
914 2338 1009 2389 καὶ
1051 2340 1248 2406 ἐπίσης
1277 2334 1522 2399 δοξάζειν
1550 2336 1699 2403 αὐτῷ
1727 2334 1857 2404 περὶ

283 2429 347 2480 τὸ
375 2427 520 2480 θεῖον
544 2428 787 2481 ἔπειθεν.
837 2428 963 2480 Ἐπὶ
993 2429 1150 2480 τόσον
1187 2428 1242 2481 δὲ
1278 2429 1344 2480 τὰ
1378 2428 1562 2497 πλήθη
1601 2425 1735 2496 πρὸς
1769 2429 1861 2477 αὺ-

283 2521 377 2572 τὸν
411 2522 683 2589 κεχηνότα
731 2515 895 2589 ἦσαν,
926 2520 1240 2589 άκορέστως
1272 2520 1382 2571 τῶν
1417 2519 1590 2585 λόγων
1620 2518 1859 2584 ἔχοντες,

2444 1280 2605 1350 363
2656 1277 2878 1334 canor
2919 1276 3032 1331 vn.

1959 1369 2022 1425 Ut
2053 1369 2287 1424 Joannes
2325 1373 2559 1424 doctrina
2598 1387 2691 1425 sua
2722 1372 2969 1439 populum
3010 1385 3112 1439 quo
3145 1366 3319 1439 vellet,
3356 1365 3522 1439 duxe-

2027 1445 2132 1494 rit:
2165 1451 2212 1494 et
2246 1454 2298 1493 ut
2340 1442 2627 1504 miraculo,
2667 1436 2768 1494 non
2792 1436 2907 1494 sine
2940 1436 3034 1493 Dei
3073 1438 3282 1491 numine
3306 1476 3320 1501 ,
3362 1436 3523 1486 inter-

2026 1514 2257 1571 cedente.
2299 1512 2528 1567 Joannes
2562 1514 2831 1566 mulierem
2861 1511 3147 1581 quamdam
3175 1518 3329 1560 sectis
3352 1504 3530 1558 Mace-

2026 1581 2269 1634 doniana:
2301 1582 2371 1634 ad
2398 1584 2599 1652 frugem
2634 1584 2919 1634 reduxerit.

2031 1695 2194 1747 Divos
2226 1694 2487 1757 Joannes,
2515 1710 2612 1762 pro
2650 1694 2715 1746 eo
2750 1702 2915 1760 atque
2951 1706 3047 1759 par
3078 1699 3181 1751 est,
3219 1684 3517 1740 Ecclesiam

1954 1788 2289 1854 gubernans,
2333 1786 2535 1839 tnultos
2571 1801 2635 1838 ex
2668 1783 2871 1839 Grazca:
2898 1778 3310 1851 superstitionis
3344 1785 3517 1831 secta-

1956 1880 2192 1941 toribus,
2232 1879 2433 1932 multos
2460 1881 2624 1933 etiam
2674 1894 2740 1932 ex
2779 1874 3105 1935 lueresibus,
3139 1868 3387 1925 doctrina
3421 1880 3526 1920 sua

1959 1973 2205 2043 pellexit.
2238 1970 2435 2026 Multos
2461 1974 2689 2039 insuper
2721 1984 2884 2038 quam
2919 1965 3285 2036 longissimea
3311 1957 3524 2013 vitiosis

1958 2063 2244 2116 allectibus
2307 2073 2362 2115 et
2427 2059 2882 2130 perpessiouibus
2943 2054 3167 2111 assidua
3217 2053 3515 2107 verborum

1959 2154 2227 2224 rigatioue
2259 2153 2503 2207 abduxit.
2540 2151 2759 2205 lnlinita
2794 2164 3015 2219 quoque
3053 2145 3301 2217 Quotidie
3334 2139 3523 2196 multi-

1961 2247 2094 2298 tudo
2130 2245 2193 2299 ad
2221 2261 2346 2299 eum
2384 2243 2670 2307 conﬂuxit,
2710 2243 2910 2312 partim
2956 2255 3083 2295 eum
3137 2237 3416 2298 auditura,
3466 2240 3523 2287 et

1961 2338 2253 2391 utilitatem
2299 2337 2536 2404 aliquam
2592 2349 2655 2388 ex
2701 2347 2954 2388 sermone
3000 2333 3119 2402 ejus
3155 2336 3525 2399 perceptura:

1961 2432 2161 2500 partim
2236 2429 2515 2482 hominem
2573 2428 2790 2487 visura,
2853 2425 3270 2494 periculumque
3336 2419 3403 2473 de
3459 2432 3526 2470 eo

1964 2524 2193 2577 factura.
2225 2523 2427 2577 Omnes
2476 2531 2656 2576 autem
2709 2522 2799 2575 ille
2845 2519 3009 2573 simul
3064 2518 3229 2586 cepit,
3280 2525 3336 2568 et
3383 2513 3528 2565 idem

284 2613 427 2667 ὥστε
459 2616 553 2665 κα)⁵
574 2613 910 2667 κινδυνεύειν
936 2612 1146 2681 προσῆν
1179 2612 1434 2674 ἐκείνοις,
1469 2610 1859 2677 ὼστιζομένοις
1894 2624 1933 2675 υ

1852 2626 1859 2667 .'
1894 2624 1933 2675 Β
1966 2632 2150 2669 secum
2181 2615 2249 2669 de
2281 2616 2393 2675 Deo
2434 2615 2641 2668 sentire
2692 2610 2988 2683 persuasit.
3034 2611 3094 2664 ln
3148 2619 3358 2663 tantum
3397 2620 3529 2657 vero

286 2704 383 2755 καὶ
412 2703 890 2771 περιθλιϐομένοις
932 2703 1204 2769 ἀλλήλων,
1241 2701 1318 2770 τῷ
1366 2703 1598 2769 πλησίον
1625 2701 1863 2755 ἕκαστον

286 2794 498 2847 ἐθέλειν
541 2796 635 2846 καὶ
687 2794 855 2861 ἐγγὺς
892 2794 1032 2846 ίέναι
1078 2793 1386 2863 βιάζεσθαι,
1425 2793 1499 2854 ὡς
1540 2792 1606 2845 ἂν
1641 2792 1866 2861 ἀκριϐέ-

288 2901 485 2952 στερον
538 2884 749 2936 ἐκείνου
806 2882 1063 2950 λέγοντος
1100 2882 1372 2951 άκροῷτο.
1412 2883 1513 2936 Διά
1568 2899 1652 2934 τοι
1704 2881 1863 2933 τοῦτο

286 2977 543 3035 κάκεῖνος
571 2977 750 3026 κοινὸν
778 2975 945 3028 πᾶσιν
976 2974 1170 3027 ἑαυτὸν
1201 2974 1481 3044 παρέχων,
1516 2974 1611 3026 ἐπὶ
1642 2972 1734 3024 τοῦ
1755 2971 1865 3024 τῶν

288 3061 659 3127 ἁναῄωστῶν
706 3060 953 3131 βήματος
1011 3060 1178 3130 μέσος
1223 3061 1560 3130 καθήμενος,
1606 3058 1862 3129 ἄφθονον,

288 3147 376 3205 οἷα
399 3152 465 3223 δὴ
500 3152 688 3223 κοινὴν
736 3152 920 3221 χάριν,
961 3152 1061 3221 τὴν
1113 3151 1462 3204 διδασκαλίαν
1505 3153 1784 3220 παρεῖχεν.
1803 3150 1863 3203 Ἢ

289 3244 344 3297 δὲ
412 3243 623 3311 πληθὺς
682 3241 759 3312 τῷ
813 3243 930 3313 ήδεί
989 3243 1097 3295 τῶν
1138 3242 1318 3308 λόγων
1367 3242 1862 3312 κατακηλούμενοι,

290 3334 718 3406 προὺλάμόανον
747 3334 1001 3397 ἕκαστος,
1047 3335 1242 3396 νυκτὸς
1278 3335 1373 3387 καὶ
1404 3336 1641 3403 ἡμέρας,
1672 3334 1747 3396 ὡς
1788 3337 1865 3388 εί-

291 3430 439 3505 πεῖν,
485 3426 566 3497 τῷ
594 3426 701 3496 νεῲ
746 3427 1204 3498 παρεδρεύοντες.
1249 3429 1363 3480 Οὐκ
1410 3420 1638 3497 ἄκαιρον
1679 3426 1737 3481 δέ
1774 3445 1866 3497 μοι

292 3522 558 3575 δοκεῖκαὶ
584 3519 613 3572 δ
648 3518 738 3572 ἐπ’
779 3518 946 3572 αὑτοῦ
980 3519 1291 3589 παράδοξον
1328 3520 1598 3588 ἐγεγόνει,
1623 3520 1719 3573 νῦν
1746 3519 1861 3588 διη-

293 3614 592 3683 γήσασθαι.
634 3612 802 3681 Ἀνήρ
833 3629 919 3674 τις
960 3612 1026 3665 τὰ
1063 3610 1402 3666 Μακεδονίου
1444 3612 1613 3664 νοσῶν
1642 3611 1868 3678 γυναικὶ

292 3708 494 3775 ἐπίσης
533 3704 808 3775 φρονούσῃ
842 3703 1102 3774 συνῴκει.
1142 3706 1251 3757 Καὶ
1297 3703 1360 3774 δή
1402 3720 1531 3756 ποτε
1562 3702 1636 3766 ὥς
1668 3720 1731 3770 γε
1761 3703 1867 3773 χρὴ

293 3799 539 3863 δοξάζειν
572 3814 637 3849 πε
650 3797 702 3867 ρὶ
728 3795 864 3848 Θεοῦ
896 3796 975 3865 τῷ
1025 3796 1244 3866 μεγάλῳ
1272 3787 1587 3864 περιτυχὼν
1615 3793 1867 3861 διαλεγο-

298 3894 471 3962 μένῳ,
508 3888 669 3950 εὑθὺς
701 3889 801 3958 τὴν
830 3887 989 3950 δόξαν
1014 3888 1174 3955 ἀφεὶς
1199 3888 1582 3955 μετεϐάλλετο,
1616 3890 1712 3943 καὶ¹
1735 3890 1870 3961 ἐπῄε-

1966 2705 2117 2772 plebs
2139 2705 2404 2758 doctrina:
2426 2704 2565 2772 ejus,
2595 2718 2702 2771 qua
2736 2700 2923 2755 satiari
2950 2714 3057 2752 non
3081 2706 3317 2765 poterat,
3345 2695 3527 2748 inbia.

1965 2799 2080 2861 hat,
2122 2810 2179 2850 ut
2214 2796 2523 2866 periculum
2575 2794 2743 2849 etiam
2787 2793 2892 2847 sibi
2943 2791 3198 2845 homines
3239 2795 3523 2848 crearent,

1964 2889 2093 2943 dum
2136 2890 2280 2943 inter
2313 2902 2373 2942 se
2406 2896 2659 2941 conserta
2698 2884 2859 2939 turba
2895 2889 3302 2953 premerentur,
3327 2878 3530 2933 cubitis

1964 2981 2058 3036 alii
2094 2982 2230 3035 alios
2258 2981 2656 3034 submoventes
2686 2989 2851 3047 atque
2883 2975 3233 3045 repellentes,
3255 2972 3401 3041 quod
3434 2984 3536 3038 pro

1967 3090 2025 3129 se
2056 3073 2291 3143 quisque
2326 3072 2393 3125 ad
2428 3085 2553 3124 eum
2578 3084 2741 3140 quam
2765 3069 3013 3137 proxime
3056 3063 3323 3118 accedere
3364 3075 3537 3115 cona-

1967 3174 2143 3230 retur,
2191 3178 2303 3234 quo
2346 3164 2554 3218 certius
2582 3162 2896 3228 clariusque
2933 3159 3084 3212 illum
3130 3157 3404 3210 dicentem
3438 3170 3540 3207 au-

1966 3262 2092 3315 dire-
2117 3265 2325 3327 posset.
2350 3255 2524 3322 Quam
2552 3254 2623 3308 ob
2648 3269 2870 3308 causam
2907 3252 2999 3305 ille
3032 3263 3253 3320 quoque
3290 3262 3537 3301 commu-

1966 3366 2091 3405 nem
2125 3365 2184 3405 se
2223 3348 2481 3403 oumibus
2507 3346 2739 3417 praebuit
2764 3363 2776 3397 :
2802 3345 2931 3397 etin
2964 3343 3233 3396 lectorum
3254 3351 3547 3409 suggestu,

1967 3443 2021 3497 in
2086 3441 2265 3496 media
2325 3439 2486 3493 turba
2544 3438 2860 3501 eonsidens,
2918 3436 3143 3489 uberem
3202 3431 3545 3491 doctrinam..

1968 3533 2123 3603 quasi
2165 3546 2513 3586 communem
2551 3528 2842 3597 quamdam
2877 3526 3105 3595 gratiam
3139 3522 3397 3578 omnibus
3429 3522 3535 3575 itu-

1969 3625 2177 3695 pertiit.
2222 3624 2292 3678 Et
2336 3638 2419 3678 ex.
2445 3620 2800 3676 multitudine
2835 3620 3069 3688 quisque
3104 3615 3376 3671 suavitate
3410 3629 3539 3669 ora~

1968 3716 2136 3770 tionis
2155 3716 2277 3784 ejus
2307 3714 2609 3777 delibutus,
2640 3712 2944 3780 anticipare
2976 3710 3155 3763 locum
3184 3705 3547 3775 properabat,

1969 3808 2059 3861 die
2093 3818 2389 3874 nocteque,
2442 3813 2503 3857 ut
2537 3805 2610 3857 ita
2642 3802 2843 3866 dicam,
2896 3801 2947 3853 in
2993 3798 3195 3866 templo
3230 3811 3355 3850 eum
3390 3811 3534 3863 prae-

1972 3886 2200 3953 stolans.
2242 3895 2363 3951 Non
2408 3894 2850 3963 intempestivum
2886 3907 3013 3945 vero
3043 3892 3282 3951 videtur,
3318 3886 3531 3955 insigne

295 4000 377 4036 νει
412 3986 481 4034 τά
540 3980 836 4050 εἰρημένα.
875 3980 1101 4049 Ἐπίσης
1135 3980 1191 4033 δὲ
1253 3980 1571 4049 μεταθεῖναι
1626 3982 1727 4034 καὶΔ
1769 3984 1866 4051 τὴν
1893 3972 1935 4027 C
1969 4018 1972 4037 ι

1851 4000 1866 4033 t
1893 3972 1935 4027 ο
1969 3991 2115 4059 quod
2147 3988 2249 4044 sub
2278 4004 2347 4042 eo
2376 3987 2595 4049 accidit,
2629 3983 2953 4038 miraculum
2991 3982 3093 4035 hoc
3135 3979 3256 4033 loco
3287 3992 3528 4031 comme-

295 4076 533 4143 γυναῖκα
583 4073 685 4140 τὴν
712 4070 874 4134 δόξαν
914 4070 1247 4139 ἠνάγκαζεν.
1294 4070 1447 4123 Ἐπεὶ
1478 4072 1523 4123 δ’
1567 4070 1865 4141 ἐξελομένη

1851 4092 1865 4141 i
1972 4098 2206 4136 morare.
2241 4081 2336 4135 Vir
2383 4078 2605 4148 quidam
2650 4074 2959 4130 Macedonii
3014 4071 3209 4127 morbo
3247 4070 3528 4127 laborans,

295 4168 397 4235 τῆς
454 4165 748 4233 συνηθείας
785 4164 881 4215 καὶ
921 4165 1042 4225 ταῖς
1088 4162 1198 4215 τῶν
1247 4164 1541 4232 γνωρίμων
1588 4164 1869 4230 γυναικῶν

1859 4183 1869 4213 '
1976 4189 2205 4230 uxorem
2263 4173 2456 4227 eadem
2509 4169 2835 4238 contagione
2870 4166 3125 4219 infectam
3154 4162 3408 4217 habebat.
3437 4160 3536 4212 Hic

297 4259 562 4327 ὁμιλίαις,
595 4258 797 4325 ἣκιστα
829 4254 920 4307 τὸν
953 4254 1113 4322 λόγον
1156 4254 1449 4323 προσίετο*
1494 4254 1568 4316 ὡς
1605 4254 1868 4316 πολλάκις

266 4380 270 4382 ~
298 4352 500 4418 πεῖραν
537 4346 834 4416 προσάγων
860 4346 1112 4413 οὐδαμῶς
1141 4345 1349 4408 επειθε,
1385 4345 1539 4408 τέλος
1561 4344 1765 4412 ἔλεγεν,
1796 4346 1869 4408 ὼς

298 4440 467 4510 Εὶμὴ
484 4438 617 4492 ’τῶν
638 4439 817 4493 θείων
837 4439 934 4491 καὶ
957 4437 1068 4506 τῆς
1093 4438 1279 4504 δόξης
1304 4438 1433 4507 ἐμοὶ
1454 4439 1865 4506 κοινωνήσεις,
1904 4493 1913 4501 ,

298 4533 413 4585 οὐκ
444 4530 522 4581 ᾶν
543 4542 642 4581 σοι
673 4526 771 4579 καὶ
805 4525 914 4580 τοῦ
944 4525 1263 4581 συνοικεῖν
1281 4525 1411 4595 ἐμοὶ
1430 4524 1682 4595 γένοιτο.
1720 4526 1781 4579 'H
1814 4527 1871 4578 δὲ

300 4622 441 4693 γυνὴ
470 4621 931 4690 σχηματισαμένη
957 4619 1310 4685 κατάνευσιν,
1339 4618 1447 4672 τῶν
1470 4620 1873 4699 θεραπαινίδων

301 4718 407 4786 μιᾷ
439 4712 715 4767 ἐκοινοῦτο
742 4712 769 4763 ὃ
797 4711 931 4781 δρᾷν
996 4711 1213 4780 ἔμελλε.
1240 4712 1607 4781 παραπείθειν
1640 4714 1718 4775 εἰς
1752 4714 1873 4779 ἑξα-

300 4809 487 4875 πάτην
515 4804 607 4857 τὸν
640 4804 834 4871 ἄνδρα.
887 4802 998 4854 Καὶ
1025 4803 1178 4871 παρὰ
1215 4802 1309 4855 τὸν
1340 4802 1441 4871 τῆς
1478 4804 1873 4872 μυσταγωγίας

301 4896 498 4965 καιρὸν
536 4893 858 4963 προσιοῦσα,
909 4895 1122 4963 ἐδέχετο
1157 4895 1256 4964 μὲν
1296 4893 1355 4947 τὸ
1382 4896 1561 4964 δῶρον
1587 4894 1774 4967 ὥσπερ
1807 4892 1876 4964 ἦν

302 4989 425 5050 ἔθος
447 5004 458 5016 ·
496 4988 588 5039 καὶ
624 4984 743 5052 δῆτ’
773 4985 1027 5051 ἀσφαλῶς
1056 4984 1279 5054 ἔχουσα,
1330 4980 1422 5038 οἵα
1446 4986 1609 5055 δῆθεν
1644 4988 1875 5056 εὐχομέ-

303 5096 373 5148 νη
413 5080 833 5148 κατέκρυπτεν·
868 5079 903 5147 ἦ
936 5094 998 5146 γε
1040 5079 1148 5148 μὴν
1175 5078 1487 5147 θεράπαινα
1519 5078 1872 5148 παρεστῶσα,

302 5173 584 5242 λαθραίως
616 5171 675 5223 δν
706 5169 920 5223 οἴκοθεν
959 5169 1124 5237 ἄρτον
1154 5171 1335 5221 κοινὸν
1375 5171 1699 5241 ἐπεφέρετο,
1724 5172 1880 5224 ἀντεο

1974 4283 2099 4323 cum
2127 4264 2424 4335 aliquando
2462 4264 2515 4317 iu
2547 4277 2801 4330 magnum
2830 4260 2983 4312 iiluut
3011 4259 3188 4310 virum
3219 4252 3529 4315 incidisset,

1971 4359 2249 4430 quomodo
2308 4356 2373 4411 de
2424 4356 2534 4408 Deo
2592 4352 2941 4409 sentiendum
2995 4352 3099 4407 sit,
3146 4334 3540 4408 disserentem;

1977 4453 2163 4509 statim
2188 4449 2369 4520 priore
2403 4447 2668 4515 opinione
2706 4444 2894 4498 relicta
2933 4452 3193 4503 mutatus,
3215 4439 3359 4493 dicta
3388 4436 3544 4491 illius

1975 4544 2218 4600 laudavit
2249 4560 2262 4596 :
2298 4539 2702 4609 conjugemque
2736 4545 2795 4589 ut
2826 4533 3014 4589 itidem
3050 4543 3106 4586 et
3144 4532 3261 4601 ipsa
3305 4540 3533 4585 senten-

1978 4638 2108 4691 tistn
2146 4648 2301 4689 suam
2336 4639 2598 4692 mutaret,
2633 4644 2832 4695 cogere
2882 4626 3102 4679 institit.
3134 4623 3236 4679 Ubi
3282 4638 3414 4677 vero
3442 4622 3537 4677 illa

1976 4741 2043 4779 ex
2086 4721 2488 4778 consuetudine
2518 4730 2575 4774 et
2604 4718 2895 4786 colloquiis
2923 4715 3260 4785 quotidianis
3300 4714 3549 4767 fhttiilia-

1980 4818 2125 4871 rium
2162 4812 2609 4868 muliercularum
2648 4808 2908 4878 pendens,
2940 4806 3371 4862 admonitionem
3417 4805 3554 4873 ejus.

1978 4923 2089 4962 non
2120 4907 2386 4977 suscepit,
2420 4912 2477 4958 et
2516 4902 2747 4956 maritus
2791 4916 2850 4953 re
2886 4899 3089 4966 saepius
3134 4906 3361 4957 tentata,
3402 4896 3546 4949 nihil

1979 4997 2186 5056 effecit.
2238 5006 2520 5066 postremo
2560 4994 2609 5047 ei
2642 4989 3009 5051 denuntiavit,
3060 4989 3159 5043 nisi
3192 5002 3555 5043 communem

1977 5098 2144 5157 atque
2161 5086 2408 5140 eamdem
2442 5098 2630 5139 secum
2655 5084 2721 5137 de
2755 5083 2866 5136 Deo
2892 5082 3168 5135 obtineret
3198 5079 3555 5148 opinionem,

1983 5180 2232 5244 minime,
2271 5193 2330 5233 se
2361 5192 2481 5231 eam
2536 5190 2727 5230 secum
2770 5175 3014 5227 habitare
3059 5186 3346 5240 passurum
3400 5185 3549 5224 esse.

304 5266 451 5321 δίδου
471 5281 484 5295 ·
524 5264 583 5358 δν
614 5265 678 5335 δὴ
707 5264 802 5317 καὶ
830 5264 1243 5333 προσφέρουσα,
1270 5268 1351 5328 εἰς
1400 5264 1554 5318 λίθου
1617 5268 1870 5334 μεταπή-
1912 5300 1957 5354 D

1865 5296 1870 5306 ν
1912 5300 1957 5354 ι)
1987 5273 2183 5327 Mulier
2207 5283 2493 5341 postquam
2538 5270 2588 5323 id
2629 5285 2722 5337 per
2762 5268 3169 5322 simulationem
3218 5266 3436 5330 annuit,
3475 5279 3542 5317 ex

308 5355 551 5427 γνυσθαι
594 5357 757 5423 φύσιν
801 5358 1009 5409 ἐκεῖνον
1054 5358 1471 5424 ἐμάνθανε,τοῖς
1498 5358 1675 5411 ὀδοῦσι
1724 5358 1882 5428 δῆθεν

1881 5383 1882 5391 ‘
1984 5366 2199 5421 ancillis
2231 5379 2393 5433 quam
2434 5361 2598 5415 ﬁdam
2632 5361 2736 5415 sibi
2772 5374 2892 5413 esse
2936 5356 3215 5422 credebat,
3261 5356 3378 5420 uni,
3412 5355 3558 5424 quia

308 5451 633 5522 πειρωμένη
661 5448 914 5504 λεαίνειν.
943 5450 1051 5503 Καὶ
1072 5450 1277 5519 τῷδέει
1303 5452 1333 5519 ἡ
1361 5451 1497 5520 γυνὴ
1525 5451 1876 5515 συσταλεῖσα,

310 5544 545 5597 δείσασα
596 5558 657 5593 τε
694 5542 767 5612 μή
801 5558 853 5593 τι
885 5542 1038 5611 πάθῃ
1070 5540 1255 5594 θεόθεν
1302 5544 1397 5595 ἐπὶ
1436 5542 1517 5611 τῷ
1561 5543 1880 5611 παραδόξως

314 5633 612 5703 συμϐάντι,
644 5627 701 5685 οἷ
735 5634 930 5701 τάχους
978 5630 1113 5702 εἷχε,
1157 5633 1235 5703 τῷ
1278 5634 1502 5703 μεγάλῳ
1544 5636 1882 5704 προσεφοίτα

313 5724 526 5793 Πατρί·
562 5725 622 5776 τό
670 5742 729 5776 τε
771 5726 1015 5796 πραχθὲν
1054 5727 1304 5797 ἤγγελλε,
1352 5728 1443 5781 τόν
1474 5744 1532 5780 τε
1572 5728 1717 5781 λίθον
1755 5730 1881 5780 ἐπε-

312 5816 521 5877 δείκνυ,
584 5816 669 5869 ἐπ’
708 5817 929 5887 ἀκριῦὲς
969 5818 1067 5888 τὴν
1100 5819 1285 5873 εἰκόνα
1335 5820 1426 5874 τοῦ
1453 5820 1731 5890 δήγματος
1785 5822 1876 5888 φές

1989 5461 2200 5514 factura
2231 5467 2394 5519 esset,
2428 5454 2687 5516 credidit,
2743 5464 2801 5507 ut
2829 5468 2925 5521 per
2953 5449 3205 5521 'fraudem
3244 5450 3421 5502 virum
3447 5447 3549 5502 {al-

1990 5551 2144 5605 leret.
2198 5549 2265 5603 Et
2312 5564 2593 5601 sacrorum
2649 5547 3032 5616 mysteriorum
3086 5554 3353 5613 tempore,
3388 5541 3561 5613 365,

1990 5640 2258 5694 accedens
2310 5641 2423 5701 illa,
2457 5639 2685 5701 donum,
2724 5638 2882 5692 sicuti
2921 5652 3036 5691 mos
3074 5644 3190 5688 erat
3225 5635 3338 5705 (qui
3376 5631 3559 5686 sacris

1994 5731 2228 5785 instituti
2285 5742 2433 5792 sunt,
2490 5731 2617 5798 quid
2660 5731 2857 5787 dicunt,
2897 5728 3254 5797 intelligunt),
3288 5724 3499 5793 accepit
3533 5740 3559 5777 τ

1991 5836 2151 5891 atque
2201 5823 2251 5875 id
2313 5824 2571 5883 retinens.
2631 5822 2858 5889 perinde
2908 5835 3066 5891 Mque
3113 5820 3349 5876 orationi
3395 5832 3565 5872 vacav.
