4248 6446
713 351 822 418 955
1900 349 2319 407 NICl-Il‘ilOIll
2369 349 2714 407 CALLIS'I'I
3840 342 3950 408 956

717 476 862 529 tura,
909 478 968 518 se
1002 462 1263 516 Inclinata
1296 462 1575 528 submisit,
1611 464 2040 534 mysteriumque
2087 479 2270 518 saero-
2301 468 2345 525 Α
2379 482 2394 532 ς

2301 468 2345 525 Α
2379 482 2562 532 ροντα,
2621 464 2835 533 ἀγνῶτα
2887 463 2986 533 μὲν
3044 463 3140 535 τὴν
3202 462 3358 533 ὕλην,
3408 461 3614 527 ξενίζον
3665 463 3722 516 δὲ
3758 462 3852 515 καὶ
3886 463 3951 514 τὸ

715 563 964 609 sanctum
1012 555 1256 607 occuluit
1305 571 1318 606 :
1369 566 1421 607 et
1473 570 1594 621 quae
1642 555 1692 608 ei
1730 555 2020 607 assistebat
2051 557 2273 620 ancilla,
2369 577 2392 626 χ

2271 601 2273 612 .
2369 556 2567 626 χρῶμα
2590 556 2779 626 ὥσπερ
2807 555 3272 624 προσεὸλημένον.
3297 555 3584 624 Αίτήσασα
3607 554 3664 607 δὲ
3693 553 3948 621 συγγνώ-

715 664 813 716 pro
858 663 925 700 eo
972 662 1168 714 panem
1207 661 1557 701 communem
1590 647 1753 700 domo
1788 647 2013 699 allatum
2049 649 2274 712 obtulit,
2377 669 2392 720 ε

2270 691 2274 709 ,
2377 669 2504 720 μην,
2541 649 2636 702 τοῦ
2667 648 2858 702 λοιποῦ
2917 650 3198 715 διαγέγονε
3245 647 3314 700 τὰ
3370 648 3460 699 ίσα
3493 647 3571 714 τῷ
3616 648 3772 715 ἀνδρὶ
3806 663 3947 714 φρο-

712 755 875 806 quem
911 739 999 791 illa
1031 739 1113 792 ori
1153 738 1476 804 admovens,
1515 740 1568 791 in
1595 738 1796 807 lapidis
1824 747 2076 793 naturam
2110 741 2277 794 indu-
2372 762 2389 794 ι

2270 770 2277 780 ›
2372 742 2558 796 νοῦσα.
2606 742 2668 796 '0
2715 743 2771 796 δὲ
2818 741 2960 805 λίθος
3021 745 3100 804 είς
3133 741 3323 794 πίστιν
3373 741 3467 794 τοῦ
3513 740 3800 809 Θαύματος
3832 742 3947 799 τοῖς

714 843 890 883 ratum
920 847 1068 891 esse.
1103 832 1232 885 dum
1276 831 1534 886 dentibus
1570 841 1807 885 atterere
1857 843 2106 896 conatur,
2149 848 2276 886 sen-
2374 852 2389 885 ι

2274 866 2276 872 ν
2374 837 2539 902 ιεροῖς
2591 835 2904 905 κειμηλίοις
2957 835 3053 902 τῆς
3092 834 3424 902 Ἐκκλησίας
3468 836 3525 895 ἐς
3570 833 3710 884 πολύ
3738 849 3787 884 τι
3820 832 3951 900 χρό-

713 925 785 975 sit
816 923 915 992 (ἱ).
955 924 1143 993 Itaque
1178 925 1376 979 timore
1401 926 1632 992 percita,
1661 941 1728 978 ne
1767 925 1894 992 quid
1923 926 2145 994 gravius
2180 941 2278 990 per
2376 945 2390 979 η

2274 942 2278 953 ’
2376 943 2470 979 νου
2518 927 2946 998 διατηρούμενος
2983 921 3074 995 ἦν,
3112 925 3301 993 Θαῦμα
3347 929 3460 988 τοῖς
3511 927 3679 996 ὁρῶσι
3718 928 3951 992 γενόμε-

717 1015 807 1066 [lci
841 1016 1134 1068 vindictam
1163 1025 1466 1084 pateretur,
1499 1025 1724 1084 propter
1754 1016 2102 1079 miraculum,
2127 1015 2272 1084 quod
2375 1034 2486 1079 νος.

713 1115 913 1173 przeter
980 1108 1297 1175 opinionem
1357 1109 1671 1171 acciderat,
1732 1111 1879 1164 nulla
1944 1109 2268 1177 interposita
2311 1124 2498 1174 mora,
2545 1111 2612 1165 ad
2666 1124 2919 1180 magnum
2976 1109 3132 1163 illum
3222 1109 3433 1164 accedit
3489 1108 3742 1175 Patrem,
3834 1123 3947 1161 rem

714 1208 887 1253 actam
935 1201 984 1253 ei
1027 1202 1271 1270 exponit,
1317 1212 1374 1256 et
1423 1202 1660 1269 lapidem
1707 1203 1972 1262 ostendit.
2013 1214 2166 1256 certo
2196 1211 2271 1254 .ct
2313 1213 2504 1271 aperte
2573 1218 2792 1258 morsus
2860 1203 3125 1259 indicium
3163 1205 3539 1266 exhibentem,
3577 1204 3668 1269 qui
3700 1205 3810 1269 jam
3839 1218 3954 1253 nta-

714 1293 907 1344 teriam
960 1292 1220 1362 ignotam,
1277 1309 1592 1363 novumque
1645 1305 1700 1348 et
1750 1297 1990 1348 alienum
2066 1294 2306 1347 colorem
2349 1294 2647 1350 obtineret.
2716 1295 2777 1348 Et
2812 1297 2970 1349 venia
3019 1295 3202 1349 delicti
3234 1296 3427 1364 petita,
3470 1295 3735 1360 deinceps
3764 1297 3814 1346 in
3857 1309 3951 1346 ea-

713 1385 834 1435 dem
862 1400 983 1438 cum
1014 1388 1212 1438 marito
1235 1388 1494 1455 opinione
1518 1387 1857 1455 perduravit.
1891 1387 2053 1454 Lapis
2083 1387 2182 1440 iste
2243 1387 2307 1438 ad
2353 1387 2513 1440 ﬁdem
2549 1389 2802 1443 miraculi
2826 1390 2946 1458 ejus
2977 1389 3282 1442 faciendam
3308 1390 3472 1457 longe
3501 1400 3745 1456 tempore
3809 1389 3951 1440 inter

713 1476 961 1531 ecclesiae
1004 1477 1229 1532 donaria
1278 1491 1613 1544 asservatus,
1661 1480 2064 1548 spectatoribus
2112 1479 2382 1532 miraculo
2419 1479 2544 1535 luit.

1293 1595 1517 1649 CAPUT
1556 1595 1696 1650 VIII.

719 1682 794 1735 [δι’
818 1684 1169 1753 frequentibus
1195 1687 1251 1738 in
1273 1687 1458 1740 divinis
1486 1689 1690 1755 templi:
1715 1688 1894 1755 populi
1920 1689 2272 1751 conventibus,

786 1764 834 1807 et
880 1757 942 1806 de
977 1755 1278 1822 psalmodiis
1329 1758 1634 1826 hymnisquc
1680 1759 1899 1811 alternis
1945 1761 2275 1822 decantatis;

784 1840 886 1897 qua
926 1840 988 1876 ca:
1026 1842 1187 1897 causa
1229 1835 1277 1897 ct
1319 1829 1573 1897 quomodo
1618 1841 1813 1880 morem
1858 1844 1973 1881 cum
2015 1829 2275 1897 psallendi

785 1895 1018 1962 primum
1049 1895 1285 1948 Ecclesia
1326 1895 1416 1948 Dei
1447 1899 1723 1966 acceperit.

785 2007 960 2060 Porro
1009 2009 1245 2077 populus
1293 2007 1940 2078 Constantinopolitanus
1987 2014 2276 2065 nocturnis

715 2101 1109 2170 matutinisque
1140 2102 1356 2170 hymnis
1396 2103 1628 2156 maxima
1674 2103 1958 2158 alacritate
2000 2105 2272 2171 incubuit,

713 2206 778 2243 ex
816 2193 1084 2258 ejusmodi
1123 2193 1358 2262 primum
1395 2209 1577 2248 causa.
1605 2197 1792 2249 Ariani
1827 2198 1929 2251 sub
1956 2197 2274 2253 Theodosio

714 2284 886 2337 sacris
906 2285 1120 2338 :cdihus
1150 2286 1384 2354 expulsi,
1417 2295 1571 2341 extra
1605 2289 1759 2342 urbis
1784 2291 1984 2344 mcenia
2012 2292 2275 2346 ecclesias

716 2386 1131 2444 conventusque
1159 2393 1289 2432 suos
1313 2377 1566 2448 agebant.
1605 2379 1764 2434 Prius
1787 2391 1970 2434 autem
2003 2392 2274 2437 nocturno

718 2477 962 2535 tempore
1001 2470 1054 2520 in
1103 2469 1342 2536 publicis
1383 2471 1690 2538 porticibus
1727 2473 2069 2542 congregati,
2107 2483 2273 2542 atque

717 2559 769 2609 in
801 2558 1004 2612 choros
1037 2575 1165 2613 suos
1208 2560 1495 2628 segregati,
1529 2561 1773 2614 carmina
1809 2562 2057 2630 quaedam
2109 2564 2272 2616 alter-

719 2652 802 2703 uis
831 2649 1259 2716 antiphonorum
1293 2652 1454 2704 modo
1502 2653 1605 2705 sibi
1659 2653 1893 2707 invicem
1935 2655 2276 2722 responden-

717 2739 816 2801 tia,
846 2740 911 2793 ad
945 2741 1169 2795 haeresis
1192 2757 1302 2796 sua:
1333 2742 1525 2810 placita
1554 2743 1983 2806 accommodata,
2006 2747 2275 2801 concinne

717 2834 1010 2894 canebant,
1045 2842 1100 2886 ct
1129 2843 1342 2887 noctem
1377 2837 1601 2888 multam
1638 2835 1692 2888 in
1732 2836 1999 2904 ejusmodi
2029 2839 2272 2904 psalmo-

2932 1595 3185 1650 ΚΕΦΑΛ.
3235 1591 3315 1649 Η’.

2377 1688 2512 1755 Περὶ
2544 1687 2655 1755 τῆς
2680 1691 2768 1754 είς
2797 1688 2939 1754 τοὺς
2965 1689 3166 1754 θείους
3187 1687 3339 1752 νεὼς
3364 1686 3667 1752 συνεχοῦς
3709 1684 3947 1751 σχολῆς

2445 1758 2565 1810 τῶν
2612 1758 2810 1812 λαῶν·
2853 1760 2951 1812 καί
2997 1759 3130 1823 περὶ
3183 1758 3303 1811 τῶν
3352 1756 3704 1824 ἀντιφώνων
3742 1757 3950 1823 ὕμνων

2446 1829 2543 1879 καὶ
2583 1827 2950 1895 ψαλμῳδιῶν
2972 1868 2986 1890 ,
3035 1829 3175 1881 ὅθεν
3206 1827 3304 1880 καὶ
3359 1828 3520 1892 ὅπως
3553 1827 3738 1878 ταῦτα
3778 1825 3844 1877 τὸ
3875 1825 3947 1887 ἐξ

2444 1897 2638 1965 ἀρχῆς
2671 1898 2706 1963 ἡ
2742 1899 2845 1952 τοῦ
2875 1897 3028 1950 Θεοῦ
3053 1899 3380 1962 Ἐκκλησία
3404 1896 3768 1963 παρέλαϐεν.

2445 2014 2544 2066 Διά
2568 2031 2648 2065 τοι
2685 2014 2843 2066 τοῦτο
2870 2013 3284 2082 προθυμότερον
3326 2013 3354 2065 ὁ
3386 2014 3479 2078 τῆς
3528 2011 3946 2064 Κωνσταντίνου

2374 2103 2508 2166 λεὼς
2538 2107 2646 2165 τοῖς
2672 2121 2727 2156 τε
2754 2104 3000 2167 ἑωθινοῖς
3025 2106 3116 2156 καὶ
3144 2107 3478 2173 νυκτερινοίς
3508 2103 3699 2172 ὕμνοις
3729 2101 3947 2170 μάλιστ’

2376 2197 2615 2266 ἐχρῶντο
2645 2197 2702 2260 ἐξ
2727 2198 2906 2260 αἰτίας
2935 2198 3149 2250 τοιᾶσδε
3179 2199 3554 2266 γεγενημένης
3579 2198 3640 2249 τὸ
3667 2197 3724 2262 ἐξ
3743 2198 3946 2267 ἀρχῆς.

2376 2290 2438 2339 υἱ
2501 2288 2771 2356 Ἀρειανοὶ
2823 2290 2918 2340 ἐπὶ
2973 2289 3258 2342 Θεοδοσίου
3283 2289 3394 2341 τῶν
3445 2289 3749 2358 εύκτηρίων
3779 2289 3949 2340 οίκων

2377 2379 2767 2445 ἀπελαθέντες,
2791 2380 2897 2449 πρὸ
2927 2379 3037 2433 τῶν
3071 2379 3266 2448 τειχῶν
3291 2379 3755 2450 ἐκκλησιάζοντες
3782 2375 3948 2448 ἦσαν.

2376 2472 2650 2540 Πρότερον
2677 2471 2732 2524 δὲ
2771 2472 2985 2539 νύκτωρ
3018 2473 3136 2534 ταῖς
3158 2471 3451 2540 δημοσίαις
3489 2474 3672 2536 στοαῖς
3699 2471 3952 2541 ἀθροιζό-

2379 2578 2552 2626 μενοι,
2588 2563 2680 2614 καὶ
2703 2563 2781 2625 είς
2817 2565 3144 2632 συστήματα
3165 2563 3590 2631 διακρινόμενοι,
3621 2565 3766 2633 ᾠδάς
3791 2581 3950 2626 τινας

2374 2654 2572 2722 τρόπον
2599 2654 2916 2722 ἀντιφώνων
2963 2654 3264 2716 ποιοῦντες,
3304 2655 3439 2724 πρὸς
3482 2656 3542 2707 τὸ
3592 2657 3821 2717 ἐκείνοις
3856 2656 3944 2707 δο-

2376 2743 2505 2798 κοῦν
2543 2747 2638 2816 τῆς
2674 2747 2940 2816 αἱρέσεως
2975 2747 3231 2815 ἐμμελῶς
3258 2743 3387 2819 ᾖδον
3413 2764 3428 2779 ο
3465 2746 3561 2798 καὶ
3609 2747 3669 2798 τὸ
3699 2747 3952 2799 πλεῖστον

2374 2838 2439 2906 δὴ
2487 2837 2586 2904 τῆς
2623 2839 2819 2900 νυκτὸς
2850 2838 2945 2889 ἐπὶ
2988 2837 3203 2899 τούτοις
3255 2837 3577 2905 ἀνήλισκον.
3617 2838 3753 2890 Ὕπῦ
3795 2840 3839 2890 δ’
3874 2839 3952 2891 ἔω

717 2924 807 2975 dia
857 2923 1278 2977 consumebant.
1333 2923 1446 2978 Sub
1503 2941 1756 2980 auroram
1817 2937 1998 2981 autem
2059 2929 2394 3000 publiccci

2274 2956 2276 2978 ι
2305 2945 2346 3000 C
2379 2929 2617 2998 δημοσίᾳ
2655 2928 2748 2980 καὶ
2791 2928 2965 2981 ταῦτα
2993 2926 3315 2996 ψάλλοντες,
3347 2928 3454 2994 ἔξω
3487 2929 3674 2980 πυλῶν
3713 2933 3792 2992 είς
3822 2930 3951 2990 τοὺς

717 3015 909 3068 eadem
945 3016 1322 3079 concinentes,
1349 3029 1498 3070 extra
1547 3019 1743 3072 urbem
1778 3020 1829 3072 in
1875 3036 1937 3074 ea
1974 3021 2064 3074 ubi
2092 3022 2276 3077 eccle-

719 3108 828 3161 sias
890 3108 1169 3160 habebant
1221 3108 1339 3161 loca
1399 3110 1797 3176 procedebant.
1865 3113 2160 3166 Faciebant
2223 3113 2276 3167 id

719 3200 954 3252 maxime
999 3198 1427 3254 solemnioribus
1458 3201 1722 3278 festorum
1758 3202 1972 3257 dierum
2011 3206 2276 3274 tempori-

721 3295 846 3355 bus,
885 3306 940 3346 et
988 3295 1158 3362 prima
1198 3293 1503 3362 eademque
1545 3293 1733 3348 ultima
1770 3295 2135 3352 hebdomadis
2167 3299 2277 3363 die,

721 3403 884 3455 quam
940 3387 1276 3440 Dominicam
1328 3401 1631 3440 vocamus:
1686 3387 1887 3456 quibus
1935 3390 2280 3456 temporibus

722 3478 888 3528 etiam
938 3490 1169 3544 synaxes
1225 3475 1280 3527 in
1336 3476 1585 3529 ecclesiis
1643 3474 1759 3528 ﬁeri
1816 3477 2015 3531 solent.
2082 3477 2278 3534 Postea

726 3580 858 3616 vero
899 3572 1094 3618 cautos
1127 3566 1266 3618 tales
1314 3566 1380 3618 ad
1410 3566 1826 3619 contentionem
1859 3582 2080 3637 quaque
2123 3570 2284 3624 insti-

727 3657 954 3710 tuebant
992 3657 1068 3725 (2)
1102 3675 1112 3708 :
1150 3675 1167 3707 ι
1210 3655 1442 3709 Ubinam
1483 3665 1611 3710 sunt
1646 3657 1934 3726 (dicentes)
1978 3660 2072 3726 qui
2102 3659 2285 3714 Trini-

727 3761 893 3802 tatem
927 3749 1169 3818 ejusdem
1205 3748 1531 3801 substantiae
1555 3759 1612 3802 et
1643 3749 1889 3818 ejusdem
1933 3750 2162 3805 honoris
2191 3767 2283 3806 co-

726 3843 878 3895 Iunt?
918 3861 933 3892 ο
991 3841 1115 3894 Ilaec
1165 3851 1218 3895 et
1249 3842 1368 3907 {alia
1423 3849 1685 3909 pra-terea
1721 3842 2058 3907 ejuscemodi
2113 3845 2282 3899 verba

726 3935 1062 3988 carminibus
1089 3935 1473 4002 aspergebant.
1504 3933 1664 4002 365
1701 3933 1805 3988 Sed
1840 3935 1986 3989 enim
2020 3936 2282 4002 Joannes,

729 4044 796 4080 ne
851 4028 1020 4094 aliqui
1056 4041 1122 4080 ex
1167 4025 1402 4078 ecclesia
1453 4040 1550 4078 sua
1591 4028 1712 4094 ejus
1759 4028 1979 4094 generis
2030 4030 2283 4084 cantibus

727 4117 980 4179 detnulsi,
1011 4118 1078 4170 ab
1111 4118 1217 4171 illis
1241 4117 1658 4182 seducerentur,
1678 4116 1744 4170 ad
1772 4118 2026 4171 eumdem
2058 4120 2282 4173 modum

729 4223 919 4266 centra
968 4209 1088 4262 illos
1128 4208 1486 4277 psalmodiam
1542 4222 1697 4261 suam
1731 4209 1987 4262 instituit.
2032 4208 2100 4262 Et
2135 4213 2281 4263 brevi

2383 3021 2580 3079 τόπους
2623 3019 2752 3072 ἔνθα
2806 3019 2900 3071 καὶ
2940 3019 3330 3089 ἐκκλησίαζον,
3384 3019 3728 3091 ἐπορεύοντο.
3765 3020 3953 3073 Ταῦτα

2383 3113 2438 3166 δὲ
2473 3115 2689 3182 μάλιστ’
2733 3116 2951 3167 ἐποίουν
2994 3116 3050 3166 ἐν
3082 3131 3141 3167 τε
3174 3115 3298 3177 ταῖς
3344 3116 3648 3185 ἐπισήμοις
3685 3116 3790 3166 τῶν
3827 3118 3953 3185 ἑορ-

2384 3205 2513 3266 τῶν,
2556 3205 2650 3256 καὶ
2679 3207 2746 3274 τῇ
2797 3205 2988 3275 πρώτῃ
3031 3205 3130 3258 καὶ
3163 3206 3456 3275 τελευταίᾳ
3504 3206 3607 3274 τῆς
3659 3207 3954 3274 ἑϐδομὰξος

2385 3295 2622 3362 ἡμέρας,
2686 3297 2751 3363 ἢν
2793 3294 3080 3364 Κυριακὴν
3123 3293 3502 3362 ὀνομάζομενο
3550 3298 3608 3345 ἐν
3636 3291 3722 3356 αἷς
3771 3297 3867 3346 καὶ
3899 3297 3953 3347 αἱ

2387 3384 2631 3448 συνάξεις
2664 3384 2804 3437 κατὰ
2835 3385 2932 3447 τὰς
2965 3385 3261 3453 ἐκκλησίας
3297 3384 3523 3437 εἰώθασι
3553 3384 3821 3451 γίνεσθαι.
3868 3386 3955 3447 Ἐς

2387 3473 2611 3546 ὕστερον
2639 3475 2695 3526 δὲ
2740 3477 2834 3528 καὶ
2859 3477 3155 3544 ἐριστικῶς
3193 3477 3264 3529 τὰ
3309 3477 3446 3546 μέλη
3493 3477 3707 3529 ἐτίθουν
3733 3494 3747 3506 ·
3785 3495 3803 3527 ι
3843 3477 3953 3528 [1ου]

2388 3545 2514 3627 εἰσί,
2547 3563 2817 3629 λέγοντες,
2863 3565 2914 3616 οί
2954 3565 3162 3633 Τριάδα
3211 3545 3498 3634 ὁμοίούσιον
3555 3568 3652 3619 καὶ
3691 3567 3956 3635 ὁμότιμον

2389 3652 2662 3717 σέϐοντες
2704 3674 2721 3704 ι
2757 3656 2854 3706 καὶ
2875 3654 3013 3709 ἄλλα
3048 3655 3172 3708 τινὰ
3192 3655 3415 3708 τοιαῦτα
3445 3658 3563 3718 ταῖς
3584 3657 3749 3726 ᾠδαῖς
3785 3674 3955 3726 παρε-

2393 3743 2634 3813 μίγνυον.
2671 3745 2866 3808 Δείσας
2907 3747 3089 3800 τοίνυν
3141 3748 3168 3800 ὁ
3201 3745 3458 3814 Ἰωάννης
3521 3748 3595 3815 μή
3637 3762 3783 3806 τινες
3842 3749 3957 3809 τοῖς

2389 3833 2650 3898 τοιούτοις
2685 3836 3155 3904 κατακηλούμενοι
3205 3837 3445 3903 μέλεσιν,
3469 3835 3519 3887 οἳ
3555 3835 3646 3886 ὑπ’
3680 3835 3830 3903 αὑτῴ
3864 3838 3955 3887 ἐκ·

2389 3925 2706 3994 κλησίαζον,
2755 3927 3073 3996 ὑπαχθῶσιν
3127 3930 3381 3989 ἐκείνοις,
3433 3938 3522 3980 τον
3567 3931 3679 3982 ἴσον
3743 3932 3958 3980 επενόει

2389 4020 2590 4086 τρόπον
2652 4020 3039 4086 ἀντιπράττειν
3075 4019 3279 4080 αὐτοῖς.
3327 4021 3414 4070 Ἑν
3467 4021 3662 4086 βραχεῖ
3684 4021 3729 4072 δ’
3766 4023 3960 4087 ἐπιση-

2395 4111 2615 4180 μότεροι
2639 4109 2746 4162 τῶν
2767 4110 2835 4162 δι’
2863 4111 3111 4171 ἐναντίας
3137 4113 3443 4178 γενόμενοι,
3475 4117 3616 4161 κατα
3647 4128 3700 4162 τε
3731 4113 3904 4177 altior,
3943 4152 3958 4176 ,

2391 4204 2486 4252 καὶ
2535 4202 2745 4272 προόδῳ
2791 4203 2959 4270 τιμῆς
3014 4202 3256 4262 ἐκείνους
3301 4203 3737 4270 ὑπερίὰιλλοντες
3780 4199 3958 4270 ἦσαν·

729 4320 790 4358 ca
855 4303 1150 4362 celebrior,
1206 4316 1368 4369 quam
1427 4299 1869 4354 adversariorum
1927 4311 2090 4361 esset.
2139 4300 2280 4356 facta
2315 4288 2406 4346 De

2315 4288 2357 4342 Ι)
2388 4298 2610 4363 σταυροὶ
2630 4294 2738 4363 γὰρ
2767 4293 3035 4362 ἀργύρεοι
3060 4294 3245 4361 κηρῶν
3270 4293 3357 4343 ἐπ’
3387 4299 3568 4353 αυτοῖς
3598 4297 3958 4361 ἁνημμένων,

730 4406 865 4448 cst:
919 4406 970 4446 ut
1023 4410 1146 4462 qua:
1198 4403 1253 4447 et
1307 4391 1659 4446 multitudine
1709 4401 1765 4445 et
1809 4393 2110 4446 honorifico
2160 4409 2289 4461 pro—

732 4501 919 4553 gressu
965 4486 1088 4538 illos
1119 4493 1430 4552 superaret.
1464 4482 1596 4536 Nam
1631 4499 1748 4536 eam
1783 4500 1980 4539 cruces
2012 4498 2288 4555 argentea:

729 4592 922 4630 cereos
958 4577 1213 4630 incensos
1263 4575 1532 4629 habentes
1581 4576 1866 4644 praeibam,
1901 4578 2148 4631 Eudoxia
2181 4579 2287 4631 im-

734 4667 1003 4736 peratoris
1036 4667 1264 4733 conjuge
1294 4668 1567 4733 impensas
1597 4667 1661 4719 ad
1694 4683 1812 4719 eam
1848 4683 1959 4720 rem
1988 4668 2288 4736 praebente,

732 4775 853 4825 qua:
886 4758 988 4810 hoc
1025 4756 1236 4808 Brisoni
1267 4756 1508 4809 cubiculi
1547 4758 1629 4809 sui
1671 4758 1926 4824 prsefecto
1958 4759 2210 4828 injunxit,
2234 4770 2292 4813 ut

733 4853 1062 4920 hymnorum
1115 4865 1306 4903 cantus
1359 4859 1703 4917 procuraret,
1737 4859 1790 4903 ct
1839 4850 1904 4903 ad
1961 4868 2085 4904 cum
2132 4868 2289 4906 usum

734 4960 898 5013 quam
956 4944 1248 5012 plurimum
1312 4943 1662 4996 lucernarum
1746 4955 1980 5011 pararet.
2054 4945 2172 5008 Qua
2235 4961 2291 5000 re

735 5036 922 5090 Ariani
955 5036 1019 5088 ad
1053 5035 1416 5088 armulationis
1462 5035 1710 5088 ardorem
1745 5036 1962 5103 perciti,
1993 5038 2055 5089 ad
2109 5037 2290 5090 vindi-

733 5142 876 5182 ctam
933 5145 989 5182 sc
1025 5129 1331 5196 contulere,
1365 5139 1420 5182 ct
1451 5143 1645 5183 manus
1678 5144 1804 5182 cum
1847 5133 2050 5183 nostris
2095 5146 2292 5186 conse-

736 5235 859 5273 rere
890 5229 1020 5272 sunt
1052 5221 1314 5287 aggressi.
1361 5219 1552 5272 Adhuc
1597 5219 1742 5272 enim
1774 5235 1840 5273 ex
1879 5235 1941 5274 ea
1976 5236 2136 5288 quam
2168 5231 2292 5274 ante

739 5314 1048 5366 habuerant
1079 5313 1316 5379 potentia
1346 5320 1400 5364 et
1439 5310 1834 5376 dominatione,
1864 5312 2062 5366 animis
2093 5312 2312 5380 ﬂagra-'

739 5407 892 5468 bant,
923 5413 979 5459 et
1017 5405 1080 5457 ad
1130 5418 1363 5473 pugnaui
1413 5403 1860 5456 committendam
1899 5405 2072 5474 parati
2112 5414 2290 5468 erant,

738 5511 1070 5568 nostrosque
1097 5500 1233 5551 adeo
1280 5499 1679 5566 despiciebant.
1733 5501 1919 5570 Itaque
1969 5507 2127 5552 nocte
2159 5514 2294 5566 (μισ-

738 5593 868 5650 dam
897 5593 1040 5646 inter
1083 5607 1141 5646 se
1181 5593 1485 5660 congressi,
1521 5608 1628 5645 mm
1661 5593 1817 5661 pauci
1850 5591 2107 5658 utrinque
2149 5592 2293 5644 ccci-

817 5775 896 5846 (I)
928 5777 1143 5834 Sozom.
1178 5792 1294 5846 cap.
1330 5778 1380 5839 ει,
1419 5779 1510 5832 lib.
1556 5794 1664 5830 vim.

2386 4386 2566 4436 αὐτῶν
2597 4385 2960 4454 προηγοῦντο,
2991 4387 3089 4452 τῆς
3133 4383 3405 4453 βασιλίδος
3445 4385 3703 4447 Εὺδοξέας
3731 4386 3832 4450 τὴν
3865 4388 3959 4436 δα-

2386 4478 2564 4546 πάνην
2587 4476 2935 4547 χορηγούσης
2961 4476 3170 4536 αὐτοῖς.
3206 4475 3317 4528 Καὶ
3343 4475 3593 4545 Βρίσωνα
3624 4477 3716 4527 τὸν
3745 4478 3838 4526 ἐπὶ
3863 4475 3961 4527 τοῦ

2388 4568 2646 4630 κοιτῶνος
2679 4569 2848 4635 αὐτῆς
2875 4567 3064 4619 ἔταττε
3096 4569 3224 4628 τοὺς
3248 4566 3449 4634 ὕμνους
3482 4566 3958 4633 παρασκευάζειν,

2390 4658 2484 4708 καὶ
2513 4656 2745 4724 ἄφθονον
2799 4657 3144 4726 εὐτρεπίζειν
3194 4657 3256 4707 τὸ
3291 4655 3427 4723 φῶς.
3465 4656 3961 4724 Ζηλοτυπήσαντες

2389 4751 2433 4803 δ’
2459 4751 2710 4802 ἐντεῦθεν
2763 4752 2812 4802 oi
2843 4749 2903 4814 ἐξ
2944 4750 3181 4819 Ἀρείου,
3213 4751 3308 4802 καὶ
3336 4751 3416 4809 εἰς
3466 4751 3682 4816 ἄμυναν
3717 4750 3962 4818 χωροῦν-

2388 4861 2498 4905 τες,
2554 4841 2950 4911 συμπληγὰδας
2980 4842 3304 4911 ἐπεχείρουν
3344 4843 3540 4894 ποιεῖν,
3581 4841 3690 4892 Καὶ
3739 4841 3848 4908 γὰρ
3877 4841 3962 4893 ἐτι

2391 4938 2453 4987 ἐκ
2477 4936 2571 5001 τῆς
2598 4934 2974 5002 προλαϐούσης
2991 4934 3312 4994 δυναστείας
3336 4933 3597 5001 ἔνθερμοι
3620 4933 3796 4993 ὄντες,
3822 4935 3960 4997 πρὸς

2391 5027 2776 5096 χειροκρασίαν
2805 5026 3016 5094 ἕτοιμοι
3041 5021 3204 5095 ἦσαν,
3235 5027 3329 5078 καὶ
3361 5025 3701 5093 ὑπερεώρων
3732 5027 3960 5084 αὐτούς.

2393 5122 2502 5175 Καὶ
2527 5123 2589 5191 δή
2632 5137 2757 5172 ποτε
2784 5119 2883 5188 μιᾷ
2912 5118 3020 5169 τῶν
3052 5119 3262 5169 νυκτῶν
3311 5117 3754 5185 συγκρούσαντες
3793 5120 3954 5186 uilli;-

2393 5214 2524 5276 λοις,
2564 5213 2852 5264 πίπτουσιν
2892 5210 3232 5279 ἑκατέρωθεν
3255 5211 3353 5262 οὐκ
3386 5211 3682 5279 ἐλάχιστοι.
3722 5211 3872 5278 Λ,ίθῳ
3903 5213 3960 5262 δὲ

2393 5311 2487 5359 καὶ
2517 5308 2657 5357 κατὰ
2691 5307 2751 5356 τὸ
2799 5305 3048 5372 μέτωπον
3081 5302 3333 5374 βάλλεται
3363 5301 3574 5370 Βρίσων
3612 5305 3640 5353 ό
3666 5305 3959 5370 εἰρημένος

2394 5403 2486 5468 τῆς
2518 5399 2762 5468 γαμετῆς
2804 5399 2898 5449 τοῦ
2933 5396 3197 5466 βασιλέως
3230 5394 3539 5463 τηνικαῦτα
3561 5395 3670 5446 τῶν
3702 5396 3958 5464 θαλαμη-

2395 5495 2576 5546 πόλων
2629 5492 2897 5560 εὐνούχων
2948 5487 3325 5559 προεστηκὼς.
3389 5489 3694 5557 ἱιεριοργὴς
3751 5487 3810 5540 δέ
3870 5489 3959 5539 διὰ

2395 5589 2566 5640 ταῦτα
2598 5587 2793 5654 γενόμε
2813 5603 2886 5645 .o;
2914 5587 2940 5637 ό
2964 5585 3206 5653 κρατῶν,
3233 5584 3322 5634 τοῦ
3355 5580 3544 5635 λοιποῦ
3578 5583 3674 5646 τὰς
3701 5583 3959 5645 τοιαύτας

2486 5772 2557 5835 (ε)
2598 5771 2810 5826 Sozam,
2857 5766 2975 5825 cod.
3011 5781 3124 5834 cap.
3164 5769 3214 5823 8.
