4248 6446
736 379 846 446 959

1938 393 2356 460 NILEPHUIH
2393 403 2736 463 CALLISTI

3860 403 3978 468 960

737 496 889 552 brevi
929 497 1012 551 eis
1044 511 1126 560 se,
1159 476 1252 566 qui
1288 498 1342 553 in
1382 497 1734 567 imperatoris
1780 502 1900 555 aula
1930 504 2134 573 aliquid
2175 523 2298 574 pos-
2329 517 2372 569 Α
2401 512 2414 560 ἐ

2296 537 2298 545 π
2329 511 2773 578 Αέπιτρέπεται.
2813 508 2924 573 Τάς
2981 508 3301 578 ίερουργοῦς
3367 508 3415 562 δ’
3481 508 3725 562 ἐπετίθει
3784 513 3973 580 χεῖρας

736 598 880 652 sent,
933 603 1055 642 cum
1089 591 1419 644 dexteritate
1451 593 1684 660 quadam
1741 593 2050 659 insinuans,
2109 598 2298 652 amicis

736 677 999 731 facillime
1037 694 1168 732 usus
1201 689 1283 733 est
1327 698 1340 734 :
1376 696 1615 749 quorum
1667 697 1826 750 opera
1861 684 2106 739 ecclesiae
2131 688 2296 740 Nico-

735 769 1039 822 mediensis
1088 771 1537 836 procurationem
1570 783 1652 825 est
1700 785 2052 833 consecutus.
2109 779 2297 832 Manus

735 870 918 912 autem
957 876 1146 914 sacras
1174 861 1223 914 ei
1266 862 1526 929 imposuit
1560 863 1861 929 llelladius,
1897 866 2123 922 Caasara:
2159 870 2297 939 Cap-

733 951 1003 1017 padocum
1075 962 1198 1020 post
1270 953 1528 1030 Basiliam
1594 972 1848 1025 magnum
1914 961 2293 1031 episcopatum

736 1040 986 1093 sortitus.
1037 1039 1278 1107 Eamque
1311 1045 1356 1096 is
1385 1044 1460 1098 illi
1507 1047 1694 1099 retulit
1737 1051 1990 1115 gratiam,
2026 1055 2172 1121 quud
2201 1070 2290 1107 au~

731 1131 985 1184 claritate
1015 1135 1133 1201 ejus
1185 1133 1327 1187 [ilius
1375 1152 1509 1188 suus
1558 1139 1902 1206 splendidum
1937 1143 1990 1195 iu
2026 1144 2291 1212 imperiali

732 1221 856 1273 aula
892 1233 1226 1278 consecutus
1269 1237 1414 1280 esset
1460 1229 1665 1282 locum.
1709 1231 1882 1285 Porro
1921 1234 2011 1287 ubi
2046 1237 2096 1289 id
2133 1239 2294 1292 divus

731 1313 1054 1366 Ambrosius
1088 1316 1334 1379 rescivit,
1374 1317 1440 1370 ad
1477 1319 1797 1374 Nectarium
1833 1325 2292 1398 Constantinopo-

731 1402 912 1454 litanae
951 1403 1204 1458 Ecclesia:
1252 1407 1571 1474 episcopum
1623 1411 1866 1480 scripsit,
1903 1430 1971 1468 ne
2017 1416 2168 1470 illum
2218 1420 2290 1473 ita

734 1494 1064 1548 insolescere
1115 1513 1210 1564 per
1251 1500 1643 1554 contumeliam
1687 1514 1992 1570 pateretur,
2030 1509 2123 1561 sed
2177 1511 2289 1580 cpi-

727 1597 1012 1654 scopatum
1032 1589 1079 1640 ei
1103 1589 1282 1655 potius
1303 1591 1604 1646 adimeret:
1636 1595 1906 1664 siquidem
1929 1599 2029 1664 illi,
2053 1617 2214 1668 quem
2235 1605 2287 1658 in

726 1679 983 1732 ccclesiis
1002 1694 1388 1735 conservatum
1409 1695 1712 1752 Oporteret,
1732 1689 1942 1745 ordinis
1961 1707 2091 1746 cura
2118 1707 2287 1750 esset.

729 1767 891 1839 367
955 1769 1020 1823 Et
1079 1771 1398 1851 Nectarius,
1467 1785 1526 1830 ut
1583 1778 1871 1834 Ambrosio
1934 1784 2287 1851 satisfaceret,

2399 601 2548 670 αὐτῷ
2607 601 2881 664 Ἐλλάδιος
2934 603 2963 654 ό
3019 602 3366 667 Καισαρείας
3428 600 3533 669 τῆς
3590 602 3975 656 Καππαδοκῶν

2403 694 2541 762 μετά
2563 693 2653 745 τὸν
2692 693 2868 762 μέγαν
2911 694 3192 757 Βασίλειον
3214 694 3314 763 τὴν
3341 693 3652 762 ἐπισκοπὴν
3684 695 3976 764 κληρωσά-

2402 795 2582 853 μενος,
2611 785 2772 854 χάριν
2796 786 2978 855 νέμων
3001 787 3213 854 ἐκείνῳ,
3247 787 3438 853 ὅτιπερ
3468 785 3545 849 τῷ
3578 786 3791 838 ἐκείνου
3823 788 3972 842 παιδὶ

2398 875 2572 934 αἴτιος
2610 875 2856 942 ἐγεγόνει
2878 874 3153 943 λαμπρῶς
3185 875 3485 943 εὐτυχῆσαι
3506 877 3617 934 τοῖς
3647 874 3967 943 βασιλείοις.

2403 965 2467 1018 Ὃ
2494 965 2557 1034 δὴ
2587 964 2776 1034 μαθὼν
2824 966 2851 1018 ὁ
2879 965 3018 1027 θεῖος
3061 965 3415 1034 Ἀμϐρόσιος,
3445 966 3740 1035 Νεκταρίῳ
3761 965 3839 1035 τῷ
3869 967 3969 1033 τῆς

2395 1057 3025 1118 Κωνσταντινουπόλεως
3093 1056 3426 1125 Ἐκκλησίας
3480 1058 3872 1125 προϊσταμένῳ
3907 1058 3965 1107 ἐ-

2394 1163 2614 1215 γραφε,
2677 1147 2754 1216 μὴ
2815 1145 2988 1209 οὕτως
3043 1149 3253 1198 ἐκεῖνον
3306 1147 3775 1216 περιυϐρισμένην
3806 1149 3964 1217 ὸρᾷν,

2394 1238 2529 1290 ἀλλά
2585 1237 2869 1308 Γερόντων
2925 1238 3023 1306 τῆς
3087 1235 3394 1306 ἱερωσύνης
3442 1235 3752 1298 ἐκϐάλλειν,
3807 1238 3966 1302 εἰπερ

2397 1329 2545 1396 μέλει
2578 1329 2724 1398 αύτῷ
2749 1330 2850 1398 τῆς
2883 1329 3348 1400 ἐκκλησιαστικῆς
3378 1330 3659 1396 εὐταξίας.
3692 1331 3804 1382 Καὶ
3829 1332 3964 1384 πολο

2393 1419 2458 1472 λὰ
2516 1421 2614 1488 μὲν
2670 1421 2972 1491 Νεκτάριος
3046 1422 3282 1475 ἔσπευσε
3343 1422 3672 1492 θεραπεύειν
3727 1424 3963 1494 Ἀμϐρό-

2368 1524 2506 1559 ·σιον
2531 1523 2546 1538 ο
2603 1509 2875 1578 ἐπεχείρει
2917 1509 2964 1562 δ’
2999 1509 3070 1572 ὡς
3109 1512 3283 1562 εἰπεῖν
3336 1511 3642 1581 ἀνηνύτοις,
3699 1528 3841 1577 γενν.

2389 1599 2498 1652 τῶν
2535 1600 2893 1670 Νικομηδέων
2929 1600 3118 1656 τούτου
3151 1601 3508 1670 ἐξεχομένων.
3528 1603 3664 1655 Ἀλλ’
3708 1604 3964 1673 Ἰωάννης

2395 1693 2546 1762 μόλις
2603 1692 2789 1763 ἴσχυσε
2842 1693 3000 1747 τοῦτο
3047 1693 3511 1762 διαπραξάμενος.
3550 1694 3812 1748 Καθελὼν
3853 1697 3964 1765 γὰρ

2392 1784 2572 1847 αὑτὸν,
2607 1785 2930 1854 ἐχειροτόνει
2974 1784 3298 1852 Πανσόφιον,
3325 1785 3383 1848 ὃς
3416 1786 3517 1852 τῆς
3555 1785 3648 1838 τοῦ
3693 1784 3961 1854 βασιλέως

734 1861 904 1915 nmlta
937 1865 1186 1918 tentavit.
1216 1867 1479 1920 Caeterum
1515 1884 1627 1922 rem
1655 1886 1944 1940 aggressus
1970 1885 2073 1940 est,
2105 1892 2288 1944 quam,
2323 1859 2364 1914 Β
2393 1892 2411 1926 c

2323 1859 2364 1914 Β
2393 1876 2628 1943 συζύγου
2662 1877 2827 1930 πάλαι
2865 1875 3209 1943 παιδαγωγὸς
3236 1877 3630 1946 ἐχρημάτισεν.
3655 1871 3763 1929 Ἦν
3794 1877 3848 1929 δὲ
3873 1871 3965 1928 οἶμ-

735 1964 792 2004 ut
826 1954 898 2006 ita
933 1954 1131 2022 dicam,
1179 1957 1444 2024 perlicere
1475 1975 1583 2013 non
1629 1972 1834 2030 posset.
1869 1966 2004 2019 Nam
2044 1969 2293 2024 Nicome—

732 2041 951 2096 dienses
1013 2046 1222 2113 magnis
1286 2047 1485 2101 animis
1550 2060 1737 2118 partes
1795 2055 1913 2122 ejus
1973 2058 2288 2111 tuebantur.

731 2132 970 2188 Joannes
1010 2148 1188 2189 autem
1226 2139 1312 2190 vix
1351 2139 1567 2193 tandem
1603 2142 1655 2195 id
1695 2143 1956 2211 perﬁcere
1994 2152 2192 2216 potuit.
2226 2149 2292 2202 Et

730 2223 994 2280 Gerontio
1024 2228 1340 2297 episc0patu
1375 2232 1657 2300 abrogato,
1692 2235 1742 2287 in
1782 2237 1962 2289 locum
2004 2241 2121 2308 ejus
2149 2241 2288 2294 Pan-

731 2315 983 2382 sopltium
1017 2318 1354 2382 subrogavit.
1384 2322 1476 2388 qui
1509 2321 1636 2374 olim
1674 2323 2016 2391 imperatoris
2044 2329 2292 2397 conjugis

731 2406 1056 2475 paedagogus
1107 2410 1311 2471 luerat,
1371 2413 1451 2463 vir
1505 2428 1768 2482 perquam
1829 2426 2178 2484 mansuetus,
2237 2429 2288 2474 et

729 2497 891 2552 valde
933 2501 1240 2568 religiosus,
1279 2503 1794 2561 Nicomediensibus
1827 2517 2007 2562 autem
2046 2509 2289 2579 ingratus

727 2598 892 2656 atque
945 2590 1170 2644 invisus.
1212 2593 1454 2648 Nectarii
1502 2611 1630 2650 sane
1689 2607 1931 2667 tempore
1979 2601 2194 2668 publice
2236 2612 2291 2656 ct

729 2680 979 2746 privatim
1009 2682 1248 2736 seditiosi
1293 2684 1535 2740 Gerontii
1583 2689 1737 2741 dotes
1764 2693 2286 2757 commemorabam,

730 2769 1153 2841 amuenteiuque
1203 2776 1322 2844 ejus
1379 2777 1681 2833 doctrinam
1740 2790 1904 2849 atque
1958 2783 2296 2852 singularem

726 2877 855 2932 erga
890 2880 1080 2920 omnes
1112 2868 1412 2937 locupletes
1454 2871 1616 2925 simul
1650 2880 1704 2924 et
1741 2887 2007 2941 panperes
2045 2876 2288 2929 dexteri-

733 2962 896 3009 tatem
934 2968 1096 3026 atque
1145 2960 1554 3027 liberalitatem,
1587 2979 1691 3017 nec
1738 2980 1845 3017 non
1887 2966 2128 3034 reliquas
2167 2982 2288 3035 quae

730 3048 779 3099 ei
819 3050 1052 3125 inerant
1107 3055 1339 3107 virtutes
1392 3053 1727 3109 referebant.
1779 3057 1958 3125 Atque
2007 3058 2174 3111 etiam
2231 3059 2286 3112 in

730 3123 1246 3207 supplicationibus,
1295 3144 1521 3210 perinde
1549 3140 1704 3213 quasi
1733 3145 1786 3198 in
1825 3123 1982 3200 terra:
2025 3149 2284 3211 motibus,

729 3232 960 3300 aliisque
1007 3235 1089 3287 vel
1137 3236 1191 3288 in
1241 3236 1412 3302 patria
1456 3237 1571 3306 ipsa
1604 3255 1724 3302 sua,
1763 3240 1844 3293 vel
1885 3241 2005 3294 aliis
2037 3242 2090 3294 in
2128 3242 2284 3305 locis,

731 3325 826 3377 ine
894 3326 1092 3380 divinae
1158 3327 1415 3394 indiciis,
1482 3331 1821 3398 psallebant,
1895 3344 2287 3403 precautcsque

730 3416 900 3468 Deum
931 3418 1179 3482 orabant,
1216 3428 1275 3473 ut
1311 3420 1414 3475 sub
1443 3421 1537 3475 illo
1565 3432 1783 3492 pastore
1813 3425 1893 3478 eis
1921 3440 2042 3479 esse
2073 3426 2284 3482 liceret.

730 3507 1016 3562 Postremo
1061 3526 1191 3564 vero
1242 3526 1373 3565 sane
1415 3528 1577 3581 quam
1631 3515 1810 3579 inviti,
1846 3531 1969 3570 cum
2020 3517 2287 3573 immenso

726 3598 880 3651 luctu
917 3611 968 3652 et
996 3601 1186 3653 delere
1228 3602 1379 3654 illum
1411 3603 1633 3670 quidem
1664 3587 1983 3660 amiserunt
2016 3624 2030 3660 :
2061 3617 2118 3661 et
2149 3608 2286 3661 Pan-

730 3689 1011 3756 sopliium,
1040 3704 1227 3744 contra
1265 3682 1433 3747 animi
1471 3694 1556 3748 sui
1589 3695 1940 3761 sententiam,
1974 3711 2100 3750 cum
2137 3708 2283 3753 metu

729 3786 786 3830 et
834 3779 962 3832 odio
1007 3781 1324 3850 episcopum
1375 3798 1687 3853 suscepere.
1726 3787 1913 3854 Itaque
1958 3801 2067 3840 non
2111 3789 2285 3842 solum

731 3869 806 3922 illi
861 3871 1062 3938 quibus
1111 3872 1184 3925 ita
1239 3875 1508 3942 adempta:
1560 3884 1720 3928 erant
1766 3877 2048 3941 ecclesiae,
2097 3895 2285 3933 verum

729 3963 892 4014 etiam
927 3964 1126 4036 quibus
1161 3965 1342 4034 aliqua
1375 3980 1498 4019 cum
1540 3967 1647 4021 illis
1688 3968 2061 4022 intercedebat
2102 3986 2289 4025 neces—

732 4053 955 4116 situdo,
1008 4055 1277 4110 Joannem
1333 4057 1786 4122 criminabantur,
1846 4061 2071 4129 perinde
2126 4072 2288 4130 atque

731 4161 900 4198 novas
933 4149 985 4199 in
1021 4147 1316 4202 Ecclesiam
1352 4165 1439 4204 res
1471 4152 1586 4219 ipse
1618 4151 1869 4221 princeps
1901 4154 2204 4218 induceret,
2235 4163 2290 4207 et

730 4238 953 4305 antiqua
1004 4241 1411 4295 ordinationum
1465 4243 1860 4312 episcopalium
1898 4245 2020 4312 jura
2069 4246 2288 4300 abolere

731 4329 1083 4385 institueret:
1105 4343 1161 4385 et:
1181 4334 1369 4387 dolore
1392 4334 1750 4407 immoderato
1777 4337 2128 4390 trausversim
2159 4338 2286 4402 acti,

728 4420 892 4473 etiam
919 4436 985 4474 ea
1013 4438 1134 4491 quae
1163 4425 1376 4478 ratione
1405 4426 1612 4493 optima
1641 4426 1889 4479 consulto
1926 4428 2145 4495 egisset,
2171 4429 2286 4497 opi.

2389 1986 2478 2032 τος
2529 1971 2698 2039 πρᾶος
2734 1969 2831 2035 μὲν
2858 1969 2978 2021 λίαν
3005 1968 3144 2036 ἀνὴρ
3167 2007 3180 2031 ,
3211 1969 3307 2021 καὶ
3329 1969 3569 2036 εὐλαϐὴς
3603 1970 3828 2036 ἐσάγαν,
3859 1968 3960 2020 Νι-

2390 2060 2690 2130 κομηδεῦσι
2731 2060 2787 2113 δὲ
2833 2060 2955 2113 λίαν
3005 2059 3202 2130 ἄχαρις
3254 2063 3347 2112 καὶ
3383 2059 3702 2128 ἀνέραστος.
3750 2059 3860 2110 Καὶ
3894 2060 3961 2126 δὴ

2389 2152 2542 2220 κοινῇ
2574 2151 2669 2202 καὶ
2703 2149 2838 2219 πρὸς
2871 2149 3100 2201 ἕκαστον
3151 2148 3557 2211 στασιάζοντες,
3589 2149 3657 2200 τὰ
3686 2149 3963 2217 προσόντα

2389 2237 2657 2307 Γεροντίῳ
2687 2237 2897 2308 χρηστά
2923 2237 3294 2308 ἀπηρίθμουν,
3325 2238 3385 2290 τό
3414 2254 3473 2289 τε
3519 2237 3620 2307 τῆς
3650 2239 3963 2308 ἐπιστῇμης

2388 2328 2638 2394 ἄφθονον,
2656 2329 2827 2381 καὶτὸ
2850 2346 2913 2380 πε
2924 2329 2977 2396 ρί
2996 2329 3200 2389 πάντας
3223 2329 3463 2399 πένητάς
3483 2346 3539 2379 τε
3559 2330 3652 2380 καὶ
3675 2329 3961 2390 πλουσίους

2387 2419 2557 2482 δεξιόν
2579 2437 2638 2472 τε
2667 2421 2762 2472 καὶ
2787 2420 3156 2488 μεταδοτικδν,
3187 2421 3283 2472 καὶ
3305 2423 3403 2482 τὰς
3433 2421 3739 2489 προσούσας
3767 2422 3965 2487 ἐκείνῳ

2386 2511 2579 2574 λοιπὰς
2601 2510 2709 2564 τῶν
2739 2512 2952 2582 ἀρετῶν
2982 2512 3287 2582 διηγοῦντο.
3321 2513 3431 2564 Καὶ
3464 2512 3616 2573 λιτάς
3651 2511 3708 2564 δέ
3738 2511 3962 2563 ποιοῦν-

2387 2618 2478 2663 τες
2512 2603 2602 2653 ἐπί
2625 2618 2683 2654 τε
2713 2604 2957 2671 σεισμοῖς
2986 2603 3077 2654 καὶ
3105 2602 3294 2663 ἄλλαις
3325 2602 3676 2672 θεοσημεέαις
3711 2603 3814 2656 ἀνὰ
3861 2601 3964 2671 τὴν

2386 2693 2620 2762 πατρίδα
2664 2695 2758 2744 καὶ
2787 2692 3041 2761 ἀλλαχοῦ,
3079 2692 3309 2760 ἔψαλλον
3340 2695 3438 2745 σὺν
3492 2693 3674 2763 ίκεσίᾳ
3702 2694 3794 2745 τὸν
3829 2693 3964 2745 Θεὸν

2384 2781 2778 2845 δυσωποῦντες,
2822 2782 2910 2834 ὑπ’
2967 2782 3162 2852 ἐκείνῳ
3213 2782 3346 2851 δῆτα
3389 2784 3607 2851 ποιμένι
3647 2783 3960 2836 τάττεσθαι.

2386 2873 2548 2935 Τέλος
2571 2873 2906 2942 βιασθέντες,
2946 2876 3043 2926 σὺν
3073 2875 3285 2943 ἀπείρῳ
3313 2874 3498 2926 πένθει
3535 2875 3630 2928 καὶ
3659 2875 3916 2942 ὀδυρμοῖς
3942 2916 3958 2938 ,

2386 2963 2596 3016 ἐκείνου
2636 2965 2735 3032 μὲν
2772 2964 3178 3033 ἀπηλλάττοντο
3202 2980 3215 2994 ·
3255 2966 3558 3030 Πανσόφιον
3599 2964 3658 3016 δέ
3697 2965 3921 3026 ἄκοντες
3944 3004 3960 3024 ,

2392 3058 2528 3126 μετά
2557 3059 2708 3118 δέους
2735 3059 2829 3110 καὶ
2863 3057 3051 3126 μίσους
3072 3059 3339 3126 ἐδέχοντο.
3370 3057 3768 3114 Κάντεῦθειού
3799 3060 3961 3126 μόνον

2387 3150 2437 3200 οἱ
2463 3149 2562 3212 τὰς
2594 3148 2886 3218 ἐκκλησίας
2907 3148 3317 3218 ἀφαιρεθέντες,
3336 3149 3429 3200 καὶ⁵
3459 3148 3574 3201 ὅσοι
3607 3149 3818 3209 τούτοις
3839 3149 3962 3200 ἐπι·

2389 3237 2617 3306 τηδείως
2647 3236 2812 3308 εἶχον,
2843 3239 2935 3292 τὸν
2974 3239 3224 3307 Ἰωάννην
3254 3241 3310 3292 ἐν
3339 3239 3538 3300 αἰτίαις
3569 3234 3962 3304 ἐποιοῦντομὶος

2389 3326 2669 3396 νεωτέρων
2689 3327 3032 3396 πραγμάτων
3061 3329 3181 3388 ταῖς
3213 3327 3532 3396 ἐκκλησίαις
3563 3327 3811 3396 ἀρχηγὸν
3830 3327 3962 3378 ἐσυ·

2387 3420 2480 3473 τὸν
2510 3419 2862 3486 καθιστάντα,
2898 3419 3032 3473 ἀλλά
3075 3422 3169 3473 καὶ
3196 3419 3272 3480 ὡς
3296 3419 3363 3471 τά
3391 3419 3499 3471 τῶν
3528 3417 3874 3488 χειροτονιῶν
3895 3419 3962 3469 ἐκ

2387 3508 2586 3560 πολλοῦ
2633 3508 2816 3561 δίκαια
2869 3507 3298 3578 καινοτομοῦντα
3339 3507 3500 3575 δῆθεν
3537 3508 3631 3560 καὶ
3682 3507 3960 3576 ᾑρημένον

2387 3601 2673 3670 ἁρπάζειν.
2696 3600 2858 3672 Λύπῃ
2886 3601 2941 3652 δὲ
2971 3600 3194 3669 ἀμέτρῳ
3227 3599 3508 3666 ἀγόμενοι,
3537 3599 3632 3650 καὶ
3663 3599 3759 3650 ὅσα
3794 3597 3958 3664 λόγου

2385 3696 2580 3764 ἐκείνῳ
2599 3695 2724 3761 ἀξια
2744 3693 3106 3763 πεπραγμένα
3124 3689 3287 3764 ἦσαν,
3307 3691 3615 3744 διαϐάλλειν
3634 3692 3960 3761 ἐπεχείρουν

2385 3789 2452 3857 τῇ
2481 3787 2588 3838 τῶν
2613 3786 2822 3839 πολλῶν
2848 3785 2972 3858 δόξῃ
3001 3785 3280 3855 ἑπόμενοι.
3318 3784 3572 3852 Ἰωάννης
3596 3782 3653 3835 δὲ
3689 3783 3824 3849 πρὸς
3856 3783 3959 3850 μὲν

2386 3878 2475 3931 τὸν
2514 3878 2685 3948 δῆμον
2729 3879 3012 3947 ὐπανῆπτε
3057 3879 3118 3930 τὸ
3168 3877 3393 3946 φίλτρον
3418 3891 3433 3905 ’
3487 3879 3640 3945 μῖσος
3670 3874 3717 3928 δ’
3753 3876 3818 3927 ἐκ
3847 3874 3958 3926 τῶν

2385 3970 2697 4038 δυναμένων
2725 3973 2820 4023 καὶ
2863 3971 2972 4022 τῶν
3012 3969 3110 4038 οὐχ
3139 3968 3312 4037 ὑγιῶς
3334 3967 3415 4037 ,τῷ
3447 3969 3634 4036 κλήρῳ
3679 3966 3960 4034 διακειμέ-

2386 4075 2491 4112 νων
2517 4061 2710 4112 ἐκτᾶτο
2737 4075 2749 4088 ·
2782 4059 2972 4127 ὅτιπερ
3001 4060 3129 4120 τοὺς
3183 4057 3280 4125 μὲν
3313 4054 3634 4116 ἀδικοῦντας
3660 4053 3913 4120 διήλεγχε
3941 4094 3958 4116 ,

2385 4152 2510 4211 τοὺς
2531 4154 2575 4204 δ’
2596 4154 2651 4203 ἐν
2678 4153 2858 4221 τρυφῇ
2879 4153 2972 4202 καὶ
3005 4149 3221 4219 πλούτῳ
3242 4148 3336 4202 καὶ
3360 4147 3536 4209 ἄλλως
3567 4146 3820 4214 άσέμνως
3841 4143 3961 4196 δια-

2388 4241 2635 4303 ϐιοῦντας
2669 4242 2802 4310 πρὸς
2839 4242 3042 4310 ἀρετὴν
3074 4241 3149 4302 ῶς
3192 4240 3309 4292 ἐνὸν
3360 4235 3610 4300 ἐϐιάζετο
3637 4235 3957 4319 ἐπανάγεινἔ

2386 4335 2635 4388 Μάλιστα
2672 4306 2727 4386 δέ
2758 4335 2856 4404 τὴν
2882 4306 3025 4400 ⁷πρὸς
3060 4333 3150 4384 τὸν
3183 4331 3383 4400 κλῆρον
3414 4327 3711 4398 ἀπέχθειαν
3741 4306 3969 4384 καῨτᾶθ

2388 4427 2573 4496 ὕϐρεις
2624 4426 2909 4498 Σεραπίων
2960 4425 3190 4490 αὐξῆσαι
3241 4423 3517 4491 ἐποίησεν,
3579 4418 3962 4488 ἁρχιδιάκονος

729 4512 948 4566 nionem
994 4517 1287 4569 multorum
1339 4528 1635 4585 sequentes
1678 4519 2175 4573 calumniabantur.
2219 4524 2286 4574 At
2319 4539 2359 4592 ι)
2388 4539 2406 4574 a

2280 4562 2286 4572 .
2319 4539 2359 4592 ι)
2388 4519 2550 4574 αὑτοῦ
2607 4518 2984 4590 χρηματίζων,
3032 4517 3170 4584 ἀνὴρ
3201 4514 3262 4566 τὸ
3293 4513 3392 4582 μὲν
3441 4512 3597 4579 γένος
3638 4508 3957 4576 Αἰγύπτιος,

726 4606 966 4661 Joannes
996 4623 1237 4662 amorem
1268 4625 1396 4679 erga
1428 4626 1485 4664 se
1527 4611 1672 4680 vulgi
1705 4613 1876 4679 magis
1907 4622 2069 4680 atque
2115 4612 2286 4681 magis

729 4699 1011 4753 accendit:
1031 4700 1325 4768 odiumque
1345 4702 1805 4770 potentiorum,et
1821 4717 2010 4756 eorum
2030 4703 2122 4770 qui
2142 4703 2289 4756 clero

732 4803 840 4840 non
861 4788 997 4842 bene
1018 4790 1233 4853 vellent,
1255 4792 1306 4843 in
1333 4806 1390 4844 se
1414 4793 1734 4854 concitavit,
1757 4793 2014 4860 quoniam
2041 4792 2289 4847 homines

735 4879 988 4948 injuriam
1020 4880 1144 4934 aliis
1181 4881 1359 4936 facere
1397 4883 1590 4938 solitos
1629 4884 1910 4953 arguendo
1938 4883 2287 4949 admonebat,

733 4971 1107 5041 delicatosque
1139 4983 1194 5026 et
1223 4974 1422 5028 divites
1444 5014 1458 5038 ,
1487 4985 1544 5030 et
1576 4976 1714 5030 alios
1746 4976 1840 5045 qui
1875 4991 2066 5045 parum
2104 4984 2290 5031 sancte

734 5065 1014 5126 vivebant,
1042 5065 1107 5118 ad
1139 5067 1393 5120 virtutem
1424 5068 1603 5135 quoad
1637 5067 1752 5122 ﬁeri
1785 5077 1989 5138 posset,
2013 5068 2290 5124 adducere

733 5157 1054 5208 certabatur.
1089 5156 1316 5211 Maxime
1335 5173 1462 5210 vero
1487 5159 1768 5211 hominum
1794 5159 1848 5211 in
1871 5160 2080 5212 clerum
2103 5158 2289 5212 odium

729 5259 788 5298 et
817 5249 1176 5301 contumelias
1203 5249 1465 5316 Serapion
1498 5252 1673 5316 auxit,
1701 5250 2122 5324 archidiaconus
2151 5253 2290 5320 ejus,

732 5354 934 5408 genere
963 5340 1262 5411 Egyptius,
1297 5343 1381 5395 vir
1412 5342 1725 5404 iracundus,
1753 5351 1807 5395 et
1838 5343 1902 5394 ad
1934 5342 2295 5397 contumelias

735 5433 938 5500 Oppido
956 5449 1114 5500 quam
1136 5435 1408 5502 proclivis.
1425 5433 1541 5488 Huc
1559 5449 1837 5488 accessere
1853 5435 2050 5503 agitata
2069 5434 2294 5487 consilia

735 5534 793 5578 et
822 5539 1114 5580 consessus
1145 5527 1369 5580 Joannis
1392 5541 1514 5581 cum
1544 5541 1697 5580 sacra
1721 5527 2063 5596 Olympiade,
2094 5527 2159 5578 de
2189 5541 2292 5594 qua

740 5629 932 5685 postea
997 5619 1263 5674 dicemus.
1321 5620 1463 5684 Quin
1528 5620 1616 5673 ille
1680 5620 1843 5673 etiam
1902 5619 2293 5672 monachorum

743 5711 1042 5764 multorum
1097 5712 1409 5766 inimicitias
1454 5713 1554 5766 sibi
1608 5713 1935 5765 conciliavit.
1977 5713 2296 5780 Quicunque

742 5805 889 5860 enim
943 5805 1081 5858 intra
1136 5806 1463 5860 monasteria
1525 5805 2060 5871 philosopharentur,
2099 5813 2152 5857 ct
2208 5819 2292 5854 res

2389 4611 2648 4678 δύσοργος
2680 4612 2736 4660 δὲ
2766 4609 2860 4662 καὶ
2886 4609 3021 4678 πρὸς
3068 4606 3254 4676 ὕϐρεις
3310 4603 3547 4674 μάλιστα
3576 4600 3956 4667 ἑτοιμότατος·

2388 4701 2469 4754 ἐτι
2496 4700 2554 4753 δὲ
2587 4700 2681 4752 καὶ
2715 4700 2770 4752 αἱ
2803 4699 2936 4767 πρὸς
2977 4695 3312 4764 Ὀλυμπιάδα
3340 4695 3441 4763 τὴν
3482 4692 3636 4744 θείαν
3671 4689 3958 4757 συνεδριά-

2391 4810 2502 4856 σεις
2529 4793 2624 4845 καὶ
2661 4789 2959 4861 συμϐουλαί
2978 4806 2993 4820 ο
3022 4788 3148 4858 περὶ
3182 4782 3247 4857 ἧς
3278 4784 3503 4854 ὕστερον
3534 4782 3790 4852 ἐροῦμεν.
3845 4781 3959 4832 Οὐκ

2389 4885 2528 4940 αύτά
2571 4885 2628 4935 δέ
2673 4882 2833 4951 μόνα,
2865 4880 3002 4933 ἀλλὰ
3028 4879 3121 4931 καὶ
3146 4878 3280 4947 πρὸς
3305 4875 3534 4937 πολλοὺς
3565 4874 3675 4926 τῶν
3706 4871 3961 4941 μοναχῶν

2389 4976 2642 5044 διάφορος
2689 4973 3038 5042 καθειστήκει
3063 4987 3079 5002 ο
3109 4970 3253 5024 ἔνδον
3282 4969 3390 5037 γὰρ
3413 4967 3523 5018 τῶν
3574 4962 3960 5035 μοναστηρίων

2390 5067 2699 5138 ᾑρημένους
2717 5065 3048 5134 φιλοσοφεῖν,
3071 5063 3164 5113 καὶ
3187 5061 3252 5112 τά
3272 5061 3444 5112 οἰκεία
3461 5057 3743 5126 πράττειν,
3767 5053 3960 5122 ἠγάπα

2389 5174 2448 5208 τε
2475 5156 2568 5208 καὶ
2596 5155 2682 5208 διὰ
2707 5153 2874 5225 τιμῆς
2896 5150 3030 5222 εἶχε.
3069 5151 3179 5206 Καὶ
3207 5152 3354 5210 ὅπως
3383 5149 3456 5216 μὴ
3488 5148 3643 5216 παρά
3672 5159 3817 5203 τινος
3843 5141 3963 5195 ἀδι-

2391 5248 2593 5310 κοῖντο,
2649 5247 2741 5299 καὶ
2775 5249 2831 5298 ἐν
2875 5243 3125 5311 ἀφθόνοις
3161 5241 3267 5295 τῶν
3309 5237 3585 5309 χρειωδῶν
3633 5232 3960 5292 ἀπολαύειν,

2394 5341 2597 5410 σφόδρα
2625 5337 2938 5409 ἐπιμελείας
2968 5337 3139 5407 ἠξίου.
3171 5334 3384 5404 Θύραζε
3425 5332 3481 5384 δὲ
3516 5330 3831 5401 προϊόντας,
3863 5327 3962 5380 καὶ

2393 5434 2496 5486 ἀνὰ
2526 5433 2622 5493 τὰς
2649 5431 2742 5498 τῆς
2778 5429 2984 5492 πόλεως
3015 5429 3209 5496 ἀγυιάς
3234 5425 3560 5495 περιιόντας,
3590 5424 3684 5475 καὶ
3712 5421 3772 5473 τὸ
3805 5427 3958 5488 (puo-

2395 5528 2578 5594 σοφεῖν
2609 5523 3008 5595 ἐνυϐρίζοντας,
3039 5521 3220 5587 λόγοις
3251 5515 3311 5571 εὖ
3349 5517 3486 5586 μάλα
3520 5513 3958 5581 ἐπειλημμένος,

2394 5615 2632 5678 ὠνείδιζέ
2662 5632 2718 5666 τε
2750 5617 2841 5666 καὶ
2875 5611 3339 5664 ἀπεσεὶετο.Ἔστι
3369 5609 3414 5660 δ⁹
3447 5608 3532 5659 ὅτε
3566 5606 3661 5658 καὶ
3686 5603 3963 5671 ἐτ’-πλητ-

2394 5727 2499 5761 των
2533 5706 2788 5774 iisetiam:
2821 5708 2929 5767 τοῖς
2964 5704 3297 5773 προσήκουσι
3327 5697 3963 5766 καθαπτόμενος.“Εκεῖ-

2397 5820 2473 5853 vos
2505 5801 2679 5853 toivuv
2704 5798 2843 5851 οὕτω
2867 5798 3264 5863 διελεγχόμενοι
3286 5793 3531 5864 ἤχθοντο,
3568 5793 3661 5842 καὶ
3694 5787 3960 5856 ἀνθύϐρι-
