  <div class='ocr_page' id='page_1' title='image "/cluster/home/n/w/nwhite01/storage/ocr_20150623/146/nnc1.0046980610/514.png"; bbox 0 0 4248 6446; ppageno 0'>
   <div class='ocr_carea' id='block_1_1' title="bbox 240 461 341 524">
    <p class='ocr_par' dir='ltr' id='par_1_1' title="bbox 240 461 341 524">
     <span class='ocr_line' id='line_1_1' title="bbox 240 461 341 524; baseline 0.01 -1"><span class='ocrx_word' id='word_1_1' title='bbox 240 461 341 524; x_wconf 82' lang='lat'><strong>961</strong></span> 
     </span>
    </p>
   </div>
   <div class='ocr_carea' id='block_1_2' title="bbox 1144 459 2565 527">
    <p class='ocr_par' dir='ltr' id='par_1_2' title="bbox 1144 459 2565 527">
     <span class='ocr_line' id='line_1_2' title="bbox 1144 459 2565 527; baseline 0.006 -9"><span class='ocrx_word' id='word_1_2' title='bbox 1144 459 1740 518; x_wconf 60' lang='lat' dir='ltr'><strong>ECCIESIASTlCJE</strong></span> <span class='ocrx_word' id='word_1_3' title='bbox 1787 462 2167 522; x_wconf 63' lang='lat' dir='ltr'><strong>iliSTlNiiJE</strong></span> <span class='ocrx_word' id='word_1_4' title='bbox 2213 466 2353 527; x_wconf 76' lang='lat' dir='ltr'><strong>LIB.</strong></span> <span class='ocrx_word' id='word_1_5' title='bbox 2401 468 2565 527; x_wconf 75' lang='lat' dir='ltr'><strong>Xlll.</strong></span> 
     </span>
    </p>
   </div>
   <div class='ocr_carea' id='block_1_3' title="bbox 3368 469 3470 531">
    <p class='ocr_par' dir='ltr' id='par_1_3' title="bbox 3368 469 3470 531">
     <span class='ocr_line' id='line_1_3' title="bbox 3368 469 3470 531; baseline 0.01 -1"><span class='ocrx_word' id='word_1_6' title='bbox 3368 469 3470 531; x_wconf 79' lang='lat'><strong>962</strong></span> 
     </span>
    </p>
   </div>
   <div class='ocr_carea' id='block_1_4' title="bbox 235 570 1912 647">
    <p class='ocr_par' dir='ltr' id='par_1_4' title="bbox 235 570 1883 643">
     <span class='ocr_line' id='line_1_4' title="bbox 235 570 1883 643; baseline -0.003 -15"><span class='ocrx_word' id='word_1_7' title='bbox 235 577 328 641; x_wconf 71' lang='grc' dir='ltr'><strong>ζον</strong></span> <span class='ocrx_word' id='word_1_8' title='bbox 357 573 508 643; x_wconf 69' lang='grc' dir='ltr'>ὠμόν</span> <span class='ocrx_word' id='word_1_9' title='bbox 536 589 594 625; x_wconf 90' lang='grc' dir='ltr'><strong>τε</strong></span> <span class='ocrx_word' id='word_1_10' title='bbox 622 572 712 625; x_wconf 72' lang='grc' dir='ltr'>καὶ</span> <span class='ocrx_word' id='word_1_11' title='bbox 742 570 951 640; x_wconf 81' lang='grc' dir='ltr'>ἀπηνῆ,</span> <span class='ocrx_word' id='word_1_12' title='bbox 980 570 1197 641; x_wconf 74' lang='grc' dir='ltr'>ὀργίλον</span> <span class='ocrx_word' id='word_1_13' title='bbox 1230 588 1284 623; x_wconf 81' lang='grc' dir='ltr'><strong>τε</strong></span> <span class='ocrx_word' id='word_1_14' title='bbox 1317 572 1407 623; x_wconf 70' lang='grc' dir='ltr'>καὶ</span> <span class='ocrx_word' id='word_1_15' title='bbox 1440 573 1807 641; x_wconf 59' lang='grc' dir='ltr'>ὑπερίλρανον,</span> <span class='ocrx_word' id='word_1_16' title='bbox 1842 584 1883 635; x_wconf 72' lang='grc' dir='ltr'>Α</span> 
     </span>
    </p>
   </div>
   <div class='ocr_carea' id='block_1_5' title="bbox 1795 570 3472 647">
    <p class='ocr_par' dir='ltr' id='par_1_5' title="bbox 1795 578 3472 647">
     <span class='ocr_line' id='line_1_5' title="bbox 1795 578 3472 647; baseline 0.005 -21"><span class='ocrx_word' id='word_1_17' title='bbox 1795 584 1883 638; x_wconf 72' lang='grc' dir='ltr'><strong>,Α</strong></span> <span class='ocrx_word' id='word_1_18' title='bbox 1916 590 2043 628; x_wconf 90' lang='lat' dir='ltr'><strong>suas</strong></span> <span class='ocrx_word' id='word_1_19' title='bbox 2098 585 2354 645; x_wconf 84' lang='lat' dir='ltr'><strong>agerent,</strong></span> <span class='ocrx_word' id='word_1_20' title='bbox 2409 591 2505 631; x_wconf 91' lang='lat' dir='ltr'><strong>eos</strong></span> <span class='ocrx_word' id='word_1_21' title='bbox 2556 592 2885 647; x_wconf 80' lang='lat' dir='ltr'><strong>magnopere</strong></span> <span class='ocrx_word' id='word_1_22' title='bbox 2932 578 3125 633; x_wconf 89' lang='lat' dir='ltr'><strong>charos</strong></span> <span class='ocrx_word' id='word_1_23' title='bbox 3171 579 3377 643; x_wconf 78' lang='lat' dir='ltr'><strong>habuit,</strong></span> <span class='ocrx_word' id='word_1_24' title='bbox 3418 593 3472 635; x_wconf 82' lang='lat' dir='ltr'><strong>et</strong></span> 
     </span>
    </p>
   </div>
   <div class='ocr_carea' id='block_1_6' title="bbox 234 663 1806 735">
    <p class='ocr_par' dir='ltr' id='par_1_6' title="bbox 234 663 1806 735">
     <span class='ocr_line' id='line_1_6' title="bbox 234 663 1806 735; baseline -0.001 -15"><span class='ocrx_word' id='word_1_25' title='bbox 234 670 329 721; x_wconf 72' lang='lat' dir='ltr'><strong>atati.</strong></span> <span class='ocrx_word' id='word_1_26' title='bbox 371 665 593 735; x_wconf 78' lang='grc' dir='ltr'>θυμώδη</span> <span class='ocrx_word' id='word_1_27' title='bbox 656 663 1090 727; x_wconf 76' lang='grc' dir='ltr'>ἀποκαλοῦντες.</span> <span class='ocrx_word' id='word_1_28' title='bbox 1141 664 1250 717; x_wconf 80' lang='grc' dir='ltr'><strong>Καὶ</strong></span> <span class='ocrx_word' id='word_1_29' title='bbox 1279 664 1346 717; x_wconf 83' lang='grc' dir='ltr'><strong>τά</strong></span> <span class='ocrx_word' id='word_1_30' title='bbox 1392 667 1517 733; x_wconf 72' lang='grc' dir='ltr'>περὶ</span> <span class='ocrx_word' id='word_1_31' title='bbox 1562 666 1655 719; x_wconf 76' lang='grc' dir='ltr'>τοῦ</span> <span class='ocrx_word' id='word_1_32' title='bbox 1693 664 1806 735; x_wconf 83' lang='grc' dir='ltr'>βίου</span> 
     </span>
    </p>
   </div>
   <div class='ocr_carea' id='block_1_7' title="bbox 236 756 1809 829">
    <p class='ocr_par' dir='ltr' id='par_1_7' title="bbox 236 756 1809 829">
     <span class='ocr_line' id='line_1_7' title="bbox 236 756 1809 829; baseline -0.002 -17"><span class='ocrx_word' id='word_1_33' title='bbox 236 760 423 829; x_wconf 71' lang='grc' dir='ltr'>ἡρέμα</span> <span class='ocrx_word' id='word_1_34' title='bbox 450 758 588 828; x_wconf 83' lang='grc' dir='ltr'>πρὸς</span> <span class='ocrx_word' id='word_1_35' title='bbox 618 759 743 820; x_wconf 60' lang='grc' dir='ltr'>τοῦς</span> <span class='ocrx_word' id='word_1_36' title='bbox 759 757 987 820; x_wconf 82' lang='grc' dir='ltr'>πολλοὺς</span> <span class='ocrx_word' id='word_1_37' title='bbox 1018 757 1337 827; x_wconf 70' lang='grc' dir='ltr'><strong>ἐπεχείρουν</strong></span> <span class='ocrx_word' id='word_1_38' title='bbox 1359 756 1688 811; x_wconf 75' lang='grc' dir='ltr'>διαϐάλλειν·</span> <span class='ocrx_word' id='word_1_39' title='bbox 1716 757 1809 810; x_wconf 78' lang='grc' dir='ltr'>καὶ</span> 
     </span>
    </p>
   </div>
   <div class='ocr_carea' id='block_1_8' title="bbox 237 844 1811 919">
    <p class='ocr_par' dir='ltr' id='par_1_8' title="bbox 237 844 1811 919">
     <span class='ocr_line' id='line_1_8' title="bbox 237 844 1811 919; baseline -0.001 -17"><span class='ocrx_word' id='word_1_40' title='bbox 237 852 453 903; x_wconf 76' lang='grc' dir='ltr'><strong>πείθειν</strong></span> <span class='ocrx_word' id='word_1_41' title='bbox 481 844 628 919; x_wconf 77' lang='grc' dir='ltr'>εἶχον</span> <span class='ocrx_word' id='word_1_42' title='bbox 660 850 771 910; x_wconf 88' lang='grc' dir='ltr'>τοῖς</span> <span class='ocrx_word' id='word_1_43' title='bbox 798 848 1240 919; x_wconf 70' lang='grc' dir='ltr'><strong>προειρημένοις,</strong></span> <span class='ocrx_word' id='word_1_44' title='bbox 1274 847 1697 919; x_wconf 79' lang='grc' dir='ltr'><strong>καταιτιώμενοι</strong></span> <span class='ocrx_word' id='word_1_45' title='bbox 1728 850 1811 902; x_wconf 87' lang='grc' dir='ltr'><strong>ὃτι</strong></span> 
     </span>
    </p>
   </div>
   <div class='ocr_carea' id='block_1_9' title="bbox 242 940 1809 1015">
    <p class='ocr_par' dir='ltr' id='par_1_9' title="bbox 242 940 1809 1015">
     <span class='ocr_line' id='line_1_9' title="bbox 242 940 1809 1015; baseline -0.002 -20"><span class='ocrx_word' id='word_1_46' title='bbox 242 945 318 1015; x_wconf 80' lang='grc' dir='ltr'>μή</span> <span class='ocrx_word' id='word_1_47' title='bbox 342 959 448 995; x_wconf 89' lang='grc' dir='ltr'>τινι</span> <span class='ocrx_word' id='word_1_48' title='bbox 473 940 772 994; x_wconf 84' lang='grc' dir='ltr'>συνεσθίων</span> <span class='ocrx_word' id='word_1_49' title='bbox 796 942 1041 1009; x_wconf 74' lang='grc' dir='ltr'>ἑωρᾶτο,</span> <span class='ocrx_word' id='word_1_50' title='bbox 1071 941 1193 1008; x_wconf 82' lang='grc' dir='ltr'>μηδ’</span> <span class='ocrx_word' id='word_1_51' title='bbox 1218 942 1306 1008; x_wconf 74' lang='grc' dir='ltr'><strong>ἐφ’</strong></span> <span class='ocrx_word' id='word_1_52' title='bbox 1336 941 1517 993; x_wconf 78' lang='grc' dir='ltr'>ἑστίαν</span> <span class='ocrx_word' id='word_1_53' title='bbox 1546 940 1658 1003; x_wconf 84' lang='grc' dir='ltr'>ίὼν,</span> <span class='ocrx_word' id='word_1_54' title='bbox 1690 942 1809 1011; x_wconf 86' lang='grc' dir='ltr'>μηδ’</span> 
     </span>
    </p>
   </div>
   <div class='ocr_carea' id='block_1_10' title="bbox 237 1032 1813 1104">
    <p class='ocr_par' dir='ltr' id='par_1_10' title="bbox 237 1032 1813 1104">
     <span class='ocr_line' id='line_1_10' title="bbox 237 1032 1813 1104; baseline -0.004 -14"><span class='ocrx_word' id='word_1_55' title='bbox 237 1038 332 1090; x_wconf 68' lang='grc' dir='ltr'><strong>ἐπὶ</strong></span> <span class='ocrx_word' id='word_1_56' title='bbox 366 1035 660 1088; x_wconf 76' lang='grc' dir='ltr'>συνουσίαν</span> <span class='ocrx_word' id='word_1_57' title='bbox 688 1034 914 1104; x_wconf 77' lang='grc' dir='ltr'><strong>ἀρίστου</strong></span> <span class='ocrx_word' id='word_1_58' title='bbox 943 1049 956 1061; x_wconf 91' lang='grc'>·</span> <span class='ocrx_word' id='word_1_59' title='bbox 991 1033 1083 1085; x_wconf 75' lang='grc' dir='ltr'>καὶ</span> <span class='ocrx_word' id='word_1_60' title='bbox 1118 1034 1199 1085; x_wconf 81' lang='grc' dir='ltr'><strong>ὅτι</strong></span> <span class='ocrx_word' id='word_1_61' title='bbox 1233 1032 1492 1086; x_wconf 85' lang='grc' dir='ltr'>πάστιλον</span> <span class='ocrx_word' id='word_1_62' title='bbox 1538 1033 1677 1102; x_wconf 83' lang='grc' dir='ltr'><strong>μετά</strong></span> <span class='ocrx_word' id='word_1_63' title='bbox 1714 1035 1813 1103; x_wconf 82' lang='grc' dir='ltr'>τὴν</span> 
     </span>
    </p>
   </div>
   <div class='ocr_carea' id='block_1_11' title="bbox 235 1120 1814 1194">
    <p class='ocr_par' dir='ltr' id='par_1_11' title="bbox 235 1120 1814 1194">
     <span class='ocr_line' id='line_1_11' title="bbox 235 1120 1814 1194; baseline -0.004 -14"><span class='ocrx_word' id='word_1_64' title='bbox 235 1126 348 1180; x_wconf 82' lang='grc' dir='ltr'><strong>τῶν</strong></span> <span class='ocrx_word' id='word_1_65' title='bbox 400 1125 564 1178; x_wconf 89' lang='grc' dir='ltr'>θείων</span> <span class='ocrx_word' id='word_1_66' title='bbox 598 1125 900 1194; x_wconf 76' lang='grc' dir='ltr'><strong>μετάληψιν</strong></span> <span class='ocrx_word' id='word_1_67' title='bbox 943 1125 1247 1191; x_wconf 88' lang='grc' dir='ltr'>άπεγεύετο</span> <span class='ocrx_word' id='word_1_68' title='bbox 1270 1139 1283 1153; x_wconf 92' lang='grc'><strong>·</strong></span> <span class='ocrx_word' id='word_1_69' title='bbox 1321 1126 1378 1177; x_wconf 68' lang='grc' dir='ltr'>ιν</span> <span class='ocrx_word' id='word_1_70' title='bbox 1402 1120 1480 1187; x_wconf 73' lang='grc' dir='ltr'><strong>οἷς</strong></span> <span class='ocrx_word' id='word_1_71' title='bbox 1501 1128 1695 1177; x_wconf 75' lang='grc' dir='ltr'>ἐκεῖνοι</span> <span class='ocrx_word' id='word_1_72' title='bbox 1724 1125 1814 1193; x_wconf 83' lang='grc' dir='ltr'><strong>δῆ-</strong></span> 
     </span>
    </p>
   </div>
   <div class='ocr_carea' id='block_1_12' title="bbox 237 1217 1813 1288">
    <p class='ocr_par' dir='ltr' id='par_1_12' title="bbox 237 1217 1813 1288">
     <span class='ocr_line' id='line_1_12' title="bbox 237 1217 1813 1288; baseline -0.003 -15"><span class='ocrx_word' id='word_1_73' title='bbox 237 1221 331 1273; x_wconf 89' lang='grc' dir='ltr'><strong>θεν</strong></span> <span class='ocrx_word' id='word_1_74' title='bbox 379 1220 810 1288; x_wconf 73' lang='grc' dir='ltr'>ὲπερειδὸμενοι,</span> <span class='ocrx_word' id='word_1_75' title='bbox 844 1219 939 1281; x_wconf 83' lang='grc' dir='ltr'><strong>τάς</strong></span> <span class='ocrx_word' id='word_1_76' title='bbox 982 1218 1253 1288; x_wconf 73' lang='grc' dir='ltr'>ἀρρήτους</span> <span class='ocrx_word' id='word_1_77' title='bbox 1301 1217 1589 1285; x_wconf 79' lang='grc' dir='ltr'>ὲξύφαινον</span> <span class='ocrx_word' id='word_1_78' title='bbox 1622 1217 1813 1287; x_wconf 72' lang='grc' dir='ltr'>ἐκείνῳ</span> 
     </span>
    </p>
   </div>
   <div class='ocr_carea' id='block_1_13' title="bbox 235 1310 1813 1381">
    <p class='ocr_par' dir='ltr' id='par_1_13' title="bbox 235 1310 1813 1381">
     <span class='ocr_line' id='line_1_13' title="bbox 235 1310 1813 1381; baseline -0.001 -16"><span class='ocrx_word' id='word_1_79' title='bbox 235 1313 515 1375; x_wconf 73' lang='grc' dir='ltr'>διαϐολάς.</span> <span class='ocrx_word' id='word_1_80' title='bbox 565 1312 678 1364; x_wconf 83' lang='grc' dir='ltr'>Οὐκ</span> <span class='ocrx_word' id='word_1_81' title='bbox 708 1310 966 1380; x_wconf 72' lang='grc' dir='ltr'>ἐλαχίστη</span> <span class='ocrx_word' id='word_1_82' title='bbox 1003 1312 1057 1363; x_wconf 76' lang='grc' dir='ltr'>δὲ</span> <span class='ocrx_word' id='word_1_83' title='bbox 1095 1313 1364 1381; x_wconf 77' lang='grc' dir='ltr'>πρόφασις</span> <span class='ocrx_word' id='word_1_84' title='bbox 1401 1310 1547 1381; x_wconf 85' lang='grc' dir='ltr'><strong>αύτῷ</strong></span> <span class='ocrx_word' id='word_1_85' title='bbox 1575 1314 1813 1379; x_wconf 69' lang='grc' dir='ltr'>ἐγεγόνει</span> 
     </span>
    </p>
   </div>
   <div class='ocr_carea' id='block_1_14' title="bbox 242 1401 1814 1474">
    <p class='ocr_par' dir='ltr' id='par_1_14' title="bbox 242 1401 1814 1474">
     <span class='ocr_line' id='line_1_14' title="bbox 242 1401 1814 1474; baseline -0.003 -16"><span class='ocrx_word' id='word_1_86' title='bbox 242 1408 335 1458; x_wconf 75' lang='grc' dir='ltr'>καὶ</span> <span class='ocrx_word' id='word_1_87' title='bbox 366 1405 497 1474; x_wconf 79' lang='grc' dir='ltr'>πρὸς</span> <span class='ocrx_word' id='word_1_88' title='bbox 535 1404 634 1472; x_wconf 76' lang='grc' dir='ltr'>τὴν</span> <span class='ocrx_word' id='word_1_89' title='bbox 668 1401 939 1469; x_wconf 84' lang='grc' dir='ltr'>βασιλέως</span> <span class='ocrx_word' id='word_1_90' title='bbox 970 1404 1222 1472; x_wconf 81' lang='grc' dir='ltr'>γαμετὴν</span> <span class='ocrx_word' id='word_1_91' title='bbox 1254 1404 1341 1456; x_wconf 85' lang='grc' dir='ltr'><strong>διά</strong></span> <span class='ocrx_word' id='word_1_92' title='bbox 1367 1404 1695 1474; x_wconf 75' lang='grc' dir='ltr'>Σευηριανὸν</span> <span class='ocrx_word' id='word_1_93' title='bbox 1723 1403 1814 1455; x_wconf 66' lang='grc' dir='ltr'><strong>τὸν</strong></span> 
     </span>
    </p>
   </div>
   <div class='ocr_carea' id='block_1_15' title="bbox 242 1488 1818 1565">
    <p class='ocr_par' dir='ltr' id='par_1_15' title="bbox 242 1488 1818 1565">
     <span class='ocr_line' id='line_1_15' title="bbox 242 1488 1818 1565; baseline -0.001 -18"><span class='ocrx_word' id='word_1_94' title='bbox 242 1496 501 1548; x_wconf 81' lang='grc' dir='ltr'>Γαὸάλων</span> <span class='ocrx_word' id='word_1_95' title='bbox 532 1496 626 1565; x_wconf 76' lang='grc' dir='ltr'>τῆς</span> <span class='ocrx_word' id='word_1_96' title='bbox 662 1494 858 1563; x_wconf 82' lang='grc' dir='ltr'>Συρίας</span> <span class='ocrx_word' id='word_1_97' title='bbox 893 1494 1212 1550; x_wconf 70' lang='grc' dir='ltr'>ἐπίσκοπον.</span> <span class='ocrx_word' id='word_1_98' title='bbox 1248 1493 1355 1546; x_wconf 76' lang='grc' dir='ltr'><strong>Καὶ</strong></span> <span class='ocrx_word' id='word_1_99' title='bbox 1381 1496 1485 1565; x_wconf 74' lang='grc' dir='ltr'><strong>γὰρ</strong></span> <span class='ocrx_word' id='word_1_100' title='bbox 1511 1488 1664 1558; x_wconf 78' lang='grc' dir='ltr'>οὗτος</span> <span class='ocrx_word' id='word_1_101' title='bbox 1694 1494 1818 1547; x_wconf 84' lang='grc' dir='ltr'>σύν-</span> 
     </span>
    </p>
   </div>
   <div class='ocr_carea' id='block_1_16' title="bbox 237 1586 1812 1658">
    <p class='ocr_par' dir='ltr' id='par_1_16' title="bbox 237 1586 1812 1658">
     <span class='ocr_line' id='line_1_16' title="bbox 237 1586 1812 1658; baseline -0.002 -17"><span class='ocrx_word' id='word_1_102' title='bbox 237 1605 351 1647; x_wconf 71' lang='grc' dir='ltr'><strong>ανσ</strong></span> <span class='ocrx_word' id='word_1_103' title='bbox 381 1587 467 1656; x_wconf 75' lang='grc' dir='ltr'>τῷ</span> <span class='ocrx_word' id='word_1_104' title='bbox 528 1586 806 1656; x_wconf 68' lang='grc' dir='ltr'>Ἀντιόχῳ,</span> <span class='ocrx_word' id='word_1_105' title='bbox 866 1586 1230 1656; x_wconf 75' lang='grc' dir='ltr'>Πτολεμαΐδος</span> <span class='ocrx_word' id='word_1_106' title='bbox 1278 1586 1333 1639; x_wconf 76' lang='grc' dir='ltr'>δὲ</span> <span class='ocrx_word' id='word_1_107' title='bbox 1361 1586 1461 1653; x_wconf 80' lang='grc' dir='ltr'>τῆς</span> <span class='ocrx_word' id='word_1_108' title='bbox 1496 1590 1554 1639; x_wconf 73' lang='grc' dir='ltr'>ἐν</span> <span class='ocrx_word' id='word_1_109' title='bbox 1584 1587 1812 1658; x_wconf 78' lang='grc' dir='ltr'>Φοινίκῃ</span> 
     </span>
    </p>
   </div>
   <div class='ocr_carea' id='block_1_17' title="bbox 234 1678 1816 1749">
    <p class='ocr_par' dir='ltr' id='par_1_17' title="bbox 234 1678 1816 1749">
     <span class='ocr_line' id='line_1_17' title="bbox 234 1678 1816 1749; baseline -0.001 -19"><span class='ocrx_word' id='word_1_110' title='bbox 234 1694 327 1731; x_wconf 65' lang='grc' dir='ltr'>ο).</span> <span class='ocrx_word' id='word_1_111' title='bbox 366 1710 386 1739; x_wconf 62' lang='grc' dir='ltr'>ι</span> <span class='ocrx_word' id='word_1_112' title='bbox 416 1678 736 1740; x_wconf 65' lang='grc' dir='ltr'>ἐπίσκοπος,</span> <span class='ocrx_word' id='word_1_113' title='bbox 767 1678 1042 1746; x_wconf 67' lang='grc' dir='ltr'>ἰλλόγιμοί</span> <span class='ocrx_word' id='word_1_114' title='bbox 1063 1694 1120 1731; x_wconf 87' lang='grc' dir='ltr'><strong>τε</strong></span> <span class='ocrx_word' id='word_1_115' title='bbox 1141 1678 1409 1745; x_wconf 73' lang='grc' dir='ltr'>ἐγένοντο,</span> <span class='ocrx_word' id='word_1_116' title='bbox 1433 1678 1528 1730; x_wconf 79' lang='grc' dir='ltr'>καὶ</span> <span class='ocrx_word' id='word_1_117' title='bbox 1551 1681 1627 1741; x_wconf 85' lang='grc' dir='ltr'><strong>είς</strong></span> <span class='ocrx_word' id='word_1_118' title='bbox 1646 1680 1816 1749; x_wconf 81' lang='grc' dir='ltr'>ἄκρον</span> 
     </span>
    </p>
   </div>
   <div class='ocr_carea' id='block_1_18' title="bbox 234 1767 1814 1839">
    <p class='ocr_par' dir='ltr' id='par_1_18' title="bbox 234 1767 1814 1839">
     <span class='ocr_line' id='line_1_18' title="bbox 234 1767 1814 1839; baseline -0.001 -16"><span class='ocrx_word' id='word_1_119' title='bbox 234 1770 297 1823; x_wconf 82' lang='grc' dir='ltr'>τὸ</span> <span class='ocrx_word' id='word_1_120' title='bbox 325 1770 412 1822; x_wconf 72' lang='grc' dir='ltr'><strong>ἐπ’</strong></span> <span class='ocrx_word' id='word_1_121' title='bbox 447 1770 745 1839; x_wconf 70' lang='grc' dir='ltr'>ἐκκλησίας</span> <span class='ocrx_word' id='word_1_122' title='bbox 770 1768 1047 1822; x_wconf 71' lang='grc' dir='ltr'>διδάσκειν</span> <span class='ocrx_word' id='word_1_123' title='bbox 1081 1767 1469 1836; x_wconf 72' lang='grc' dir='ltr'>ἔξησκηκότες.</span> <span class='ocrx_word' id='word_1_124' title='bbox 1491 1769 1631 1820; x_wconf 80' lang='grc' dir='ltr'>Ἀλλ’</span> <span class='ocrx_word' id='word_1_125' title='bbox 1658 1771 1684 1820; x_wconf 82' lang='grc' dir='ltr'><strong><em>ὁ</em></strong></span> <span class='ocrx_word' id='word_1_126' title='bbox 1716 1769 1814 1837; x_wconf 79' lang='grc' dir='ltr'>μὲν</span> 
     </span>
    </p>
   </div>
   <div class='ocr_carea' id='block_1_19' title="bbox 235 1855 1814 1930">
    <p class='ocr_par' dir='ltr' id='par_1_19' title="bbox 235 1855 1814 1930">
     <span class='ocr_line' id='line_1_19' title="bbox 235 1855 1814 1930; baseline -0.001 -18"><span class='ocrx_word' id='word_1_127' title='bbox 235 1862 495 1914; x_wconf 81' lang='grc' dir='ltr'>τοσοῦτον</span> <span class='ocrx_word' id='word_1_128' title='bbox 516 1862 805 1930; x_wconf 74' lang='grc' dir='ltr'>πρόχειρος</span> <span class='ocrx_word' id='word_1_129' title='bbox 834 1855 902 1929; x_wconf 80' lang='grc' dir='ltr'>ἦν</span> <span class='ocrx_word' id='word_1_130' title='bbox 928 1859 1129 1926; x_wconf 78' lang='grc' dir='ltr'>λέγειν,</span> <span class='ocrx_word' id='word_1_131' title='bbox 1159 1860 1249 1910; x_wconf 70' lang='grc' dir='ltr'>καὶ</span> <span class='ocrx_word' id='word_1_132' title='bbox 1286 1856 1342 1912; x_wconf 81' lang='grc' dir='ltr'>εὖ</span> <span class='ocrx_word' id='word_1_133' title='bbox 1373 1861 1514 1928; x_wconf 85' lang='grc' dir='ltr'>μάλα</span> <span class='ocrx_word' id='word_1_134' title='bbox 1545 1859 1814 1929; x_wconf 77' lang='grc' dir='ltr'>στρογγύ·</span> 
     </span>
    </p>
   </div>
   <div class='ocr_carea' id='block_1_20' title="bbox 236 1930 1885 2018">
    <p class='ocr_par' dir='ltr' id='par_1_20' title="bbox 236 1930 1885 2018">
     <span class='ocr_line' id='line_1_20' title="bbox 236 1930 1885 2018; baseline -0.002 -19"><span class='ocrx_word' id='word_1_135' title='bbox 236 1950 345 2011; x_wconf 81' lang='grc' dir='ltr'><strong>λως</strong></span> <span class='ocrx_word' id='word_1_136' title='bbox 377 1966 437 2001; x_wconf 87' lang='grc' dir='ltr'><strong>τε</strong></span> <span class='ocrx_word' id='word_1_137' title='bbox 474 1950 591 2018; x_wconf 73' lang='grc' dir='ltr'>ἅμα</span> <span class='ocrx_word' id='word_1_138' title='bbox 622 1950 716 1999; x_wconf 79' lang='grc' dir='ltr'>καὶ</span> <span class='ocrx_word' id='word_1_139' title='bbox 739 1948 952 2017; x_wconf 75' lang='grc' dir='ltr'>εύήχως</span> <span class='ocrx_word' id='word_1_140' title='bbox 981 1947 1442 2015; x_wconf 75' lang='grc' dir='ltr'>ἀπεστομάτιςεν,</span> <span class='ocrx_word' id='word_1_141' title='bbox 1472 1948 1554 1999; x_wconf 85' lang='grc' dir='ltr'><strong>ὅτι</strong></span> <span class='ocrx_word' id='word_1_142' title='bbox 1587 1960 1646 2014; x_wconf 87' lang='grc' dir='ltr'><strong>γε</strong></span> <span class='ocrx_word' id='word_1_143' title='bbox 1679 1950 1810 2016; x_wconf 66' lang='grc' dir='ltr'>πρὸς</span> <span class='ocrx_word' id='word_1_144' title='bbox 1846 1930 1885 1984; x_wconf 78' lang='grc' dir='ltr'><strong><em>Β</em></strong></span> 
     </span>
    </p>
   </div>
   <div class='ocr_carea' id='block_1_21' title="bbox 237 2038 1817 2112">
    <p class='ocr_par' dir='ltr' id='par_1_21' title="bbox 237 2038 1817 2112">
     <span class='ocr_line' id='line_1_21' title="bbox 237 2038 1817 2112; baseline -0.003 -18"><span class='ocrx_word' id='word_1_145' title='bbox 237 2059 405 2095; x_wconf 87' lang='grc' dir='ltr'>τινων</span> <span class='ocrx_word' id='word_1_146' title='bbox 422 2044 518 2093; x_wconf 81' lang='grc' dir='ltr'>καὶ</span> <span class='ocrx_word' id='word_1_147' title='bbox 537 2041 919 2112; x_wconf 81' lang='grc' dir='ltr'>Χρυσόστομος</span> <span class='ocrx_word' id='word_1_148' title='bbox 937 2038 1276 2107; x_wconf 74' lang='grc' dir='ltr'>ὠνομάζετοο</span> <span class='ocrx_word' id='word_1_149' title='bbox 1301 2038 1628 2106; x_wconf 74' lang='grc' dir='ltr'>Σεϐηριανὸς</span> <span class='ocrx_word' id='word_1_150' title='bbox 1653 2039 1708 2091; x_wconf 82' lang='grc' dir='ltr'>δὲ</span> <span class='ocrx_word' id='word_1_151' title='bbox 1740 2038 1817 2108; x_wconf 85' lang='grc' dir='ltr'>τῷ</span> 
     </span>
    </p>
   </div>
   <div class='ocr_carea' id='block_1_22' title="bbox 238 2131 1818 2201">
    <p class='ocr_par' dir='ltr' id='par_1_22' title="bbox 238 2131 1818 2201">
     <span class='ocr_line' id='line_1_22' title="bbox 238 2131 1818 2201; baseline -0.001 -18"><span class='ocrx_word' id='word_1_152' title='bbox 238 2131 353 2183; x_wconf 84' lang='grc' dir='ltr'><strong>τῶν</strong></span> <span class='ocrx_word' id='word_1_153' title='bbox 388 2131 677 2201; x_wconf 81' lang='grc' dir='ltr'><strong>νοημάτων</strong></span> <span class='ocrx_word' id='word_1_154' title='bbox 728 2133 937 2201; x_wconf 81' lang='grc' dir='ltr'>πυκνῷ,</span> <span class='ocrx_word' id='word_1_155' title='bbox 980 2131 1074 2183; x_wconf 77' lang='grc' dir='ltr'>καὶ</span> <span class='ocrx_word' id='word_1_156' title='bbox 1121 2134 1189 2199; x_wconf 77' lang='grc' dir='ltr'>τῇ</span> <span class='ocrx_word' id='word_1_157' title='bbox 1236 2133 1511 2200; x_wconf 64' lang='grc' dir='ltr'><strong>μαρτυρίᾳ⁵</strong></span> <span class='ocrx_word' id='word_1_158' title='bbox 1551 2131 1660 2183; x_wconf 84' lang='grc' dir='ltr'><strong>τῶν</strong></span> <span class='ocrx_word' id='word_1_159' title='bbox 1700 2131 1818 2183; x_wconf 85' lang='grc' dir='ltr'>θεο-</span> 
     </span>
    </p>
   </div>
   <div class='ocr_carea' id='block_1_23' title="bbox 240 2221 1814 2293">
    <p class='ocr_par' dir='ltr' id='par_1_23' title="bbox 240 2221 1814 2293">
     <span class='ocr_line' id='line_1_23' title="bbox 240 2221 1814 2293; baseline 0.001 -19"><span class='ocrx_word' id='word_1_160' title='bbox 240 2223 529 2277; x_wconf 85' lang='grc' dir='ltr'>πνεύστων</span> <span class='ocrx_word' id='word_1_161' title='bbox 551 2222 771 2292; x_wconf 79' lang='grc' dir='ltr'>λογίων,</span> <span class='ocrx_word' id='word_1_162' title='bbox 809 2224 1053 2293; x_wconf 90' lang='grc' dir='ltr'>ἀμείνων</span> <span class='ocrx_word' id='word_1_163' title='bbox 1081 2221 1225 2275; x_wconf 75' lang='grc' dir='ltr'>εῖναι</span> <span class='ocrx_word' id='word_1_164' title='bbox 1262 2224 1437 2276; x_wconf 68' lang='grc' dir='ltr'>ἐδόκει</span> <span class='ocrx_word' id='word_1_165' title='bbox 1460 2240 1473 2254; x_wconf 88' lang='grc'><strong>·</strong></span> <span class='ocrx_word' id='word_1_166' title='bbox 1509 2224 1608 2293; x_wconf 82' lang='grc' dir='ltr'>τὴν</span> <span class='ocrx_word' id='word_1_167' title='bbox 1636 2225 1691 2277; x_wconf 71' lang='grc' dir='ltr'>δὲ</span> <span class='ocrx_word' id='word_1_168' title='bbox 1713 2223 1814 2276; x_wconf 77' lang='grc' dir='ltr'>Σύο</span> 
     </span>
    </p>
   </div>
   <div class='ocr_carea' id='block_1_24' title="bbox 243 2314 1818 2386">
    <p class='ocr_par' dir='ltr' id='par_1_24' title="bbox 243 2314 1818 2386">
     <span class='ocr_line' id='line_1_24' title="bbox 243 2314 1818 2386; baseline -0.001 -18"><span class='ocrx_word' id='word_1_169' title='bbox 243 2334 361 2385; x_wconf 88' lang='grc' dir='ltr'><strong>ρων</strong></span> <span class='ocrx_word' id='word_1_170' title='bbox 407 2316 676 2386; x_wconf 87' lang='grc' dir='ltr'>δασύτητα</span> <span class='ocrx_word' id='word_1_171' title='bbox 715 2318 808 2370; x_wconf 68' lang='grc' dir='ltr'><strong>ἐπὶ</strong></span> <span class='ocrx_word' id='word_1_172' title='bbox 836 2317 932 2385; x_wconf 79' lang='grc' dir='ltr'>τῆς</span> <span class='ocrx_word' id='word_1_173' title='bbox 979 2314 1226 2384; x_wconf 83' lang='grc' dir='ltr'>γλώττης</span> <span class='ocrx_word' id='word_1_174' title='bbox 1258 2314 1417 2386; x_wconf 75' lang='grc' dir='ltr'>ἔφερε</span> <span class='ocrx_word' id='word_1_175' title='bbox 1452 2317 1672 2382; x_wconf 83' lang='grc' dir='ltr'>μᾶλλον.</span> <span class='ocrx_word' id='word_1_176' title='bbox 1710 2316 1818 2369; x_wconf 71' lang='grc' dir='ltr'>Καὶ</span> 
     </span>
    </p>
   </div>
   <div class='ocr_carea' id='block_1_25' title="bbox 240 2406 1817 2477">
    <p class='ocr_par' dir='ltr' id='par_1_25' title="bbox 240 2406 1817 2477">
     <span class='ocr_line' id='line_1_25' title="bbox 240 2406 1817 2477; baseline -0.001 -18"><span class='ocrx_word' id='word_1_177' title='bbox 240 2410 270 2460; x_wconf 86' lang='grc' dir='ltr'>ὁ</span> <span class='ocrx_word' id='word_1_178' title='bbox 303 2408 404 2475; x_wconf 82' lang='grc' dir='ltr'>μὲν</span> <span class='ocrx_word' id='word_1_179' title='bbox 441 2409 721 2477; x_wconf 78' lang='grc' dir='ltr'>Ἀντίοχος</span> <span class='ocrx_word' id='word_1_180' title='bbox 748 2407 1014 2477; x_wconf 80' lang='grc' dir='ltr'>πρότερον</span> <span class='ocrx_word' id='word_1_181' title='bbox 1042 2408 1142 2475; x_wconf 81' lang='grc' dir='ltr'>τὴν</span> <span class='ocrx_word' id='word_1_182' title='bbox 1168 2408 1324 2459; x_wconf 88' lang='grc' dir='ltr'>πόλιν</span> <span class='ocrx_word' id='word_1_183' title='bbox 1352 2406 1696 2468; x_wconf 74' lang='grc' dir='ltr'>καταλαϐὼν,</span> <span class='ocrx_word' id='word_1_184' title='bbox 1724 2408 1817 2460; x_wconf 73' lang='grc' dir='ltr'>καὶ</span> 
     </span>
    </p>
   </div>
   <div class='ocr_carea' id='block_1_26' title="bbox 238 2498 1814 2570">
    <p class='ocr_par' dir='ltr' id='par_1_26' title="bbox 238 2498 1814 2570">
     <span class='ocr_line' id='line_1_26' title="bbox 238 2498 1814 2570; baseline -0.001 -19"><span class='ocrx_word' id='word_1_185' title='bbox 238 2500 507 2570; x_wconf 82' lang='grc' dir='ltr'>χρήματα</span> <span class='ocrx_word' id='word_1_186' title='bbox 534 2498 708 2551; x_wconf 77' lang='grc' dir='ltr'>πολλὰ</span> <span class='ocrx_word' id='word_1_187' title='bbox 732 2499 1146 2569; x_wconf 80' lang='grc' dir='ltr'>συλλεξάμενος,</span> <span class='ocrx_word' id='word_1_188' title='bbox 1188 2500 1266 2561; x_wconf 80' lang='grc' dir='ltr'><strong>είς</strong></span> <span class='ocrx_word' id='word_1_189' title='bbox 1294 2498 1390 2561; x_wconf 84' lang='grc' dir='ltr'>τὴν</span> <span class='ocrx_word' id='word_1_190' title='bbox 1412 2498 1619 2550; x_wconf 85' lang='grc' dir='ltr'>οἰκείαν</span> <span class='ocrx_word' id='word_1_191' title='bbox 1649 2500 1814 2551; x_wconf 74' lang='grc' dir='ltr'>επαν-</span> 
     </span>
    </p>
   </div>
   <div class='ocr_carea' id='block_1_27' title="bbox 238 2590 1817 2662">
    <p class='ocr_par' dir='ltr' id='par_1_27' title="bbox 238 2590 1817 2662">
     <span class='ocr_line' id='line_1_27' title="bbox 238 2590 1817 2662; baseline 0.002 -19"><span class='ocrx_word' id='word_1_192' title='bbox 238 2590 372 2655; x_wconf 80' lang='grc' dir='ltr'>ἦλθε</span> <span class='ocrx_word' id='word_1_193' title='bbox 404 2591 583 2644; x_wconf 77' lang='grc' dir='ltr'>πόλιν.</span> <span class='ocrx_word' id='word_1_194' title='bbox 624 2592 799 2645; x_wconf 80' lang='grc' dir='ltr'>Τοῦτο</span> <span class='ocrx_word' id='word_1_195' title='bbox 829 2592 895 2662; x_wconf 81' lang='grc' dir='ltr'>δὴ</span> <span class='ocrx_word' id='word_1_196' title='bbox 925 2593 1175 2659; x_wconf 80' lang='grc' dir='ltr'>ζηλώσας</span> <span class='ocrx_word' id='word_1_197' title='bbox 1209 2594 1302 2644; x_wconf 86' lang='grc' dir='ltr'><strong>καί</strong></span> <span class='ocrx_word' id='word_1_198' title='bbox 1337 2594 1682 2662; x_wconf 84' lang='grc' dir='ltr'>Σευηριανὸς,</span> <span class='ocrx_word' id='word_1_199' title='bbox 1721 2595 1817 2646; x_wconf 79' lang='grc' dir='ltr'>καὶ</span> 
     </span>
    </p>
   </div>
   <div class='ocr_carea' id='block_1_28' title="bbox 241 2682 1816 2754">
    <p class='ocr_par' dir='ltr' id='par_1_28' title="bbox 241 2682 1816 2754">
     <span class='ocr_line' id='line_1_28' title="bbox 241 2682 1816 2754; baseline 0.001 -18"><span class='ocrx_word' id='word_1_200' title='bbox 241 2684 410 2746; x_wconf 81' lang='grc' dir='ltr'>αὐτὸς</span> <span class='ocrx_word' id='word_1_201' title='bbox 460 2685 640 2736; x_wconf 64' lang='grc' dir='ltr'>ἐκεῖσε</span> <span class='ocrx_word' id='word_1_202' title='bbox 692 2684 943 2753; x_wconf 83' lang='grc' dir='ltr'>ἀφίκετο.</span> <span class='ocrx_word' id='word_1_203' title='bbox 977 2682 1149 2737; x_wconf 75' lang='grc' dir='ltr'>Εύνου</span> <span class='ocrx_word' id='word_1_204' title='bbox 1203 2685 1259 2737; x_wconf 82' lang='grc' dir='ltr'>δὲ</span> <span class='ocrx_word' id='word_1_205' title='bbox 1299 2685 1549 2737; x_wconf 82' lang='grc' dir='ltr'>Ἰωάννου</span> <span class='ocrx_word' id='word_1_206' title='bbox 1600 2684 1816 2754; x_wconf 79' lang='grc' dir='ltr'>τυχὼν,</span> 
     </span>
    </p>
   </div>
   <div class='ocr_carea' id='block_1_29' title="bbox 244 2774 1821 2846">
    <p class='ocr_par' dir='ltr' id='par_1_29' title="bbox 244 2774 1821 2846">
     <span class='ocr_line' id='line_1_29' title="bbox 244 2774 1821 2846; baseline 0.001 -17"><span class='ocrx_word' id='word_1_207' title='bbox 244 2774 508 2838; x_wconf 81' lang='grc' dir='ltr'>πολλάκις</span> <span class='ocrx_word' id='word_1_208' title='bbox 547 2775 863 2846; x_wconf 75' lang='grc' dir='ltr'>ἐξεχωρήθη</span> <span class='ocrx_word' id='word_1_209' title='bbox 900 2777 994 2829; x_wconf 76' lang='grc' dir='ltr'>καὶ</span> <span class='ocrx_word' id='word_1_210' title='bbox 1025 2775 1110 2827; x_wconf 75' lang='grc' dir='ltr'><strong>ἐπ’</strong></span> <span class='ocrx_word' id='word_1_211' title='bbox 1140 2775 1437 2843; x_wconf 74' lang='grc' dir='ltr'>ἐκκλησίας</span> <span class='ocrx_word' id='word_1_212' title='bbox 1471 2779 1645 2828; x_wconf 78' lang='grc' dir='ltr'>εἰπεῖν</span> <span class='ocrx_word' id='word_1_213' title='bbox 1669 2792 1683 2807; x_wconf 87' lang='grc'><strong>·</strong></span> <span class='ocrx_word' id='word_1_214' title='bbox 1726 2779 1821 2831; x_wconf 76' lang='grc' dir='ltr'>καὶ</span> 
     </span>
    </p>
   </div>
   <div class='ocr_carea' id='block_1_30' title="bbox 239 2863 1816 2935">
    <p class='ocr_par' dir='ltr' id='par_1_30' title="bbox 239 2863 1816 2935">
     <span class='ocr_line' id='line_1_30' title="bbox 239 2863 1816 2935; baseline 0.001 -18"><span class='ocrx_word' id='word_1_215' title='bbox 239 2867 422 2931; x_wconf 83' lang='grc' dir='ltr'>λέγων</span> <span class='ocrx_word' id='word_1_216' title='bbox 448 2863 683 2935; x_wconf 84' lang='grc' dir='ltr'>μάλιστα</span> <span class='ocrx_word' id='word_1_217' title='bbox 717 2864 1082 2933; x_wconf 74' lang='grc' dir='ltr'>ἐθαυμάζετο,</span> <span class='ocrx_word' id='word_1_218' title='bbox 1115 2864 1255 2917; x_wconf 86' lang='grc' dir='ltr'><strong>καθά</strong></span> <span class='ocrx_word' id='word_1_219' title='bbox 1282 2867 1345 2933; x_wconf 83' lang='grc' dir='ltr'>δὴ</span> <span class='ocrx_word' id='word_1_220' title='bbox 1376 2869 1467 2919; x_wconf 84' lang='grc' dir='ltr'>καὶ</span> <span class='ocrx_word' id='word_1_221' title='bbox 1510 2868 1780 2935; x_wconf 80' lang='grc' dir='ltr'>’Λντίοχος</span> <span class='ocrx_word' id='word_1_222' title='bbox 1800 2883 1816 2901; x_wconf 77' lang='grc' dir='ltr'><strong>ο</strong></span> 
     </span>
    </p>
   </div>
   <div class='ocr_carea' id='block_1_31' title="bbox 240 2956 1816 3027">
    <p class='ocr_par' dir='ltr' id='par_1_31' title="bbox 240 2956 1816 3027">
     <span class='ocr_line' id='line_1_31' title="bbox 240 2956 1816 3027; baseline 0.001 -16"><span class='ocrx_word' id='word_1_223' title='bbox 240 2958 341 3011; x_wconf 72' lang='grc' dir='ltr'>καὶ</span> <span class='ocrx_word' id='word_1_224' title='bbox 363 2958 487 3019; x_wconf 90' lang='grc' dir='ltr'>ταῖς</span> <span class='ocrx_word' id='word_1_225' title='bbox 515 2956 725 3009; x_wconf 65' lang='grc' dir='ltr'>ἐκείνου</span> <span class='ocrx_word' id='word_1_226' title='bbox 758 2960 946 3026; x_wconf 89' lang='grc' dir='ltr'>τιμαῖς</span> <span class='ocrx_word' id='word_1_227' title='bbox 979 2958 1140 3019; x_wconf 81' lang='grc' dir='ltr'>πολύς</span> <span class='ocrx_word' id='word_1_228' title='bbox 1164 2974 1220 3009; x_wconf 87' lang='grc' dir='ltr'><strong>τε</strong></span> <span class='ocrx_word' id='word_1_229' title='bbox 1247 2960 1303 3009; x_wconf 78' lang='grc' dir='ltr'>ἐν</span> <span class='ocrx_word' id='word_1_230' title='bbox 1323 2959 1552 3027; x_wconf 80' lang='grc' dir='ltr'>δυνάμει</span> <span class='ocrx_word' id='word_1_231' title='bbox 1582 2961 1816 3027; x_wconf 71' lang='grc' dir='ltr'>εγενετο,</span> 
     </span>
    </p>
   </div>
   <div class='ocr_carea' id='block_1_32' title="bbox 240 3048 1817 3121">
    <p class='ocr_par' dir='ltr' id='par_1_32' title="bbox 240 3048 1817 3121">
     <span class='ocr_line' id='line_1_32' title="bbox 240 3048 1817 3121; baseline 0.002 -19"><span class='ocrx_word' id='word_1_232' title='bbox 240 3052 337 3102; x_wconf 72' lang='grc' dir='ltr'>καὶ</span> <span class='ocrx_word' id='word_1_233' title='bbox 390 3050 669 3117; x_wconf 81' lang='grc' dir='ltr'>γνώριμος</span> <span class='ocrx_word' id='word_1_234' title='bbox 718 3049 1015 3102; x_wconf 70' lang='grc' dir='ltr'>καθίστατο</span> <span class='ocrx_word' id='word_1_235' title='bbox 1064 3048 1294 3119; x_wconf 86' lang='grc' dir='ltr'>βασιλεί,</span> <span class='ocrx_word' id='word_1_236' title='bbox 1338 3052 1431 3103; x_wconf 74' lang='grc' dir='ltr'>καὶ</span> <span class='ocrx_word' id='word_1_237' title='bbox 1463 3053 1528 3121; x_wconf 80' lang='grc' dir='ltr'>τῇ</span> <span class='ocrx_word' id='word_1_238' title='bbox 1559 3053 1817 3121; x_wconf 42' lang='grc' dir='ltr'>,βασιλίδι</span> 
     </span>
    </p>
   </div>
   <div class='ocr_carea' id='block_1_33' title="bbox 239 3142 1819 3214">
    <p class='ocr_par' dir='ltr' id='par_1_33' title="bbox 239 3142 1819 3214">
     <span class='ocr_line' id='line_1_33' title="bbox 239 3142 1819 3214; baseline 0.003 -20"><span class='ocrx_word' id='word_1_239' title='bbox 239 3143 339 3194; x_wconf 71' lang='grc' dir='ltr'><strong>ἐπὶ</strong></span> <span class='ocrx_word' id='word_1_240' title='bbox 370 3142 572 3210; x_wconf 81' lang='grc' dir='ltr'>μᾶλλον</span> <span class='ocrx_word' id='word_1_241' title='bbox 605 3142 1020 3209; x_wconf 80' lang='grc' dir='ltr'>κεχαρισμένος.</span> <span class='ocrx_word' id='word_1_242' title='bbox 1061 3143 1261 3195; x_wconf 81' lang='grc' dir='ltr'>Ἦνίκα</span> <span class='ocrx_word' id='word_1_243' title='bbox 1293 3142 1346 3196; x_wconf 81' lang='grc' dir='ltr'>δὲ</span> <span class='ocrx_word' id='word_1_244' title='bbox 1397 3144 1615 3214; x_wconf 81' lang='grc' dir='ltr'>Ἰωάννῃ</span> <span class='ocrx_word' id='word_1_245' title='bbox 1642 3146 1819 3198; x_wconf 81' lang='grc' dir='ltr'>ἐδόκει</span> 
     </span>
    </p>
   </div>
   <div class='ocr_carea' id='block_1_34' title="bbox 1914 670 3472 743">
    <p class='ocr_par' dir='ltr' id='par_1_34' title="bbox 1914 670 3472 743">
     <span class='ocr_line' id='line_1_34' title="bbox 1914 670 3472 743; baseline 0.003 -22"><span class='ocrx_word' id='word_1_246' title='bbox 1914 670 2205 723; x_wconf 82' lang='lat' dir='ltr'><strong>honoravit</strong></span> <span class='ocrx_word' id='word_1_247' title='bbox 2247 688 2259 724; x_wconf 91' lang='lat'>:</span> <span class='ocrx_word' id='word_1_248' title='bbox 2314 672 2480 743; x_wconf 76' lang='lat'><strong>368</strong></span> <span class='ocrx_word' id='word_1_249' title='bbox 2530 680 2585 725; x_wconf 91' lang='lat' dir='ltr'><strong>et</strong></span> <span class='ocrx_word' id='word_1_250' title='bbox 2643 684 2710 725; x_wconf 90' lang='lat' dir='ltr'><strong>ne</strong></span> <span class='ocrx_word' id='word_1_251' title='bbox 2764 670 2841 723; x_wconf 83' lang='lat' dir='ltr'><strong>illi</strong></span> <span class='ocrx_word' id='word_1_252' title='bbox 2889 685 2918 725; x_wconf 90' lang='lat' dir='ltr'><strong>a</strong></span> <span class='ocrx_word' id='word_1_253' title='bbox 2969 673 3221 740; x_wconf 83' lang='lat' dir='ltr'><strong>quopiam</strong></span> <span class='ocrx_word' id='word_1_254' title='bbox 3275 671 3472 741; x_wconf 83' lang='lat' dir='ltr'><strong>injuria</strong></span> 
     </span>
    </p>
   </div>
   <div class='ocr_carea' id='block_1_35' title="bbox 1911 761 3476 835">
    <p class='ocr_par' dir='ltr' id='par_1_35' title="bbox 1911 761 3476 835">
     <span class='ocr_line' id='line_1_35' title="bbox 1911 761 3476 835; baseline 0.001 -19"><span class='ocrx_word' id='word_1_255' title='bbox 1911 761 2277 832; x_wconf 75' lang='lat' dir='ltr'><strong>afficerentur,</strong></span> <span class='ocrx_word' id='word_1_256' title='bbox 2339 778 2501 835; x_wconf 85' lang='lat' dir='ltr'><strong>atque</strong></span> <span class='ocrx_word' id='word_1_257' title='bbox 2566 762 2733 817; x_wconf 88' lang='lat' dir='ltr'><strong>etiam</strong></span> <span class='ocrx_word' id='word_1_258' title='bbox 2796 772 2857 816; x_wconf 93' lang='lat' dir='ltr'><strong>ut</strong></span> <span class='ocrx_word' id='word_1_259' title='bbox 2922 763 3088 817; x_wconf 84' lang='lat' dir='ltr'><strong>rebus</strong></span> <span class='ocrx_word' id='word_1_260' title='bbox 3156 763 3476 818; x_wconf 76' lang='lat' dir='ltr'><strong>necessariis</strong></span> 
     </span>
    </p>
   </div>
   <div class='ocr_carea' id='block_1_36' title="bbox 1913 851 3477 925">
    <p class='ocr_par' dir='ltr' id='par_1_36' title="bbox 1913 851 3477 925">
     <span class='ocr_line' id='line_1_36' title="bbox 1913 851 3477 925; baseline -0.003 -18"><span class='ocrx_word' id='word_1_261' title='bbox 1913 854 2292 921; x_wconf 90' lang='lat' dir='ltr'><strong>abundarent,</strong></span> <span class='ocrx_word' id='word_1_262' title='bbox 2348 856 2643 925; x_wconf 84' lang='lat' dir='ltr'><strong>plurimum</strong></span> <span class='ocrx_word' id='word_1_263' title='bbox 2695 867 2842 905; x_wconf 76' lang='lat' dir='ltr'><strong>curae</strong></span> <span class='ocrx_word' id='word_1_264' title='bbox 2892 851 3121 905; x_wconf 84' lang='lat' dir='ltr'><strong>habuit.</strong></span> <span class='ocrx_word' id='word_1_265' title='bbox 3170 851 3477 906; x_wconf 79' lang='lat' dir='ltr'><strong>Circumfe-</strong></span> 
     </span>
    </p>
   </div>
   <div class='ocr_carea' id='block_1_37' title="bbox 1915 943 3474 1016">
    <p class='ocr_par' dir='ltr' id='par_1_37' title="bbox 1915 943 3474 1016">
     <span class='ocr_line' id='line_1_37' title="bbox 1915 943 3474 1016; baseline -0.001 -18"><span class='ocrx_word' id='word_1_266' title='bbox 1915 961 2109 1001; x_wconf 85' lang='lat' dir='ltr'><strong>raneos</strong></span> <span class='ocrx_word' id='word_1_267' title='bbox 2131 959 2338 1013; x_wconf 89' lang='lat' dir='ltr'><strong>autem,</strong></span> <span class='ocrx_word' id='word_1_268' title='bbox 2367 956 2421 1001; x_wconf 91' lang='lat' dir='ltr'><strong>et</strong></span> <span class='ocrx_word' id='word_1_269' title='bbox 2447 946 2539 1016; x_wconf 92' lang='lat' dir='ltr'><strong>qui</strong></span> <span class='ocrx_word' id='word_1_270' title='bbox 2572 960 2668 1016; x_wconf 91' lang='lat' dir='ltr'><strong>per</strong></span> <span class='ocrx_word' id='word_1_271' title='bbox 2694 944 2847 998; x_wconf 89' lang='lat' dir='ltr'><strong>urbis</strong></span> <span class='ocrx_word' id='word_1_272' title='bbox 2881 943 3088 1013; x_wconf 75' lang='lat' dir='ltr'><strong>plateas</strong></span> <span class='ocrx_word' id='word_1_273' title='bbox 3117 946 3474 1008; x_wconf 80' lang='lat' dir='ltr'><strong>cursitarent,</strong></span> 
     </span>
    </p>
   </div>
   <div class='ocr_carea' id='block_1_38' title="bbox 1914 1034 3477 1105">
    <p class='ocr_par' dir='ltr' id='par_1_38' title="bbox 1914 1034 3477 1105">
     <span class='ocr_line' id='line_1_38' title="bbox 1914 1034 3477 1105; baseline 0.001 -19"><span class='ocrx_word' id='word_1_274' title='bbox 1914 1044 2099 1088; x_wconf 82' lang='lat' dir='ltr'><strong>notam</strong></span> <span class='ocrx_word' id='word_1_275' title='bbox 2149 1036 2509 1105; x_wconf 74' lang='lat' dir='ltr'><strong>philosophia:</strong></span> <span class='ocrx_word' id='word_1_276' title='bbox 2556 1050 2665 1088; x_wconf 66' lang='lat' dir='ltr'><strong>suat</strong></span> <span class='ocrx_word' id='word_1_277' title='bbox 2729 1034 3033 1095; x_wconf 87' lang='lat' dir='ltr'><strong>inurentes,</strong></span> <span class='ocrx_word' id='word_1_278' title='bbox 3073 1034 3257 1087; x_wconf 83' lang='lat' dir='ltr'><strong>verbis</strong></span> <span class='ocrx_word' id='word_1_279' title='bbox 3298 1034 3369 1087; x_wconf 89' lang='lat' dir='ltr'><strong>ita</strong></span> <span class='ocrx_word' id='word_1_280' title='bbox 3419 1042 3477 1087; x_wconf 89' lang='lat' dir='ltr'><strong>ut</strong></span> 
     </span>
    </p>
   </div>
   <div class='ocr_carea' id='block_1_39' title="bbox 1914 1123 3477 1194">
    <p class='ocr_par' dir='ltr' id='par_1_39' title="bbox 1914 1123 3477 1194">
     <span class='ocr_line' id='line_1_39' title="bbox 1914 1123 3477 1194; baseline 0 -18"><span class='ocrx_word' id='word_1_281' title='bbox 1914 1123 2163 1185; x_wconf 77' lang='lat' dir='ltr'><strong>decebat,</strong></span> <span class='ocrx_word' id='word_1_282' title='bbox 2207 1124 2638 1194; x_wconf 89' lang='lat' dir='ltr'><strong>reprehendens,</strong></span> <span class='ocrx_word' id='word_1_283' title='bbox 2690 1123 2975 1192; x_wconf 85' lang='lat' dir='ltr'><strong>acriusque</strong></span> <span class='ocrx_word' id='word_1_284' title='bbox 3025 1137 3274 1193; x_wconf 86' lang='lat' dir='ltr'><strong>carpens.</strong></span> <span class='ocrx_word' id='word_1_285' title='bbox 3318 1137 3477 1192; x_wconf 89' lang='lat' dir='ltr'><strong>repu-</strong></span> 
     </span>
    </p>
   </div>
   <div class='ocr_carea' id='block_1_40' title="bbox 1914 1217 3476 1288">
    <p class='ocr_par' dir='ltr' id='par_1_40' title="bbox 1914 1217 3476 1288">
     <span class='ocr_line' id='line_1_40' title="bbox 1914 1217 3476 1288; baseline 0 -18"><span class='ocrx_word' id='word_1_286' title='bbox 1914 1217 2119 1270; x_wconf 86' lang='lat' dir='ltr'><strong>diabat.</strong></span> <span class='ocrx_word' id='word_1_287' title='bbox 2153 1217 2552 1288; x_wconf 85' lang='lat' dir='ltr'><strong>Nonnunquam</strong></span> <span class='ocrx_word' id='word_1_288' title='bbox 2583 1217 2745 1270; x_wconf 89' lang='lat' dir='ltr'><strong>etiam</strong></span> <span class='ocrx_word' id='word_1_289' title='bbox 2778 1217 3046 1272; x_wconf 82' lang='lat' dir='ltr'><strong>conviciis</strong></span> <span class='ocrx_word' id='word_1_290' title='bbox 3074 1230 3167 1271; x_wconf 88' lang='lat' dir='ltr'><strong>eos</strong></span> <span class='ocrx_word' id='word_1_291' title='bbox 3202 1218 3476 1287; x_wconf 73' lang='lat' dir='ltr'><strong>corrigens</strong></span> 
     </span>
    </p>
   </div>
   <div class='ocr_carea' id='block_1_41' title="bbox 1916 1310 3479 1381">
    <p class='ocr_par' dir='ltr' id='par_1_41' title="bbox 1916 1310 3479 1381">
     <span class='ocr_line' id='line_1_41' title="bbox 1916 1310 3479 1381; baseline -0.001 -18"><span class='ocrx_word' id='word_1_292' title='bbox 1916 1311 2243 1375; x_wconf 83' lang='lat' dir='ltr'><strong>incessebat,</strong></span> <span class='ocrx_word' id='word_1_293' title='bbox 2267 1318 2323 1366; x_wconf 90' lang='lat' dir='ltr'><strong>et</strong></span> <span class='ocrx_word' id='word_1_294' title='bbox 2348 1312 2700 1365; x_wconf 88' lang='lat' dir='ltr'><strong>convenienti</strong></span> <span class='ocrx_word' id='word_1_295' title='bbox 2738 1310 3118 1381; x_wconf 81' lang='lat' dir='ltr'><strong>objurgatione</strong></span> <span class='ocrx_word' id='word_1_296' title='bbox 3149 1312 3479 1379; x_wconf 70' lang='lat' dir='ltr'><strong>perstririch</strong></span> 
     </span>
    </p>
   </div>
   <div class='ocr_carea' id='block_1_42' title="bbox 1916 1402 3480 1471">
    <p class='ocr_par' dir='ltr' id='par_1_42' title="bbox 1916 1402 3480 1471">
     <span class='ocr_line' id='line_1_42' title="bbox 1916 1402 3480 1471; baseline -0.001 -16"><span class='ocrx_word' id='word_1_297' title='bbox 1916 1402 2029 1455; x_wconf 85' lang='lat' dir='ltr'><strong>bat.</strong></span> <span class='ocrx_word' id='word_1_298' title='bbox 2060 1403 2236 1471; x_wconf 86' lang='lat' dir='ltr'><strong>Atque</strong></span> <span class='ocrx_word' id='word_1_299' title='bbox 2270 1403 2345 1456; x_wconf 86' lang='lat' dir='ltr'><strong>illi</strong></span> <span class='ocrx_word' id='word_1_300' title='bbox 2376 1407 2439 1457; x_wconf 92' lang='lat' dir='ltr'><strong>ad</strong></span> <span class='ocrx_word' id='word_1_301' title='bbox 2467 1419 2591 1456; x_wconf 80' lang='lat' dir='ltr'><strong>eum</strong></span> <span class='ocrx_word' id='word_1_302' title='bbox 2624 1403 2845 1456; x_wconf 89' lang='lat' dir='ltr'><strong>modum</strong></span> <span class='ocrx_word' id='word_1_303' title='bbox 2879 1403 3218 1471; x_wconf 87' lang='lat' dir='ltr'><strong>reprehensi,</strong></span> <span class='ocrx_word' id='word_1_304' title='bbox 3244 1407 3480 1471; x_wconf 71' lang='lat' dir='ltr'><strong>graviter</strong></span> 
     </span>
    </p>
   </div>
   <div class='ocr_carea' id='block_1_43' title="bbox 1916 1493 3477 1565">
    <p class='ocr_par' dir='ltr' id='par_1_43' title="bbox 1916 1493 3477 1565">
     <span class='ocr_line' id='line_1_43' title="bbox 1916 1493 3477 1565; baseline -0.001 -17"><span class='ocrx_word' id='word_1_305' title='bbox 1916 1494 1968 1548; x_wconf 85' lang='lat' dir='ltr'><strong>id</strong></span> <span class='ocrx_word' id='word_1_306' title='bbox 2015 1493 2181 1558; x_wconf 83' lang='lat' dir='ltr'><strong>ferre,</strong></span> <span class='ocrx_word' id='word_1_307' title='bbox 2221 1502 2276 1549; x_wconf 86' lang='lat' dir='ltr'><strong>et</strong></span> <span class='ocrx_word' id='word_1_308' title='bbox 2332 1494 2499 1549; x_wconf 85' lang='lat' dir='ltr'><strong>verba</strong></span> <span class='ocrx_word' id='word_1_309' title='bbox 2551 1496 2947 1549; x_wconf 88' lang='lat' dir='ltr'><strong>contumeliosa</strong></span> <span class='ocrx_word' id='word_1_310' title='bbox 3004 1496 3057 1549; x_wconf 92' lang='lat' dir='ltr'><strong>in</strong></span> <span class='ocrx_word' id='word_1_311' title='bbox 3106 1511 3233 1549; x_wconf 88' lang='lat' dir='ltr'><strong>eum</strong></span> <span class='ocrx_word' id='word_1_312' title='bbox 3274 1496 3477 1565; x_wconf 88' lang='lat' dir='ltr'><strong>jacere,</strong></span> 
     </span>
    </p>
   </div>
   <div class='ocr_carea' id='block_1_44' title="bbox 1916 1582 3479 1654">
    <p class='ocr_par' dir='ltr' id='par_1_44' title="bbox 1916 1582 3479 1654">
     <span class='ocr_line' id='line_1_44' title="bbox 1916 1582 3479 1654; baseline -0.003 -16"><span class='ocrx_word' id='word_1_313' title='bbox 1916 1584 2116 1649; x_wconf 81' lang='lat' dir='ltr'><strong>ferum,</strong></span> <span class='ocrx_word' id='word_1_314' title='bbox 2152 1585 2461 1650; x_wconf 90' lang='lat' dir='ltr'><strong>crudelem,</strong></span> <span class='ocrx_word' id='word_1_315' title='bbox 2506 1584 2853 1647; x_wconf 81' lang='lat' dir='ltr'><strong>iracundum,</strong></span> <span class='ocrx_word' id='word_1_316' title='bbox 2905 1586 3201 1654; x_wconf 88' lang='lat' dir='ltr'><strong>superbum</strong></span> <span class='ocrx_word' id='word_1_317' title='bbox 3253 1593 3309 1636; x_wconf 87' lang='lat' dir='ltr'><strong>et</strong></span> <span class='ocrx_word' id='word_1_318' title='bbox 3343 1582 3479 1635; x_wconf 77' lang='lat' dir='ltr'><strong>furi-</strong></span> 
     </span>
    </p>
   </div>
   <div class='ocr_carea' id='block_1_45' title="bbox 1917 1674 3480 1746">
    <p class='ocr_par' dir='ltr' id='par_1_45' title="bbox 1917 1674 3480 1746">
     <span class='ocr_line' id='line_1_45' title="bbox 1917 1674 3480 1746; baseline -0.001 -19"><span class='ocrx_word' id='word_1_319' title='bbox 1917 1674 2161 1728; x_wconf 91' lang='lat' dir='ltr'><strong>bundum</strong></span> <span class='ocrx_word' id='word_1_320' title='bbox 2213 1676 2526 1745; x_wconf 86' lang='lat' dir='ltr'><strong>appellare,</strong></span> <span class='ocrx_word' id='word_1_321' title='bbox 2581 1692 2793 1730; x_wconf 86' lang='lat' dir='ltr'><strong>necnon</strong></span> <span class='ocrx_word' id='word_1_322' title='bbox 2855 1676 3096 1746; x_wconf 87' lang='lat' dir='ltr'><strong>quietam</strong></span> <span class='ocrx_word' id='word_1_323' title='bbox 3145 1676 3266 1746; x_wconf 84' lang='lat' dir='ltr'><strong>ejus</strong></span> <span class='ocrx_word' id='word_1_324' title='bbox 3314 1674 3480 1727; x_wconf 88' lang='lat' dir='ltr'><strong>vitam</strong></span> 
     </span>
    </p>
   </div>
   <div class='ocr_carea' id='block_1_46' title="bbox 1917 1766 3478 1837">
    <p class='ocr_par' dir='ltr' id='par_1_46' title="bbox 1917 1766 3478 1837">
     <span class='ocr_line' id='line_1_46' title="bbox 1917 1766 3478 1837; baseline 0.001 -18"><span class='ocrx_word' id='word_1_325' title='bbox 1917 1768 2061 1837; x_wconf 84' lang='lat' dir='ltr'><strong>apud</strong></span> <span class='ocrx_word' id='word_1_326' title='bbox 2104 1768 2303 1822; x_wconf 91' lang='lat' dir='ltr'><strong>multos</strong></span> <span class='ocrx_word' id='word_1_327' title='bbox 2339 1776 2543 1832; x_wconf 80' lang='lat' dir='ltr'><strong>taxare,</strong></span> <span class='ocrx_word' id='word_1_328' title='bbox 2580 1768 2819 1823; x_wconf 83' lang='lat' dir='ltr'><strong>cavillari</strong></span> <span class='ocrx_word' id='word_1_329' title='bbox 2863 1776 2916 1821; x_wconf 86' lang='lat' dir='ltr'><strong>et</strong></span> <span class='ocrx_word' id='word_1_330' title='bbox 2958 1783 3204 1837; x_wconf 86' lang='lat' dir='ltr'><strong>carpere,</strong></span> <span class='ocrx_word' id='word_1_331' title='bbox 3237 1766 3478 1836; x_wconf 76' lang='lat' dir='ltr'><strong>aggredi.</strong></span> 
     </span>
    </p>
   </div>
   <div class='ocr_carea' id='block_1_47' title="bbox 1920 1857 3479 1929">
    <p class='ocr_par' dir='ltr' id='par_1_47' title="bbox 1920 1857 3479 1929">
     <span class='ocr_line' id='line_1_47' title="bbox 1920 1857 3479 1929; baseline 0.001 -20"><span class='ocrx_word' id='word_1_332' title='bbox 1920 1857 1984 1911; x_wconf 87' lang='lat' dir='ltr'><strong>Et</strong></span> <span class='ocrx_word' id='word_1_333' title='bbox 2025 1859 2356 1928; x_wconf 85' lang='lat' dir='ltr'><strong>persuadere</strong></span> <span class='ocrx_word' id='word_1_334' title='bbox 2389 1859 2442 1913; x_wconf 90' lang='lat' dir='ltr'><strong>id</strong></span> <span class='ocrx_word' id='word_1_335' title='bbox 2474 1860 2556 1913; x_wconf 91' lang='lat' dir='ltr'><strong>eis</strong></span> <span class='ocrx_word' id='word_1_336' title='bbox 2588 1874 2723 1929; x_wconf 85' lang='lat' dir='ltr'><strong>quas</strong></span> <span class='ocrx_word' id='word_1_337' title='bbox 2758 1860 2997 1922; x_wconf 79' lang='lat' dir='ltr'><strong>diximus</strong></span> <span class='ocrx_word' id='word_1_338' title='bbox 3031 1860 3197 1913; x_wconf 83' lang='lat' dir='ltr'><strong>rebus</strong></span> <span class='ocrx_word' id='word_1_339' title='bbox 3228 1867 3479 1927; x_wconf 88' lang='lat' dir='ltr'><strong>potuere,</strong></span> 
     </span>
    </p>
   </div>
   <div class='ocr_carea' id='block_1_48' title="bbox 1917 1948 3479 2019">
    <p class='ocr_par' dir='ltr' id='par_1_48' title="bbox 1917 1948 3479 2019">
     <span class='ocr_line' id='line_1_48' title="bbox 1917 1948 3479 2019; baseline -0.001 -17"><span class='ocrx_word' id='word_1_340' title='bbox 1917 1950 2385 2019; x_wconf 88' lang='lat' dir='ltr'><strong>reprehendentes</strong></span> <span class='ocrx_word' id='word_1_341' title='bbox 2433 1950 2661 2019; x_wconf 89' lang='lat' dir='ltr'><strong>insuper</strong></span> <span class='ocrx_word' id='word_1_342' title='bbox 2706 1951 2762 2004; x_wconf 90' lang='lat' dir='ltr'><strong>in</strong></span> <span class='ocrx_word' id='word_1_343' title='bbox 2816 1966 2883 2004; x_wconf 89' lang='lat' dir='ltr'><strong>eo</strong></span> <span class='ocrx_word' id='word_1_344' title='bbox 2933 1950 3077 2019; x_wconf 88' lang='lat' dir='ltr'><strong>quod</strong></span> <span class='ocrx_word' id='word_1_345' title='bbox 3128 1948 3312 2003; x_wconf 83' lang='lat' dir='ltr'><strong>cibum</strong></span> <span class='ocrx_word' id='word_1_346' title='bbox 3354 1963 3479 2003; x_wconf 84' lang='lat' dir='ltr'><strong>cum</strong></span> 
     </span>
    </p>
   </div>
   <div class='ocr_carea' id='block_1_49' title="bbox 1918 2041 3484 2112">
    <p class='ocr_par' dir='ltr' id='par_1_49' title="bbox 1918 2041 3484 2112">
     <span class='ocr_line' id='line_1_49' title="bbox 1918 2041 3484 2112; baseline 0 -19"><span class='ocrx_word' id='word_1_347' title='bbox 1918 2042 2137 2095; x_wconf 85' lang='lat' dir='ltr'><strong>nemine</strong></span> <span class='ocrx_word' id='word_1_348' title='bbox 2170 2057 2388 2096; x_wconf 88' lang='lat' dir='ltr'><strong>sumere</strong></span> <span class='ocrx_word' id='word_1_349' title='bbox 2416 2041 2721 2107; x_wconf 86' lang='lat' dir='ltr'><strong>videretur,</strong></span> <span class='ocrx_word' id='word_1_350' title='bbox 2755 2043 3013 2112; x_wconf 90' lang='lat' dir='ltr'><strong>quodque</strong></span> <span class='ocrx_word' id='word_1_351' title='bbox 3043 2056 3221 2111; x_wconf 84' lang='lat' dir='ltr'><strong>neque</strong></span> <span class='ocrx_word' id='word_1_352' title='bbox 3256 2041 3309 2095; x_wconf 91' lang='lat' dir='ltr'><strong>in</strong></span> <span class='ocrx_word' id='word_1_353' title='bbox 3349 2055 3484 2095; x_wconf 80' lang='lat' dir='ltr'><strong>con-</strong></span> 
     </span>
    </p>
   </div>
   <div class='ocr_carea' id='block_1_50' title="bbox 1917 2131 3481 2202">
    <p class='ocr_par' dir='ltr' id='par_1_50' title="bbox 1917 2131 3481 2202">
     <span class='ocr_line' id='line_1_50' title="bbox 1917 2131 3481 2202; baseline -0.001 -17"><span class='ocrx_word' id='word_1_354' title='bbox 1917 2131 2063 2186; x_wconf 90' lang='lat' dir='ltr'><strong>vivio</strong></span> <span class='ocrx_word' id='word_1_355' title='bbox 2110 2148 2288 2202; x_wconf 90' lang='lat' dir='ltr'><strong>neque</strong></span> <span class='ocrx_word' id='word_1_356' title='bbox 2336 2132 2391 2185; x_wconf 91' lang='lat' dir='ltr'><strong>in</strong></span> <span class='ocrx_word' id='word_1_357' title='bbox 2448 2132 2679 2202; x_wconf 88' lang='lat' dir='ltr'><strong>prandio</strong></span> <span class='ocrx_word' id='word_1_358' title='bbox 2724 2133 2957 2202; x_wconf 88' lang='lat' dir='ltr'><strong>alicujus</strong></span> <span class='ocrx_word' id='word_1_359' title='bbox 3010 2142 3156 2186; x_wconf 84' lang='lat' dir='ltr'><strong>esset</strong></span> <span class='ocrx_word' id='word_1_360' title='bbox 3191 2150 3205 2186; x_wconf 88' lang='lat'><strong>:</strong></span> <span class='ocrx_word' id='word_1_361' title='bbox 3243 2132 3481 2201; x_wconf 89' lang='lat' dir='ltr'><strong>denique</strong></span> 
     </span>
    </p>
   </div>
   <div class='ocr_carea' id='block_1_51' title="bbox 1916 2223 3479 2293">
    <p class='ocr_par' dir='ltr' id='par_1_51' title="bbox 1916 2223 3479 2293">
     <span class='ocr_line' id='line_1_51' title="bbox 1916 2223 3479 2293; baseline -0.001 -17"><span class='ocrx_word' id='word_1_362' title='bbox 1916 2223 2060 2293; x_wconf 91' lang='lat' dir='ltr'><strong>quod</strong></span> <span class='ocrx_word' id='word_1_363' title='bbox 2105 2234 2235 2293; x_wconf 88' lang='lat' dir='ltr'><strong>post</strong></span> <span class='ocrx_word' id='word_1_364' title='bbox 2278 2223 2590 2277; x_wconf 86' lang='lat' dir='ltr'><strong>divinorum</strong></span> <span class='ocrx_word' id='word_1_365' title='bbox 2642 2225 3026 2293; x_wconf 75' lang='lat' dir='ltr'><strong>mysteriorum</strong></span> <span class='ocrx_word' id='word_1_366' title='bbox 3074 2223 3479 2291; x_wconf 82' lang='lat' dir='ltr'><strong>perceptionem</strong></span> 
     </span>
    </p>
   </div>
   <div class='ocr_carea' id='block_1_52' title="bbox 1917 2314 3483 2387">
    <p class='ocr_par' dir='ltr' id='par_1_52' title="bbox 1917 2314 3483 2387">
     <span class='ocr_line' id='line_1_52' title="bbox 1917 2314 3483 2387; baseline -0.001 -17"><span class='ocrx_word' id='word_1_367' title='bbox 1917 2317 2195 2387; x_wconf 82' lang='lat' dir='ltr'><strong>pastillum</strong></span> <span class='ocrx_word' id='word_1_368' title='bbox 2255 2316 2593 2385; x_wconf 90' lang='lat' dir='ltr'><strong>degustaret.</strong></span> <span class='ocrx_word' id='word_1_369' title='bbox 2649 2316 2864 2381; x_wconf 85' lang='lat' dir='ltr'><strong>Quibus</strong></span> <span class='ocrx_word' id='word_1_370' title='bbox 2919 2314 2997 2368; x_wconf 89' lang='lat' dir='ltr'><strong>illi</strong></span> <span class='ocrx_word' id='word_1_371' title='bbox 3054 2314 3265 2369; x_wconf 85' lang='lat' dir='ltr'><strong>scilicet</strong></span> <span class='ocrx_word' id='word_1_372' title='bbox 3320 2315 3483 2369; x_wconf 86' lang='lat' dir='ltr'><strong>rebus</strong></span> 
     </span>
    </p>
   </div>
   <div class='ocr_carea' id='block_1_53' title="bbox 1917 2404 3479 2471">
    <p class='ocr_par' dir='ltr' id='par_1_53' title="bbox 1917 2404 3479 2471">
     <span class='ocr_line' id='line_1_53' title="bbox 1917 2404 3479 2471; baseline -0.001 -12"><span class='ocrx_word' id='word_1_373' title='bbox 1917 2408 2051 2471; x_wconf 80' lang='lat' dir='ltr'><strong>nixi,</strong></span> <span class='ocrx_word' id='word_1_374' title='bbox 2088 2408 2405 2461; x_wconf 86' lang='lat' dir='ltr'><strong>innumeras</strong></span> <span class='ocrx_word' id='word_1_375' title='bbox 2439 2408 2703 2460; x_wconf 84' lang='lat' dir='ltr'><strong>adversus</strong></span> <span class='ocrx_word' id='word_1_376' title='bbox 2734 2421 2860 2460; x_wconf 90' lang='lat' dir='ltr'><strong>cum</strong></span> <span class='ocrx_word' id='word_1_377' title='bbox 2893 2416 3116 2459; x_wconf 78' lang='lat' dir='ltr'><strong>texuere</strong></span> <span class='ocrx_word' id='word_1_378' title='bbox 3156 2404 3479 2459; x_wconf 85' lang='lat' dir='ltr'><strong>calumnias.</strong></span> 
     </span>
    </p>
   </div>
   <div class='ocr_carea' id='block_1_54' title="bbox 1917 2497 3480 2566">
    <p class='ocr_par' dir='ltr' id='par_1_54' title="bbox 1917 2497 3480 2566">
     <span class='ocr_line' id='line_1_54' title="bbox 1917 2497 3480 2566; baseline -0.003 -13"><span class='ocrx_word' id='word_1_379' title='bbox 1917 2498 2034 2553; x_wconf 84' lang='lat' dir='ltr'><strong>Non</strong></span> <span class='ocrx_word' id='word_1_380' title='bbox 2072 2499 2297 2553; x_wconf 89' lang='lat' dir='ltr'><strong>minima</strong></span> <span class='ocrx_word' id='word_1_381' title='bbox 2328 2515 2458 2553; x_wconf 87' lang='lat' dir='ltr'><strong>vero</strong></span> <span class='ocrx_word' id='word_1_382' title='bbox 2491 2510 2547 2550; x_wconf 91' lang='lat' dir='ltr'><strong>et</strong></span> <span class='ocrx_word' id='word_1_383' title='bbox 2582 2500 2675 2552; x_wconf 87' lang='lat' dir='ltr'><strong>illa</strong></span> <span class='ocrx_word' id='word_1_384' title='bbox 2710 2498 2761 2552; x_wconf 90' lang='lat' dir='ltr'><strong>ei</strong></span> <span class='ocrx_word' id='word_1_385' title='bbox 2797 2499 2865 2552; x_wconf 87' lang='lat' dir='ltr'><strong>ab</strong></span> <span class='ocrx_word' id='word_1_386' title='bbox 2908 2497 3255 2566; x_wconf 83' lang='lat' dir='ltr'><strong>imperatoris</strong></span> <span class='ocrx_word' id='word_1_387' title='bbox 3287 2510 3480 2561; x_wconf 80' lang='lat' dir='ltr'><strong>uxore,</strong></span> 
     </span>
    </p>
   </div>
   <div class='ocr_carea' id='block_1_55' title="bbox 1918 2587 3480 2657">
    <p class='ocr_par' dir='ltr' id='par_1_55' title="bbox 1918 2587 3480 2657">
     <span class='ocr_line' id='line_1_55' title="bbox 1918 2587 3480 2657; baseline -0.002 -15"><span class='ocrx_word' id='word_1_388' title='bbox 1918 2604 2016 2657; x_wconf 89' lang='lat' dir='ltr'><strong>per</strong></span> <span class='ocrx_word' id='word_1_389' title='bbox 2064 2588 2423 2642; x_wconf 86' lang='lat' dir='ltr'><strong>Severianum</strong></span> <span class='ocrx_word' id='word_1_390' title='bbox 2464 2587 2793 2642; x_wconf 84' lang='lat' dir='ltr'><strong>Gabalorum</strong></span> <span class='ocrx_word' id='word_1_391' title='bbox 2846 2588 2901 2640; x_wconf 93' lang='lat' dir='ltr'><strong>in</strong></span> <span class='ocrx_word' id='word_1_392' title='bbox 2949 2588 3099 2657; x_wconf 83' lang='lat' dir='ltr'><strong>Syria</strong></span> <span class='ocrx_word' id='word_1_393' title='bbox 3139 2588 3480 2656; x_wconf 83' lang='lat' dir='ltr'><strong>episcopum,</strong></span> 
     </span>
    </p>
   </div>
   <div class='ocr_carea' id='block_1_56' title="bbox 1918 2679 3485 2743">
    <p class='ocr_par' dir='ltr' id='par_1_56' title="bbox 1918 2679 3485 2743">
     <span class='ocr_line' id='line_1_56' title="bbox 1918 2679 3485 2743; baseline -0.001 -10"><span class='ocrx_word' id='word_1_394' title='bbox 1918 2682 2119 2734; x_wconf 89' lang='lat' dir='ltr'><strong>accidit</strong></span> <span class='ocrx_word' id='word_1_395' title='bbox 2160 2681 2271 2735; x_wconf 91' lang='lat' dir='ltr'><strong>odii</strong></span> <span class='ocrx_word' id='word_1_396' title='bbox 2318 2681 2555 2734; x_wconf 90' lang='lat' dir='ltr'><strong>occasio.</strong></span> <span class='ocrx_word' id='word_1_397' title='bbox 2595 2681 2726 2734; x_wconf 85' lang='lat' dir='ltr'><strong>Nam</strong></span> <span class='ocrx_word' id='word_1_398' title='bbox 2768 2689 2823 2733; x_wconf 87' lang='lat' dir='ltr'><strong>et</strong></span> <span class='ocrx_word' id='word_1_399' title='bbox 2858 2680 2966 2743; x_wconf 88' lang='lat' dir='ltr'><strong>hic,</strong></span> <span class='ocrx_word' id='word_1_400' title='bbox 3002 2695 3105 2732; x_wconf 90' lang='lat' dir='ltr'><strong>una</strong></span> <span class='ocrx_word' id='word_1_401' title='bbox 3139 2694 3259 2732; x_wconf 90' lang='lat' dir='ltr'><strong>cum</strong></span> <span class='ocrx_word' id='word_1_402' title='bbox 3292 2679 3485 2731; x_wconf 84' lang='lat' dir='ltr'><strong>Antio-</strong></span> 
     </span>
    </p>
   </div>
   <div class='ocr_carea' id='block_1_57' title="bbox 1919 2772 3484 2841">
    <p class='ocr_par' dir='ltr' id='par_1_57' title="bbox 1919 2772 3484 2841">
     <span class='ocr_line' id='line_1_57' title="bbox 1919 2772 3484 2841; baseline -0.002 -13"><span class='ocrx_word' id='word_1_403' title='bbox 1919 2774 2024 2828; x_wconf 92' lang='lat' dir='ltr'><strong>cbo</strong></span> <span class='ocrx_word' id='word_1_404' title='bbox 2054 2815 2068 2838; x_wconf 89' lang='lat'><strong>,</strong></span> <span class='ocrx_word' id='word_1_405' title='bbox 2110 2772 2461 2827; x_wconf 86' lang='lat' dir='ltr'><strong>Ptolemaidis</strong></span> <span class='ocrx_word' id='word_1_406' title='bbox 2511 2773 2804 2826; x_wconf 72' lang='lat' dir='ltr'><strong>thnicia:</strong></span> <span class='ocrx_word' id='word_1_407' title='bbox 2852 2772 3141 2841; x_wconf 85' lang='lat' dir='ltr'><strong>episc0po,</strong></span> <span class='ocrx_word' id='word_1_408' title='bbox 3192 2772 3484 2839; x_wconf 82' lang='lat' dir='ltr'><strong>praeclarus</strong></span> 
     </span>
    </p>
   </div>
   <div class='ocr_carea' id='block_1_58' title="bbox 1918 2862 3486 2932">
    <p class='ocr_par' dir='ltr' id='par_1_58' title="bbox 1918 2862 3486 2932">
     <span class='ocr_line' id='line_1_58' title="bbox 1918 2862 3486 2932; baseline -0.004 -13"><span class='ocrx_word' id='word_1_409' title='bbox 1918 2865 2056 2929; x_wconf 79' lang='lat' dir='ltr'><strong>fuit;</strong></span> <span class='ocrx_word' id='word_1_410' title='bbox 2099 2874 2330 2932; x_wconf 86' lang='lat' dir='ltr'><strong>uterque</strong></span> <span class='ocrx_word' id='word_1_411' title='bbox 2378 2878 2508 2916; x_wconf 88' lang='lat' dir='ltr'><strong>sane</strong></span> <span class='ocrx_word' id='word_1_412' title='bbox 2547 2863 2613 2915; x_wconf 90' lang='lat' dir='ltr'><strong>ad</strong></span> <span class='ocrx_word' id='word_1_413' title='bbox 2652 2878 2947 2926; x_wconf 82' lang='lat' dir='ltr'><strong>summum,</strong></span> <span class='ocrx_word' id='word_1_414' title='bbox 2986 2862 3169 2915; x_wconf 84' lang='lat' dir='ltr'><strong>verbis</strong></span> <span class='ocrx_word' id='word_1_415' title='bbox 3204 2862 3269 2914; x_wconf 85' lang='lat' dir='ltr'><strong>ad</strong></span> <span class='ocrx_word' id='word_1_416' title='bbox 3311 2876 3486 2930; x_wconf 84' lang='lat' dir='ltr'><strong>popu-</strong></span> 
     </span>
    </p>
   </div>
   <div class='ocr_carea' id='block_1_59' title="bbox 1918 2954 3484 3013">
    <p class='ocr_par' dir='ltr' id='par_1_59' title="bbox 1918 2954 3484 3013">
     <span class='ocr_line' id='line_1_59' title="bbox 1918 2954 3484 3013; baseline -0.001 -2"><span class='ocrx_word' id='word_1_417' title='bbox 1918 2957 2034 3012; x_wconf 91' lang='lat' dir='ltr'><strong>lum</strong></span> <span class='ocrx_word' id='word_1_418' title='bbox 2086 2957 2143 3011; x_wconf 90' lang='lat' dir='ltr'><strong>in</strong></span> <span class='ocrx_word' id='word_1_419' title='bbox 2192 2958 2423 3011; x_wconf 90' lang='lat' dir='ltr'><strong>ecclesia</strong></span> <span class='ocrx_word' id='word_1_420' title='bbox 2464 2955 2747 3013; x_wconf 82' lang='lat' dir='ltr'><strong>faciendis,</strong></span> <span class='ocrx_word' id='word_1_421' title='bbox 2786 2954 3137 3009; x_wconf 80' lang='lat' dir='ltr'><strong>exercitatus.</strong></span> <span class='ocrx_word' id='word_1_422' title='bbox 3181 2955 3484 3009; x_wconf 85' lang='lat' dir='ltr'><strong>Antiochus</strong></span> 
     </span>
    </p>
   </div>
   <div class='ocr_carea' id='block_1_60' title="bbox 1919 3047 3483 3119">
    <p class='ocr_par' dir='ltr' id='par_1_60' title="bbox 1919 3047 3483 3119">
     <span class='ocr_line' id='line_1_60' title="bbox 1919 3047 3483 3119; baseline -0.001 -16"><span class='ocrx_word' id='word_1_423' title='bbox 1919 3049 2139 3119; x_wconf 89' lang='lat' dir='ltr'><strong>quidem</strong></span> <span class='ocrx_word' id='word_1_424' title='bbox 2196 3058 2343 3103; x_wconf 89' lang='lat' dir='ltr'><strong>tanta</strong></span> <span class='ocrx_word' id='word_1_425' title='bbox 2396 3049 2451 3102; x_wconf 90' lang='lat' dir='ltr'><strong>in</strong></span> <span class='ocrx_word' id='word_1_426' title='bbox 2504 3047 2738 3103; x_wconf 87' lang='lat' dir='ltr'><strong>dicendo</strong></span> <span class='ocrx_word' id='word_1_427' title='bbox 2786 3048 3046 3103; x_wconf 67' lang='lat' dir='ltr'><strong>facilitate</strong></span> <span class='ocrx_word' id='word_1_428' title='bbox 3096 3047 3227 3113; x_wconf 80' lang='lat' dir='ltr'><strong>fuit,</strong></span> <span class='ocrx_word' id='word_1_429' title='bbox 3272 3057 3326 3101; x_wconf 93' lang='lat' dir='ltr'><strong>et</strong></span> <span class='ocrx_word' id='word_1_430' title='bbox 3375 3060 3483 3103; x_wconf 89' lang='lat' dir='ltr'><strong>tam</strong></span> 
     </span>
    </p>
   </div>
   <div class='ocr_carea' id='block_1_61' title="bbox 1920 3138 3484 3208">
    <p class='ocr_par' dir='ltr' id='par_1_61' title="bbox 1920 3138 3484 3208">
     <span class='ocr_line' id='line_1_61' title="bbox 1920 3138 3484 3208; baseline 0 -15"><span class='ocrx_word' id='word_1_431' title='bbox 1920 3142 2151 3195; x_wconf 83' lang='lat' dir='ltr'><strong>rotunde</strong></span> <span class='ocrx_word' id='word_1_432' title='bbox 2179 3142 2343 3195; x_wconf 88' lang='lat' dir='ltr'><strong>simul</strong></span> <span class='ocrx_word' id='word_1_433' title='bbox 2363 3150 2417 3193; x_wconf 93' lang='lat' dir='ltr'><strong>et</strong></span> <span class='ocrx_word' id='word_1_434' title='bbox 2437 3140 2676 3193; x_wconf 86' lang='lat' dir='ltr'><strong>suaviter</strong></span> <span class='ocrx_word' id='word_1_435' title='bbox 2700 3139 3094 3208; x_wconf 77' lang='lat' dir='ltr'><strong>pronuntiavit,</strong></span> <span class='ocrx_word' id='word_1_436' title='bbox 3122 3148 3232 3193; x_wconf 90' lang='lat' dir='ltr'><strong>uta</strong></span> <span class='ocrx_word' id='word_1_437' title='bbox 3256 3138 3484 3207; x_wconf 89' lang='lat' dir='ltr'><strong>quibus-</strong></span> 
     </span>
    </p>
   </div>
   <div class='ocr_carea' id='block_1_62' title="bbox 239 3232 1916 3333">
    <p class='ocr_par' dir='ltr' id='par_1_62' title="bbox 239 3232 1893 3333">
     <span class='ocr_line' id='line_1_62' title="bbox 239 3232 1893 3333; baseline 0.001 -48"><span class='ocrx_word' id='word_1_438' title='bbox 239 3235 337 3285; x_wconf 76' lang='grc' dir='ltr'>καὶ</span> <span class='ocrx_word' id='word_1_439' title='bbox 364 3232 499 3300; x_wconf 81' lang='grc' dir='ltr'>πρὸς</span> <span class='ocrx_word' id='word_1_440' title='bbox 532 3232 629 3303; x_wconf 79' lang='grc' dir='ltr'>τὴν</span> <span class='ocrx_word' id='word_1_441' title='bbox 686 3233 869 3284; x_wconf 83' lang='grc' dir='ltr'>Ἀσίαν</span> <span class='ocrx_word' id='word_1_442' title='bbox 902 3233 1224 3301; x_wconf 80' lang='grc' dir='ltr'>ἀποδημεῖν,</span> <span class='ocrx_word' id='word_1_443' title='bbox 1262 3233 1407 3303; x_wconf 85' lang='grc' dir='ltr'>αὐτῷ</span> <span class='ocrx_word' id='word_1_444' title='bbox 1436 3234 1502 3287; x_wconf 88' lang='grc' dir='ltr'><strong>τά</strong></span> <span class='ocrx_word' id='word_1_445' title='bbox 1537 3235 1678 3289; x_wconf 78' lang='grc' dir='ltr'>κατὰ</span> <span class='ocrx_word' id='word_1_446' title='bbox 1717 3235 1816 3306; x_wconf 78' lang='grc' dir='ltr'>τὴν</span> <span class='ocrx_word' id='word_1_447' title='bbox 1846 3271 1893 3333; x_wconf 76' lang='lat' dir='ltr'>c</span> 
     </span>
    </p>
   </div>
   <div class='ocr_carea' id='block_1_63' title="bbox 1808 3232 3485 3333">
    <p class='ocr_par' dir='ltr' id='par_1_63' title="bbox 1808 3232 3485 3333">
     <span class='ocr_line' id='line_1_63' title="bbox 1808 3232 3485 3333; baseline 0.001 -51"><span class='ocrx_word' id='word_1_448' title='bbox 1808 3254 1816 3282; x_wconf 77' lang='grc' dir='ltr'>ι</span> <span class='ocrx_word' id='word_1_449' title='bbox 1846 3271 1893 3333; x_wconf 75' lang='lat' dir='ltr'>c</span> <span class='ocrx_word' id='word_1_450' title='bbox 1924 3238 2042 3287; x_wconf 88' lang='lat' dir='ltr'><strong>dam</strong></span> <span class='ocrx_word' id='word_1_451' title='bbox 2070 3234 2185 3303; x_wconf 87' lang='lat' dir='ltr'><strong>ipse</strong></span> <span class='ocrx_word' id='word_1_452' title='bbox 2219 3248 2435 3302; x_wconf 91' lang='lat' dir='ltr'><strong>quoque</strong></span> <span class='ocrx_word' id='word_1_453' title='bbox 2482 3233 2646 3287; x_wconf 87' lang='lat' dir='ltr'><strong>veluti</strong></span> <span class='ocrx_word' id='word_1_454' title='bbox 2683 3248 2908 3287; x_wconf 87' lang='lat' dir='ltr'><strong>aureum</strong></span> <span class='ocrx_word' id='word_1_455' title='bbox 2955 3247 3016 3286; x_wconf 91' lang='lat' dir='ltr'><strong>os</strong></span> <span class='ocrx_word' id='word_1_456' title='bbox 3057 3232 3288 3295; x_wconf 88' lang='lat' dir='ltr'><strong>habens,</strong></span> <span class='ocrx_word' id='word_1_457' title='bbox 3316 3232 3485 3303; x_wconf 80' lang='lat' dir='ltr'><strong>Chry-</strong></span> 
     </span>
    </p>
   </div>
   <div class='ocr_carea' id='block_1_64' title="bbox 242 3322 1919 3397">
    <p class='ocr_par' dir='ltr' id='par_1_64' title="bbox 242 3322 1889 3397">
     <span class='ocr_line' id='line_1_64' title="bbox 242 3322 1889 3397; baseline 0.004 -21"><span class='ocrx_word' id='word_1_458' title='bbox 242 3324 522 3393; x_wconf 61' lang='grc' dir='ltr'>σφετέραν</span> <span class='ocrx_word' id='word_1_459' title='bbox 574 3322 902 3392; x_wconf 77' lang='grc' dir='ltr'>Ἐκκλησίαν</span> <span class='ocrx_word' id='word_1_460' title='bbox 947 3325 1205 3389; x_wconf 80' lang='grc' dir='ltr'>ἀνετίθει,</span> <span class='ocrx_word' id='word_1_461' title='bbox 1259 3325 1388 3380; x_wconf 81' lang='grc' dir='ltr'>ὥστ’</span> <span class='ocrx_word' id='word_1_462' title='bbox 1436 3329 1817 3397; x_wconf 75' lang='grc' dir='ltr'>ἐπιμελεῖσθαι</span> <span class='ocrx_word' id='word_1_463' title='bbox 1851 3322 1889 3333; x_wconf 67' lang='grc'><strong><em>“</em></strong></span> 
     </span>
    </p>
   </div>
   <div class='ocr_carea' id='block_1_65' title="bbox 1805 3322 3482 3397">
    <p class='ocr_par' dir='ltr' id='par_1_65' title="bbox 1805 3322 3482 3381">
     <span class='ocr_line' id='line_1_65' title="bbox 1805 3322 3482 3381; baseline -0.004 0"><span class='ocrx_word' id='word_1_464' title='bbox 1805 3347 1817 3381; x_wconf 90' lang='grc' dir='ltr'><strong>ι</strong></span> <span class='ocrx_word' id='word_1_465' title='bbox 1851 3322 1889 3333; x_wconf 73' lang='grc'><strong><em>“</em></strong></span> <span class='ocrx_word' id='word_1_466' title='bbox 1922 3336 2196 3378; x_wconf 84' lang='lat' dir='ltr'><strong>sostomus</strong></span> <span class='ocrx_word' id='word_1_467' title='bbox 2214 3325 2510 3377; x_wconf 88' lang='lat' dir='ltr'><strong>diceretur.</strong></span> <span class='ocrx_word' id='word_1_468' title='bbox 2534 3322 2863 3377; x_wconf 86' lang='lat' dir='ltr'><strong>Severianus</strong></span> <span class='ocrx_word' id='word_1_469' title='bbox 2883 3334 3064 3376; x_wconf 86' lang='lat' dir='ltr'><strong>autem</strong></span> <span class='ocrx_word' id='word_1_470' title='bbox 3084 3324 3482 3376; x_wconf 84' lang='lat' dir='ltr'><strong>sententiarum</strong></span> 
     </span>
    </p>
   </div>
   <div class='ocr_carea' id='block_1_66' title="bbox 243 3418 1819 3487">
    <p class='ocr_par' dir='ltr' id='par_1_66' title="bbox 243 3418 1819 3487">
     <span class='ocr_line' id='line_1_66' title="bbox 243 3418 1819 3487; baseline 0.004 -16"><span class='ocrx_word' id='word_1_471' title='bbox 243 3418 479 3487; x_wconf 80' lang='grc' dir='ltr'>ταύτης,</span> <span class='ocrx_word' id='word_1_472' title='bbox 524 3419 621 3469; x_wconf 76' lang='grc' dir='ltr'>καὶ</span> <span class='ocrx_word' id='word_1_473' title='bbox 660 3419 774 3471; x_wconf 85' lang='grc' dir='ltr'>ἀντ’</span> <span class='ocrx_word' id='word_1_474' title='bbox 827 3419 1034 3473; x_wconf 78' lang='grc' dir='ltr'>ἐκείνου</span> <span class='ocrx_word' id='word_1_475' title='bbox 1084 3422 1184 3487; x_wconf 86' lang='grc' dir='ltr'>τὴν</span> <span class='ocrx_word' id='word_1_476' title='bbox 1231 3422 1579 3475; x_wconf 73' lang='grc' dir='ltr'>διδασκαλίαν</span> <span class='ocrx_word' id='word_1_477' title='bbox 1638 3425 1819 3487; x_wconf 83' lang='grc' dir='ltr'>αὐτοῖς</span> 
     </span>
    </p>
   </div>
   <div class='ocr_carea' id='block_1_67' title="bbox 208 3510 1817 3583">
    <p class='ocr_par' dir='ltr' id='par_1_67' title="bbox 208 3510 1817 3583">
     <span class='ocr_line' id='line_1_67' title="bbox 208 3510 1817 3583; baseline 0.004 -22"><span class='ocrx_word' id='word_1_478' title='bbox 208 3534 212 3537; x_wconf 57' lang='grc' dir='ltr'><strong>π</strong></span> <span class='ocrx_word' id='word_1_479' title='bbox 240 3511 522 3581; x_wconf 77' lang='grc' dir='ltr'>χορηγεῖν.</span> <span class='ocrx_word' id='word_1_480' title='bbox 559 3511 665 3563; x_wconf 74' lang='grc' dir='ltr'><strong>Καὶ</strong></span> <span class='ocrx_word' id='word_1_481' title='bbox 699 3512 805 3580; x_wconf 85' lang='grc' dir='ltr'><strong>γὰρ</strong></span> <span class='ocrx_word' id='word_1_482' title='bbox 838 3510 1058 3580; x_wconf 72' lang='grc' dir='ltr'>ἐνόμιζε</span> <span class='ocrx_word' id='word_1_483' title='bbox 1088 3512 1241 3581; x_wconf 75' lang='grc' dir='ltr'>φίλον</span> <span class='ocrx_word' id='word_1_484' title='bbox 1275 3514 1417 3583; x_wconf 77' lang='grc' dir='ltr'>ἔχειν</span> <span class='ocrx_word' id='word_1_485' title='bbox 1449 3516 1613 3566; x_wconf 82' lang='grc' dir='ltr'>αὐτὸν</span> <span class='ocrx_word' id='word_1_486' title='bbox 1653 3532 1817 3568; x_wconf 83' lang='grc' dir='ltr'>σπου-</span> 
     </span>
    </p>
   </div>
   <div class='ocr_carea' id='block_1_68' title="bbox 239 3602 1818 3675">
    <p class='ocr_par' dir='ltr' id='par_1_68' title="bbox 239 3602 1818 3675">
     <span class='ocr_line' id='line_1_68' title="bbox 239 3602 1818 3675; baseline 0.003 -20"><span class='ocrx_word' id='word_1_487' title='bbox 239 3602 544 3667; x_wconf 81' lang='grc' dir='ltr'>δαιότατον,</span> <span class='ocrx_word' id='word_1_488' title='bbox 591 3603 711 3663; x_wconf 79' lang='grc' dir='ltr'>ταῖς</span> <span class='ocrx_word' id='word_1_489' title='bbox 756 3602 1069 3665; x_wconf 78' lang='grc' dir='ltr'>κολακείαις</span> <span class='ocrx_word' id='word_1_490' title='bbox 1096 3603 1315 3662; x_wconf 74' lang='grc' dir='ltr'>πυκνῶς</span> <span class='ocrx_word' id='word_1_491' title='bbox 1365 3606 1715 3675; x_wconf 81' lang='grc' dir='ltr'>περιέποντα.</span> <span class='ocrx_word' id='word_1_492' title='bbox 1761 3606 1818 3660; x_wconf 86' lang='lat'><strong>&#39;0</strong></span> 
     </span>
    </p>
   </div>
   <div class='ocr_carea' id='block_1_69' title="bbox 240 3691 1817 3767">
    <p class='ocr_par' dir='ltr' id='par_1_69' title="bbox 240 3691 1817 3767">
     <span class='ocr_line' id='line_1_69' title="bbox 240 3691 1817 3767; baseline 0.002 -21"><span class='ocrx_word' id='word_1_493' title='bbox 240 3692 303 3747; x_wconf 79' lang='grc' dir='ltr'>δὲ</span> <span class='ocrx_word' id='word_1_494' title='bbox 341 3691 666 3761; x_wconf 79' lang='grc' dir='ltr'>χαρίζεσθαι</span> <span class='ocrx_word' id='word_1_495' title='bbox 700 3692 774 3760; x_wconf 86' lang='grc' dir='ltr'>τῷ</span> <span class='ocrx_word' id='word_1_496' title='bbox 806 3693 999 3762; x_wconf 79' lang='grc' dir='ltr'>πλήθει</span> <span class='ocrx_word' id='word_1_497' title='bbox 1032 3694 1231 3763; x_wconf 84' lang='grc' dir='ltr'>μᾶλλον</span> <span class='ocrx_word' id='word_1_498' title='bbox 1262 3694 1349 3746; x_wconf 78' lang='grc' dir='ltr'>διὰ</span> <span class='ocrx_word' id='word_1_499' title='bbox 1404 3697 1637 3767; x_wconf 83' lang='grc' dir='ltr'>σπουδῆς</span> <span class='ocrx_word' id='word_1_500' title='bbox 1665 3698 1817 3750; x_wconf 78' lang='grc' dir='ltr'>ἐποι-</span> 
     </span>
    </p>
   </div>
   <div class='ocr_carea' id='block_1_70' title="bbox 243 3778 1816 3850">
    <p class='ocr_par' dir='ltr' id='par_1_70' title="bbox 243 3778 1816 3850">
     <span class='ocr_line' id='line_1_70' title="bbox 243 3778 1816 3850; baseline 0.003 -17"><span class='ocrx_word' id='word_1_501' title='bbox 243 3782 381 3845; x_wconf 90' lang='grc' dir='ltr'>εῖτο,</span> <span class='ocrx_word' id='word_1_502' title='bbox 414 3780 509 3831; x_wconf 73' lang='grc' dir='ltr'>καὶ</span> <span class='ocrx_word' id='word_1_503' title='bbox 533 3781 644 3841; x_wconf 87' lang='grc' dir='ltr'>τοῖς</span> <span class='ocrx_word' id='word_1_504' title='bbox 678 3778 856 3847; x_wconf 85' lang='grc' dir='ltr'>λόγοις</span> <span class='ocrx_word' id='word_1_505' title='bbox 886 3780 1135 3845; x_wconf 75' lang='grc' dir='ltr'>ἐπάγειν,</span> <span class='ocrx_word' id='word_1_506' title='bbox 1170 3781 1260 3832; x_wconf 82' lang='grc' dir='ltr'>καὶ</span> <span class='ocrx_word' id='word_1_507' title='bbox 1292 3781 1425 3850; x_wconf 73' lang='grc' dir='ltr'>πρὸς</span> <span class='ocrx_word' id='word_1_508' title='bbox 1451 3782 1641 3835; x_wconf 78' lang='grc' dir='ltr'>ἑαυτὸν</span> <span class='ocrx_word' id='word_1_509' title='bbox 1682 3785 1816 3837; x_wconf 74' lang='grc' dir='ltr'>πᾶσι</span> 
     </span>
    </p>
   </div>
   <div class='ocr_carea' id='block_1_71' title="bbox 240 3871 1818 3943">
    <p class='ocr_par' dir='ltr' id='par_1_71' title="bbox 240 3871 1818 3943">
     <span class='ocr_line' id='line_1_71' title="bbox 240 3871 1818 3943; baseline 0.002 -19"><span class='ocrx_word' id='word_1_510' title='bbox 240 3873 467 3941; x_wconf 86' lang='grc' dir='ltr'>τρόποις</span> <span class='ocrx_word' id='word_1_511' title='bbox 504 3871 787 3937; x_wconf 70' lang='grc' dir='ltr'>μεθέλκειν</span> <span class='ocrx_word' id='word_1_512' title='bbox 844 3873 936 3923; x_wconf 76' lang='grc' dir='ltr'>καὶ</span> <span class='ocrx_word' id='word_1_513' title='bbox 985 3871 1261 3926; x_wconf 85' lang='grc' dir='ltr'>ίδιοῦσθαι.</span> <span class='ocrx_word' id='word_1_514' title='bbox 1302 3874 1368 3925; x_wconf 82' lang='grc' dir='ltr'><strong>’Δ</strong></span> <span class='ocrx_word' id='word_1_515' title='bbox 1401 3872 1465 3943; x_wconf 78' lang='grc' dir='ltr'>δὴ</span> <span class='ocrx_word' id='word_1_516' title='bbox 1512 3873 1818 3943; x_wconf 82' lang='grc' dir='ltr'>πυθόμενον</span> 
     </span>
    </p>
   </div>
   <div class='ocr_carea' id='block_1_72' title="bbox 254 3962 1813 4035">
    <p class='ocr_par' dir='ltr' id='par_1_72' title="bbox 254 3962 1813 4035">
     <span class='ocr_line' id='line_1_72' title="bbox 254 3962 1813 4035; baseline 0.001 -18"><span class='ocrx_word' id='word_1_517' title='bbox 254 3962 535 4031; x_wconf 80' lang='grc' dir='ltr'>Ἰωάννην,</span> <span class='ocrx_word' id='word_1_518' title='bbox 570 3963 918 4032; x_wconf 80' lang='grc' dir='ltr'>Σεραπίωνος</span> <span class='ocrx_word' id='word_1_519' title='bbox 945 3962 1303 4032; x_wconf 75' lang='grc' dir='ltr'>ἐρεθίζοντος,</span> <span class='ocrx_word' id='word_1_520' title='bbox 1340 3965 1439 4017; x_wconf 85' lang='grc' dir='ltr'>οὐκ</span> <span class='ocrx_word' id='word_1_521' title='bbox 1466 3966 1813 4035; x_wconf 71' lang='grc' dir='ltr'>ἀνασχέσθαι*</span> 
     </span>
    </p>
   </div>
   <div class='ocr_carea' id='block_1_73' title="bbox 240 4052 1818 4125">
    <p class='ocr_par' dir='ltr' id='par_1_73' title="bbox 240 4052 1818 4125">
     <span class='ocr_line' id='line_1_73' title="bbox 240 4052 1818 4125; baseline 0.003 -18"><span class='ocrx_word' id='word_1_522' title='bbox 240 4053 381 4107; x_wconf 85' lang='grc' dir='ltr'><strong>ἀλλά</strong></span> <span class='ocrx_word' id='word_1_523' title='bbox 410 4052 606 4106; x_wconf 82' lang='grc' dir='ltr'>θᾶττον</span> <span class='ocrx_word' id='word_1_524' title='bbox 637 4054 700 4106; x_wconf 71' lang='grc' dir='ltr'>ἐκ</span> <span class='ocrx_word' id='word_1_525' title='bbox 730 4053 829 4122; x_wconf 81' lang='grc' dir='ltr'>τῆς</span> <span class='ocrx_word' id='word_1_526' title='bbox 870 4053 1056 4120; x_wconf 82' lang='grc' dir='ltr'>Ἀσίας</span> <span class='ocrx_word' id='word_1_527' title='bbox 1086 4056 1183 4125; x_wconf 82' lang='grc' dir='ltr'>τὴν</span> <span class='ocrx_word' id='word_1_528' title='bbox 1216 4056 1624 4109; x_wconf 84' lang='grc' dir='ltr'>Κωνσταντίνου</span> <span class='ocrx_word' id='word_1_529' title='bbox 1654 4075 1818 4111; x_wconf 82' lang='grc' dir='ltr'>κατα-</span> 
     </span>
    </p>
   </div>
   <div class='ocr_carea' id='block_1_74' title="bbox 240 4143 1816 4217">
    <p class='ocr_par' dir='ltr' id='par_1_74' title="bbox 240 4143 1816 4217">
     <span class='ocr_line' id='line_1_74' title="bbox 240 4143 1816 4217; baseline 0.003 -22"><span class='ocrx_word' id='word_1_530' title='bbox 240 4143 450 4196; x_wconf 79' lang='grc' dir='ltr'>λαδεῖν.</span> <span class='ocrx_word' id='word_1_531' title='bbox 516 4143 605 4205; x_wconf 82' lang='grc' dir='ltr'>Ὧς</span> <span class='ocrx_word' id='word_1_532' title='bbox 653 4144 697 4196; x_wconf 87' lang='grc' dir='ltr'>δ’</span> <span class='ocrx_word' id='word_1_533' title='bbox 746 4143 1044 4213; x_wconf 68' lang='grc' dir='ltr'>επανῆλθε,</span> <span class='ocrx_word' id='word_1_534' title='bbox 1098 4147 1293 4214; x_wconf 79' lang='grc' dir='ltr'>συνέὸη</span> <span class='ocrx_word' id='word_1_535' title='bbox 1346 4164 1447 4199; x_wconf 88' lang='grc' dir='ltr'><strong>που</strong></span> <span class='ocrx_word' id='word_1_536' title='bbox 1489 4147 1816 4217; x_wconf 73' lang='grc' dir='ltr'>Σευηριανὸν</span> 
     </span>
    </p>
   </div>
   <div class='ocr_carea' id='block_1_75' title="bbox 240 4234 1813 4308">
    <p class='ocr_par' dir='ltr' id='par_1_75' title="bbox 240 4234 1813 4308">
     <span class='ocr_line' id='line_1_75' title="bbox 240 4234 1813 4308; baseline 0.003 -21"><span class='ocrx_word' id='word_1_537' title='bbox 240 4236 502 4302; x_wconf 86' lang='grc' dir='ltr'>παριέναι</span> <span class='ocrx_word' id='word_1_538' title='bbox 524 4250 540 4266; x_wconf 78' lang='grc' dir='ltr'><strong><em>ο</em></strong></span> <span class='ocrx_word' id='word_1_539' title='bbox 566 4234 746 4288; x_wconf 85' lang='grc' dir='ltr'>ίδόντα</span> <span class='ocrx_word' id='word_1_540' title='bbox 760 4235 816 4288; x_wconf 70' lang='grc' dir='ltr'>δὲ</span> <span class='ocrx_word' id='word_1_541' title='bbox 842 4236 1161 4303; x_wconf 86' lang='grc' dir='ltr'>Σεραπίωνα</span> <span class='ocrx_word' id='word_1_542' title='bbox 1192 4237 1457 4308; x_wconf 84' lang='grc' dir='ltr'>μηδαμῶς</span> <span class='ocrx_word' id='word_1_543' title='bbox 1476 4240 1774 4308; x_wconf 78' lang='grc' dir='ltr'>ἀναστῆναι</span> <span class='ocrx_word' id='word_1_544' title='bbox 1798 4281 1813 4307; x_wconf 91' lang='grc'><strong>,</strong></span> 
     </span>
    </p>
   </div>
   <div class='ocr_carea' id='block_1_76' title="bbox 239 4324 1813 4399">
    <p class='ocr_par' dir='ltr' id='par_1_76' title="bbox 239 4324 1813 4399">
     <span class='ocr_line' id='line_1_76' title="bbox 239 4324 1813 4399; baseline 0.003 -21"><span class='ocrx_word' id='word_1_545' title='bbox 239 4324 436 4397; x_wconf 82' lang='grc' dir='ltr'>ὥσπερ</span> <span class='ocrx_word' id='word_1_546' title='bbox 483 4326 803 4397; x_wconf 66' lang='grc' dir='ltr'>ἐξεπίτηδες</span> <span class='ocrx_word' id='word_1_547' title='bbox 850 4329 963 4390; x_wconf 86' lang='grc' dir='ltr'>τοῖς</span> <span class='ocrx_word' id='word_1_548' title='bbox 1012 4327 1249 4397; x_wconf 78' lang='grc' dir='ltr'>παροῦσι</span> <span class='ocrx_word' id='word_1_549' title='bbox 1291 4331 1813 4399; x_wconf 64' lang='grc' dir='ltr'>παραδεικνύμενον,</span> 
     </span>
    </p>
   </div>
   <div class='ocr_carea' id='block_1_77' title="bbox 240 4418 1813 4489">
    <p class='ocr_par' dir='ltr' id='par_1_77' title="bbox 240 4418 1813 4489">
     <span class='ocr_line' id='line_1_77' title="bbox 240 4418 1813 4489; baseline 0.005 -21"><span class='ocrx_word' id='word_1_550' title='bbox 240 4433 318 4479; x_wconf 81' lang='grc' dir='ltr'><strong>ως</strong></span> <span class='ocrx_word' id='word_1_551' title='bbox 370 4434 424 4469; x_wconf 73' lang='grc' dir='ltr'>,ν</span> <span class='ocrx_word' id='word_1_552' title='bbox 452 4418 681 4488; x_wconf 75' lang='grc' dir='ltr'>οὐδεμιᾷ</span> <span class='ocrx_word' id='word_1_553' title='bbox 729 4419 971 4487; x_wconf 79' lang='grc' dir='ltr'>φροντίδι</span> <span class='ocrx_word' id='word_1_554' title='bbox 1003 4422 1093 4472; x_wconf 80' lang='grc' dir='ltr'>τὸν</span> <span class='ocrx_word' id='word_1_555' title='bbox 1147 4420 1318 4489; x_wconf 76' lang='grc' dir='ltr'>ἄνδρα</span> <span class='ocrx_word' id='word_1_556' title='bbox 1358 4424 1613 4475; x_wconf 81' lang='grc' dir='ltr'>ποιεῖται.</span> <span class='ocrx_word' id='word_1_557' title='bbox 1654 4422 1712 4475; x_wconf 84' lang='grc' dir='ltr'>Ὀ</span> <span class='ocrx_word' id='word_1_558' title='bbox 1760 4425 1813 4476; x_wconf 84' lang='grc' dir='ltr'>δὲ</span> 
     </span>
    </p>
   </div>
   <div class='ocr_carea' id='block_1_78' title="bbox 241 4508 1815 4587">
    <p class='ocr_par' dir='ltr' id='par_1_78' title="bbox 241 4508 1815 4587">
     <span class='ocr_line' id='line_1_78' title="bbox 241 4508 1815 4587; baseline 0.006 -25"><span class='ocrx_word' id='word_1_559' title='bbox 241 4510 451 4587; x_wconf 77' lang='grc' dir='ltr'>σφόδρα</span> <span class='ocrx_word' id='word_1_560' title='bbox 480 4508 791 4578; x_wconf 84' lang='grc' dir='ltr'>χαλεπήνας</span> <span class='ocrx_word' id='word_1_561' title='bbox 818 4512 913 4563; x_wconf 63' lang='lat' dir='ltr'><strong>tati.</strong></span> <span class='ocrx_word' id='word_1_562' title='bbox 942 4511 1084 4579; x_wconf 85' lang='grc' dir='ltr'>μέγα</span> <span class='ocrx_word' id='word_1_563' title='bbox 1113 4512 1339 4581; x_wconf 68' lang='grc' dir='ltr'>ἐσόησεν</span> <span class='ocrx_word' id='word_1_564' title='bbox 1364 4530 1375 4542; x_wconf 86' lang='grc'><em>’</em></span> <span class='ocrx_word' id='word_1_565' title='bbox 1412 4518 1482 4568; x_wconf 78' lang='lat' dir='ltr'><strong>El</strong></span> <span class='ocrx_word' id='word_1_566' title='bbox 1509 4518 1815 4583; x_wconf 80' lang='grc' dir='ltr'>Σεραπίων</span> 
     </span>
    </p>
   </div>
   <div class='ocr_carea' id='block_1_79' title="bbox 1922 3414 3484 3484">
    <p class='ocr_par' dir='ltr' id='par_1_79' title="bbox 1922 3414 3484 3484">
     <span class='ocr_line' id='line_1_79' title="bbox 1922 3414 3484 3484; baseline -0.001 -15"><span class='ocrx_word' id='word_1_567' title='bbox 1922 3416 2229 3484; x_wconf 79' lang='lat' dir='ltr'><strong>frequentia</strong></span> <span class='ocrx_word' id='word_1_568' title='bbox 2276 3427 2331 3469; x_wconf 92' lang='lat' dir='ltr'><strong>et</strong></span> <span class='ocrx_word' id='word_1_569' title='bbox 2385 3415 2648 3468; x_wconf 90' lang='lat' dir='ltr'><strong>divinitus</strong></span> <span class='ocrx_word' id='word_1_570' title='bbox 2702 3414 3087 3483; x_wconf 86' lang='lat' dir='ltr'><strong>inspiratorum</strong></span> <span class='ocrx_word' id='word_1_571' title='bbox 3140 3415 3484 3468; x_wconf 83' lang='lat' dir='ltr'><strong>oraculorum</strong></span> 
     </span>
    </p>
   </div>
   <div class='ocr_carea' id='block_1_80' title="bbox 1921 3504 3485 3575">
    <p class='ocr_par' dir='ltr' id='par_1_80' title="bbox 1921 3504 3485 3575">
     <span class='ocr_line' id='line_1_80' title="bbox 1921 3504 3485 3575; baseline -0.001 -14"><span class='ocrx_word' id='word_1_572' title='bbox 1921 3509 2240 3562; x_wconf 83' lang='lat' dir='ltr'><strong>testimonio</strong></span> <span class='ocrx_word' id='word_1_573' title='bbox 2280 3506 2474 3561; x_wconf 88' lang='lat' dir='ltr'><strong>melior</strong></span> <span class='ocrx_word' id='word_1_574' title='bbox 2510 3506 2731 3559; x_wconf 85' lang='lat' dir='ltr'><strong>habitus</strong></span> <span class='ocrx_word' id='word_1_575' title='bbox 2760 3514 2867 3569; x_wconf 90' lang='lat' dir='ltr'><strong>est,</strong></span> <span class='ocrx_word' id='word_1_576' title='bbox 2898 3512 3042 3575; x_wconf 89' lang='lat' dir='ltr'><strong>quod</strong></span> <span class='ocrx_word' id='word_1_577' title='bbox 3077 3505 3287 3559; x_wconf 85' lang='lat' dir='ltr'><strong>scilicet</strong></span> <span class='ocrx_word' id='word_1_578' title='bbox 3318 3504 3485 3575; x_wconf 79' lang='lat' dir='ltr'><strong>Syro-</strong></span> 
     </span>
    </p>
   </div>
   <div class='ocr_carea' id='block_1_81' title="bbox 1922 3597 3485 3669">
    <p class='ocr_par' dir='ltr' id='par_1_81' title="bbox 1922 3597 3485 3669">
     <span class='ocr_line' id='line_1_81' title="bbox 1922 3597 3485 3669; baseline -0.001 -16"><span class='ocrx_word' id='word_1_579' title='bbox 1922 3616 2041 3654; x_wconf 88' lang='lat' dir='ltr'><strong>rum</strong></span> <span class='ocrx_word' id='word_1_580' title='bbox 2076 3600 2248 3669; x_wconf 87' lang='lat' dir='ltr'><strong>magis</strong></span> <span class='ocrx_word' id='word_1_581' title='bbox 2281 3598 2606 3653; x_wconf 80' lang='lat' dir='ltr'><strong>densitatem</strong></span> <span class='ocrx_word' id='word_1_582' title='bbox 2645 3598 2699 3651; x_wconf 87' lang='lat' dir='ltr'><strong>in</strong></span> <span class='ocrx_word' id='word_1_583' title='bbox 2735 3597 2919 3666; x_wconf 87' lang='lat' dir='ltr'><strong>lingua</strong></span> <span class='ocrx_word' id='word_1_584' title='bbox 2956 3597 3147 3651; x_wconf 79' lang='lat' dir='ltr'><strong>ferret.</strong></span> <span class='ocrx_word' id='word_1_585' title='bbox 3182 3597 3485 3652; x_wconf 85' lang='lat' dir='ltr'><strong>Antiochus</strong></span> 
     </span>
    </p>
   </div>
   <div class='ocr_carea' id='block_1_82' title="bbox 1918 3689 3485 3761">
    <p class='ocr_par' dir='ltr' id='par_1_82' title="bbox 1918 3689 3485 3761">
     <span class='ocr_line' id='line_1_82' title="bbox 1918 3689 3485 3761; baseline 0 -17"><span class='ocrx_word' id='word_1_586' title='bbox 1918 3691 2072 3761; x_wconf 92' lang='lat' dir='ltr'><strong>prior</strong></span> <span class='ocrx_word' id='word_1_587' title='bbox 2111 3691 2163 3744; x_wconf 89' lang='lat' dir='ltr'><strong>in</strong></span> <span class='ocrx_word' id='word_1_588' title='bbox 2205 3692 2398 3745; x_wconf 87' lang='lat' dir='ltr'><strong>urbem</strong></span> <span class='ocrx_word' id='word_1_589' title='bbox 2431 3697 2657 3744; x_wconf 86' lang='lat' dir='ltr'><strong>venerat</strong></span> <span class='ocrx_word' id='word_1_590' title='bbox 2689 3705 2702 3742; x_wconf 85' lang='grc'><strong>;</strong></span> <span class='ocrx_word' id='word_1_591' title='bbox 2735 3698 2898 3758; x_wconf 89' lang='lat' dir='ltr'><strong>atque</strong></span> <span class='ocrx_word' id='word_1_592' title='bbox 2936 3689 3013 3743; x_wconf 89' lang='lat' dir='ltr'><strong>ibi</strong></span> <span class='ocrx_word' id='word_1_593' title='bbox 3050 3690 3276 3756; x_wconf 85' lang='lat' dir='ltr'><strong>pecunia</strong></span> <span class='ocrx_word' id='word_1_594' title='bbox 3314 3690 3485 3744; x_wconf 78' lang='lat' dir='ltr'><strong>inulta</strong></span> 
     </span>
    </p>
   </div>
   <div class='ocr_carea' id='block_1_83' title="bbox 1915 3782 3489 3861">
    <p class='ocr_par' dir='ltr' id='par_1_83' title="bbox 1915 3782 3489 3861">
     <span class='ocr_line' id='line_1_83' title="bbox 1915 3782 3489 3861; baseline -0.003 -22"><span class='ocrx_word' id='word_1_595' title='bbox 1915 3784 2176 3847; x_wconf 89' lang='lat' dir='ltr'><strong>collecta,</strong></span> <span class='ocrx_word' id='word_1_596' title='bbox 2214 3786 2269 3839; x_wconf 91' lang='lat' dir='ltr'><strong>in</strong></span> <span class='ocrx_word' id='word_1_597' title='bbox 2323 3782 2600 3837; x_wconf 88' lang='lat' dir='ltr'><strong>civitatem</strong></span> <span class='ocrx_word' id='word_1_598' title='bbox 2649 3796 2823 3861; x_wconf 34' lang='lat' dir='ltr'><strong>suam,</strong></span> <span class='ocrx_word' id='word_1_599' title='bbox 2849 3792 2935 3835; x_wconf 90' lang='lat' dir='ltr'><strong>est</strong></span> <span class='ocrx_word' id='word_1_600' title='bbox 2991 3798 3261 3836; x_wconf 81' lang='lat' dir='ltr'><strong>reversus.</strong></span> <span class='ocrx_word' id='word_1_601' title='bbox 3311 3783 3489 3847; x_wconf 77' lang='lat' dir='ltr'><strong>Quem</strong></span> 
     </span>
    </p>
   </div>
   <div class='ocr_carea' id='block_1_84' title="bbox 1916 3871 3482 3943">
    <p class='ocr_par' dir='ltr' id='par_1_84' title="bbox 1916 3871 3482 3943">
     <span class='ocr_line' id='line_1_84' title="bbox 1916 3871 3482 3943; baseline -0.002 -14"><span class='ocrx_word' id='word_1_602' title='bbox 1916 3875 2202 3930; x_wconf 61' lang='lat' dir='ltr'><strong>aemulatus</strong></span> <span class='ocrx_word' id='word_1_603' title='bbox 2245 3875 2596 3939; x_wconf 85' lang='lat' dir='ltr'><strong>Severianus,</strong></span> <span class='ocrx_word' id='word_1_604' title='bbox 2633 3885 2690 3927; x_wconf 91' lang='lat' dir='ltr'><strong>et</strong></span> <span class='ocrx_word' id='word_1_605' title='bbox 2729 3871 2846 3943; x_wconf 88' lang='lat' dir='ltr'><strong>ipse</strong></span> <span class='ocrx_word' id='word_1_606' title='bbox 2897 3890 2962 3928; x_wconf 91' lang='lat' dir='ltr'><strong>eo</strong></span> <span class='ocrx_word' id='word_1_607' title='bbox 3013 3875 3178 3929; x_wconf 87' lang='lat' dir='ltr'><strong>venit.</strong></span> <span class='ocrx_word' id='word_1_608' title='bbox 3229 3874 3296 3928; x_wconf 83' lang='lat' dir='ltr'><strong>Et</strong></span> <span class='ocrx_word' id='word_1_609' title='bbox 3334 3873 3482 3943; x_wconf 87' lang='lat' dir='ltr'><strong>quod</strong></span> 
     </span>
    </p>
   </div>
   <div class='ocr_carea' id='block_1_85' title="bbox 1916 3966 3486 4036">
    <p class='ocr_par' dir='ltr' id='par_1_85' title="bbox 1916 3966 3486 4036">
     <span class='ocr_line' id='line_1_85' title="bbox 1916 3966 3486 4036; baseline 0.002 -16"><span class='ocrx_word' id='word_1_610' title='bbox 1916 3966 2186 4022; x_wconf 88' lang='lat' dir='ltr'><strong>benevolo</strong></span> <span class='ocrx_word' id='word_1_611' title='bbox 2232 3966 2444 4021; x_wconf 81' lang='lat' dir='ltr'><strong>Joanne</strong></span> <span class='ocrx_word' id='word_1_612' title='bbox 2494 3974 2764 4033; x_wconf 90' lang='lat' dir='ltr'><strong>uteretur,</strong></span> <span class='ocrx_word' id='word_1_613' title='bbox 2801 3981 2945 4036; x_wconf 66' lang='lat' dir='ltr'><strong>saepe</strong></span> <span class='ocrx_word' id='word_1_614' title='bbox 2995 3968 3159 4020; x_wconf 90' lang='lat' dir='ltr'><strong>etiam</strong></span> <span class='ocrx_word' id='word_1_615' title='bbox 3215 3968 3261 4022; x_wconf 91' lang='lat' dir='ltr'><strong>is</strong></span> <span class='ocrx_word' id='word_1_616' title='bbox 3308 3968 3381 4026; x_wconf 89' lang='lat' dir='ltr'><strong>ei.</strong></span> <span class='ocrx_word' id='word_1_617' title='bbox 3424 3977 3486 4023; x_wconf 90' lang='lat' dir='ltr'><strong>ut</strong></span> 
     </span>
    </p>
   </div>
   <div class='ocr_carea' id='block_1_86' title="bbox 1916 4058 3484 4130">
    <p class='ocr_par' dir='ltr' id='par_1_86' title="bbox 1916 4058 3484 4130">
     <span class='ocr_line' id='line_1_86' title="bbox 1916 4058 3484 4130; baseline 0 -17"><span class='ocrx_word' id='word_1_618' title='bbox 1916 4075 2043 4115; x_wconf 90' lang='lat' dir='ltr'><strong>cum</strong></span> <span class='ocrx_word' id='word_1_619' title='bbox 2086 4060 2287 4130; x_wconf 88' lang='lat' dir='ltr'><strong>popqu</strong></span> <span class='ocrx_word' id='word_1_620' title='bbox 2332 4060 2389 4114; x_wconf 92' lang='lat' dir='ltr'><strong>in</strong></span> <span class='ocrx_word' id='word_1_621' title='bbox 2432 4058 2663 4114; x_wconf 89' lang='lat' dir='ltr'><strong>ecclesia</strong></span> <span class='ocrx_word' id='word_1_622' title='bbox 2711 4069 2919 4127; x_wconf 87' lang='lat' dir='ltr'><strong>ageret,</strong></span> <span class='ocrx_word' id='word_1_623' title='bbox 2957 4060 3223 4129; x_wconf 88' lang='lat' dir='ltr'><strong>permisit.</strong></span> <span class='ocrx_word' id='word_1_624' title='bbox 3265 4060 3380 4125; x_wconf 86' lang='lat' dir='ltr'><strong>Qua</strong></span> <span class='ocrx_word' id='word_1_625' title='bbox 3427 4060 3484 4114; x_wconf 86' lang='lat' dir='ltr'><strong>in</strong></span> 
     </span>
    </p>
   </div>
   <div class='ocr_carea' id='block_1_87' title="bbox 1917 4152 3482 4217">
    <p class='ocr_par' dir='ltr' id='par_1_87' title="bbox 1917 4152 3482 4217">
     <span class='ocr_line' id='line_1_87' title="bbox 1917 4152 3482 4217; baseline -0.001 -11"><span class='ocrx_word' id='word_1_626' title='bbox 1917 4168 1975 4207; x_wconf 86' lang='lat' dir='ltr'><strong>re</strong></span> <span class='ocrx_word' id='word_1_627' title='bbox 2004 4168 2129 4207; x_wconf 89' lang='lat' dir='ltr'><strong>eum</strong></span> <span class='ocrx_word' id='word_1_628' title='bbox 2164 4167 2357 4207; x_wconf 89' lang='lat' dir='ltr'><strong>omnes</strong></span> <span class='ocrx_word' id='word_1_629' title='bbox 2389 4153 2622 4205; x_wconf 78' lang='lat' dir='ltr'><strong>maxime</strong></span> <span class='ocrx_word' id='word_1_630' title='bbox 2653 4165 2802 4209; x_wconf 87' lang='lat' dir='ltr'><strong>sunt.</strong></span> <span class='ocrx_word' id='word_1_631' title='bbox 2830 4152 2994 4205; x_wconf 89' lang='lat' dir='ltr'><strong>sicuti</strong></span> <span class='ocrx_word' id='word_1_632' title='bbox 3033 4164 3088 4205; x_wconf 90' lang='lat' dir='ltr'><strong>et</strong></span> <span class='ocrx_word' id='word_1_633' title='bbox 3124 4152 3482 4217; x_wconf 83' lang='lat' dir='ltr'><strong>Antiochum,</strong></span> 
     </span>
    </p>
   </div>
   <div class='ocr_carea' id='block_1_88' title="bbox 1917 4242 3480 4313">
    <p class='ocr_par' dir='ltr' id='par_1_88' title="bbox 1917 4242 3480 4313">
     <span class='ocr_line' id='line_1_88' title="bbox 1917 4242 3480 4313; baseline 0 -16"><span class='ocrx_word' id='word_1_634' title='bbox 1917 4244 2197 4298; x_wconf 88' lang='lat' dir='ltr'><strong>admirati.</strong></span> <span class='ocrx_word' id='word_1_635' title='bbox 2237 4242 2301 4297; x_wconf 81' lang='lat' dir='ltr'><strong>Et</strong></span> <span class='ocrx_word' id='word_1_636' title='bbox 2330 4243 2555 4298; x_wconf 85' lang='lat' dir='ltr'><strong>Joannis</strong></span> <span class='ocrx_word' id='word_1_637' title='bbox 2590 4243 2890 4297; x_wconf 85' lang='lat' dir='ltr'><strong>honoribus</strong></span> <span class='ocrx_word' id='word_1_638' title='bbox 2918 4259 3041 4298; x_wconf 89' lang='lat' dir='ltr'><strong>cum</strong></span> <span class='ocrx_word' id='word_1_639' title='bbox 3076 4245 3304 4299; x_wconf 89' lang='lat' dir='ltr'><strong>multum</strong></span> <span class='ocrx_word' id='word_1_640' title='bbox 3337 4246 3480 4313; x_wconf 87' lang='lat' dir='ltr'><strong>apud</strong></span> 
     </span>
    </p>
   </div>
   <div class='ocr_carea' id='block_1_89' title="bbox 1915 4334 3481 4407">
    <p class='ocr_par' dir='ltr' id='par_1_89' title="bbox 1915 4334 3481 4407">
     <span class='ocr_line' id='line_1_89' title="bbox 1915 4334 3481 4407; baseline 0.001 -17"><span class='ocrx_word' id='word_1_641' title='bbox 1915 4337 2178 4407; x_wconf 88' lang='lat' dir='ltr'><strong>populum</strong></span> <span class='ocrx_word' id='word_1_642' title='bbox 2244 4336 2465 4404; x_wconf 90' lang='lat' dir='ltr'><strong>potuit,</strong></span> <span class='ocrx_word' id='word_1_643' title='bbox 2526 4342 2640 4387; x_wconf 90' lang='lat' dir='ltr'><strong>tum</strong></span> <span class='ocrx_word' id='word_1_644' title='bbox 2705 4334 2758 4387; x_wconf 89' lang='lat' dir='ltr'><strong>in</strong></span> <span class='ocrx_word' id='word_1_645' title='bbox 2820 4335 3168 4403; x_wconf 87' lang='lat' dir='ltr'><strong>imperatoris</strong></span> <span class='ocrx_word' id='word_1_646' title='bbox 3228 4339 3481 4391; x_wconf 75' lang='lat' dir='ltr'><strong>notitiam</strong></span> 
     </span>
    </p>
   </div>
   <div class='ocr_carea' id='block_1_90' title="bbox 1915 4426 3479 4498">
    <p class='ocr_par' dir='ltr' id='par_1_90' title="bbox 1915 4426 3479 4498">
     <span class='ocr_line' id='line_1_90' title="bbox 1915 4426 3479 4498; baseline 0 -16"><span class='ocrx_word' id='word_1_647' title='bbox 1915 4428 2190 4498; x_wconf 86' lang='lat' dir='ltr'><strong>pervenit,</strong></span> <span class='ocrx_word' id='word_1_648' title='bbox 2216 4437 2272 4481; x_wconf 89' lang='lat' dir='ltr'><strong>et</strong></span> <span class='ocrx_word' id='word_1_649' title='bbox 2301 4427 2545 4495; x_wconf 87' lang='lat' dir='ltr'><strong>ejusdem</strong></span> <span class='ocrx_word' id='word_1_650' title='bbox 2583 4426 2804 4495; x_wconf 82' lang='lat' dir='ltr'><strong>conjugi</strong></span> <span class='ocrx_word' id='word_1_651' title='bbox 2835 4442 3096 4495; x_wconf 87' lang='lat' dir='ltr'><strong>perquam</strong></span> <span class='ocrx_word' id='word_1_652' title='bbox 3132 4437 3318 4497; x_wconf 91' lang='lat' dir='ltr'><strong>gratus</strong></span> <span class='ocrx_word' id='word_1_653' title='bbox 3350 4428 3479 4483; x_wconf 81' lang='lat' dir='ltr'><strong>fuit.</strong></span> 
     </span>
    </p>
   </div>
   <div class='ocr_carea' id='block_1_91' title="bbox 1914 4518 3478 4590">
    <p class='ocr_par' dir='ltr' id='par_1_91' title="bbox 1914 4518 3478 4590">
     <span class='ocr_line' id='line_1_91' title="bbox 1914 4518 3478 4590; baseline 0 -16"><span class='ocrx_word' id='word_1_654' title='bbox 1914 4521 2092 4590; x_wconf 84' lang='lat' dir='ltr'><strong>Atque</strong></span> <span class='ocrx_word' id='word_1_655' title='bbox 2123 4536 2246 4573; x_wconf 88' lang='lat' dir='ltr'><strong>cum</strong></span> <span class='ocrx_word' id='word_1_656' title='bbox 2278 4518 2473 4573; x_wconf 90' lang='lat' dir='ltr'><strong>Joanni</strong></span> <span class='ocrx_word' id='word_1_657' title='bbox 2502 4519 2557 4572; x_wconf 92' lang='lat' dir='ltr'><strong>in</strong></span> <span class='ocrx_word' id='word_1_658' title='bbox 2585 4520 2768 4572; x_wconf 83' lang='lat' dir='ltr'><strong>Asiam</strong></span> <span class='ocrx_word' id='word_1_659' title='bbox 2800 4518 3075 4587; x_wconf 82' lang='lat' dir='ltr'><strong>proﬁcisci</strong></span> <span class='ocrx_word' id='word_1_660' title='bbox 3104 4524 3281 4576; x_wconf 88' lang='lat' dir='ltr'><strong>visum</strong></span> <span class='ocrx_word' id='word_1_661' title='bbox 3310 4531 3478 4583; x_wconf 88' lang='lat' dir='ltr'><strong>esset,</strong></span> 
     </span>
    </p>
   </div>
   <div class='ocr_carea' id='block_1_92' title="bbox 237 4599 1914 4682">
    <p class='ocr_par' dir='ltr' id='par_1_92' title="bbox 237 4599 1888 4676">
     <span class='ocr_line' id='line_1_92' title="bbox 237 4599 1888 4676; baseline 0.002 -21"><span class='ocrx_word' id='word_1_662' title='bbox 237 4601 603 4670; x_wconf 78' lang='grc' dir='ltr'>Χριστιανὸς</span> <span class='ocrx_word' id='word_1_663' title='bbox 638 4599 951 4667; x_wconf 79' lang='grc' dir='ltr'>ἀποθάνοι,</span> <span class='ocrx_word' id='word_1_664' title='bbox 980 4606 1092 4654; x_wconf 76' lang='grc' dir='ltr'>οὐκ</span> <span class='ocrx_word' id='word_1_665' title='bbox 1122 4602 1591 4674; x_wconf 80' lang='grc' dir='ltr'>ἐνηνθρώπησεν</span> <span class='ocrx_word' id='word_1_666' title='bbox 1625 4612 1656 4663; x_wconf 86' lang='grc' dir='ltr'><strong><em>ό</em></strong></span> <span class='ocrx_word' id='word_1_667' title='bbox 1679 4612 1811 4676; x_wconf 78' lang='grc' dir='ltr'><strong>Χρι-</strong></span> <span class='ocrx_word' id='word_1_668' title='bbox 1834 4606 1888 4667; x_wconf 86' lang='lat' dir='ltr'><strong>D</strong></span> 
     </span>
    </p>
   </div>
   <div class='ocr_carea' id='block_1_93' title="bbox 1799 4599 3476 4682">
    <p class='ocr_par' dir='ltr' id='par_1_93' title="bbox 1799 4606 3476 4682">
     <span class='ocr_line' id='line_1_93' title="bbox 1799 4606 3476 4682; baseline -0.001 -16"><span class='ocrx_word' id='word_1_669' title='bbox 1799 4640 1811 4650; x_wconf 95' lang='lat'><strong><em>-</em></strong></span> <span class='ocrx_word' id='word_1_670' title='bbox 1834 4606 1888 4667; x_wconf 79' lang='grc' dir='ltr'><strong>Ι)</strong></span> <span class='ocrx_word' id='word_1_671' title='bbox 1918 4613 2045 4666; x_wconf 91' lang='lat' dir='ltr'><strong>huic</strong></span> <span class='ocrx_word' id='word_1_672' title='bbox 2078 4612 2178 4682; x_wconf 89' lang='lat' dir='ltr'><strong>ipsi</strong></span> <span class='ocrx_word' id='word_1_673' title='bbox 2210 4611 2508 4665; x_wconf 83' lang='lat' dir='ltr'><strong>Ecclesiam</strong></span> <span class='ocrx_word' id='word_1_674' title='bbox 2544 4625 2701 4663; x_wconf 90' lang='lat' dir='ltr'><strong>suam</strong></span> <span class='ocrx_word' id='word_1_675' title='bbox 2733 4611 3159 4674; x_wconf 85' lang='lat' dir='ltr'><strong>commendavit,</strong></span> <span class='ocrx_word' id='word_1_676' title='bbox 3199 4622 3257 4666; x_wconf 92' lang='lat' dir='ltr'><strong>ut</strong></span> <span class='ocrx_word' id='word_1_677' title='bbox 3291 4627 3476 4665; x_wconf 89' lang='lat' dir='ltr'><strong>curam</strong></span> 
     </span>
    </p>
   </div>
   <div class='ocr_carea' id='block_1_94' title="bbox 236 4691 1810 4771">
    <p class='ocr_par' dir='ltr' id='par_1_94' title="bbox 236 4691 1810 4771">
     <span class='ocr_line' id='line_1_94' title="bbox 236 4691 1810 4771; baseline 0.005 -24"><span class='ocrx_word' id='word_1_678' title='bbox 236 4696 408 4756; x_wconf 83' lang='grc' dir='ltr'>στός.</span> <span class='ocrx_word' id='word_1_679' title='bbox 449 4693 576 4747; x_wconf 79' lang='grc' dir='ltr'><strong>Ἐπὶ</strong></span> <span class='ocrx_word' id='word_1_680' title='bbox 602 4691 666 4756; x_wconf 80' lang='grc' dir='ltr'>δὴ</span> <span class='ocrx_word' id='word_1_681' title='bbox 714 4691 891 4762; x_wconf 84' lang='grc' dir='ltr'>τούτῳ</span> <span class='ocrx_word' id='word_1_682' title='bbox 922 4694 1073 4763; x_wconf 87' lang='grc' dir='ltr'><strong>παρά</strong></span> <span class='ocrx_word' id='word_1_683' title='bbox 1112 4695 1459 4763; x_wconf 86' lang='grc' dir='ltr'>Σεραπίωνος</span> <span class='ocrx_word' id='word_1_684' title='bbox 1490 4700 1644 4771; x_wconf 86' lang='grc' dir='ltr'>δίκην</span> <span class='ocrx_word' id='word_1_685' title='bbox 1678 4704 1810 4756; x_wconf 86' lang='grc' dir='ltr'>ύπο-</span> 
     </span>
    </p>
   </div>
   <div class='ocr_carea' id='block_1_95' title="bbox 237 4784 1812 4862">
    <p class='ocr_par' dir='ltr' id='par_1_95' title="bbox 237 4784 1812 4862">
     <span class='ocr_line' id='line_1_95' title="bbox 237 4784 1812 4862; baseline 0.005 -23"><span class='ocrx_word' id='word_1_686' title='bbox 237 4788 373 4849; x_wconf 90' lang='grc' dir='ltr'><strong>στάς</strong></span> <span class='ocrx_word' id='word_1_687' title='bbox 394 4826 409 4849; x_wconf 91' lang='grc'><strong>,</strong></span> <span class='ocrx_word' id='word_1_688' title='bbox 436 4785 671 4854; x_wconf 71' lang='grc' dir='ltr'>ιξηλάθη</span> <span class='ocrx_word' id='word_1_689' title='bbox 702 4784 803 4854; x_wconf 83' lang='grc' dir='ltr'>τῆς</span> <span class='ocrx_word' id='word_1_690' title='bbox 845 4784 1048 4849; x_wconf 85' lang='grc' dir='ltr'>πόλεως</span> <span class='ocrx_word' id='word_1_691' title='bbox 1087 4785 1191 4837; x_wconf 82' lang='grc' dir='ltr'><strong>ὑπὸ</strong></span> <span class='ocrx_word' id='word_1_692' title='bbox 1234 4787 1483 4842; x_wconf 85' lang='grc' dir='ltr'>Ἰωάννου</span> <span class='ocrx_word' id='word_1_693' title='bbox 1503 4833 1517 4858; x_wconf 86' lang='grc'><strong>,</strong></span> <span class='ocrx_word' id='word_1_694' title='bbox 1548 4790 1635 4854; x_wconf 83' lang='grc' dir='ltr'><strong>ὡς·</strong></span> <span class='ocrx_word' id='word_1_695' title='bbox 1651 4792 1812 4862; x_wconf 83' lang='grc' dir='ltr'>δῆθεν</span> 
     </span>
    </p>
   </div>
   <div class='ocr_carea' id='block_1_96' title="bbox 234 4878 1812 4952">
    <p class='ocr_par' dir='ltr' id='par_1_96' title="bbox 234 4878 1812 4952">
     <span class='ocr_line' id='line_1_96' title="bbox 234 4878 1812 4952; baseline 0.004 -19"><span class='ocrx_word' id='word_1_696' title='bbox 234 4882 320 4943; x_wconf 86' lang='grc' dir='ltr'><strong>είς</strong></span> <span class='ocrx_word' id='word_1_697' title='bbox 349 4880 487 4932; x_wconf 82' lang='grc' dir='ltr'>Θεδν</span> <span class='ocrx_word' id='word_1_698' title='bbox 521 4878 835 4946; x_wconf 75' lang='grc' dir='ltr'>ἐξυϐρίσας.</span> <span class='ocrx_word' id='word_1_699' title='bbox 869 4878 1179 4949; x_wconf 84' lang='grc' dir='ltr'>Μαρτύρων</span> <span class='ocrx_word' id='word_1_700' title='bbox 1202 4882 1309 4950; x_wconf 76' lang='grc' dir='ltr'><strong>γάρ</strong></span> <span class='ocrx_word' id='word_1_701' title='bbox 1333 4884 1738 4952; x_wconf 83' lang='grc' dir='ltr'>παραχθέντων,</span> <span class='ocrx_word' id='word_1_702' title='bbox 1762 4888 1812 4939; x_wconf 81' lang='lat' dir='ltr'><strong>oi</strong></span> 
     </span>
    </p>
   </div>
   <div class='ocr_carea' id='block_1_97' title="bbox 238 4968 1811 5042">
    <p class='ocr_par' dir='ltr' id='par_1_97' title="bbox 238 4968 1811 5042">
     <span class='ocr_line' id='line_1_97' title="bbox 238 4968 1811 5042; baseline 0.004 -20"><span class='ocrx_word' id='word_1_703' title='bbox 238 4970 344 5039; x_wconf 70' lang='grc' dir='ltr'>μὶν</span> <span class='ocrx_word' id='word_1_704' title='bbox 405 4968 482 5031; x_wconf 83' lang='grc' dir='ltr'>ὡς</span> <span class='ocrx_word' id='word_1_705' title='bbox 515 4969 709 5038; x_wconf 81' lang='grc' dir='ltr'>εῐρηκε</span> <span class='ocrx_word' id='word_1_706' title='bbox 752 4968 1077 5037; x_wconf 79' lang='grc' dir='ltr'>Σευηριανὸς</span> <span class='ocrx_word' id='word_1_707' title='bbox 1136 4971 1553 5042; x_wconf 59' lang='grc' dir='ltr'>ἐμαρτύρησαν</span> <span class='ocrx_word' id='word_1_708' title='bbox 1591 4976 1704 5029; x_wconf 84' lang='grc' dir='ltr'>ὅσοι</span> <span class='ocrx_word' id='word_1_709' title='bbox 1755 4976 1811 5029; x_wconf 87' lang='grc' dir='ltr'>δὲ</span> 
     </span>
    </p>
   </div>
   <div class='ocr_carea' id='block_1_98' title="bbox 236 5060 1812 5141">
    <p class='ocr_par' dir='ltr' id='par_1_98' title="bbox 236 5060 1812 5141">
     <span class='ocr_line' id='line_1_98' title="bbox 236 5060 1812 5141; baseline 0.002 -26"><span class='ocrx_word' id='word_1_710' title='bbox 236 5062 600 5133; x_wconf 73' lang='grc' dir='ltr'>προσέκειντο</span> <span class='ocrx_word' id='word_1_711' title='bbox 628 5060 958 5129; x_wconf 86' lang='grc' dir='ltr'>Σεραπίωνι,</span> <span class='ocrx_word' id='word_1_712' title='bbox 998 5062 1155 5116; x_wconf 85' lang='grc' dir='ltr'>πάντ’</span> <span class='ocrx_word' id='word_1_713' title='bbox 1198 5065 1673 5135; x_wconf 77' lang='grc' dir='ltr'>άποκρυψάμενοι,</span> <span class='ocrx_word' id='word_1_714' title='bbox 1714 5072 1812 5141; x_wconf 83' lang='grc' dir='ltr'><strong>μό-</strong></span> 
     </span>
    </p>
   </div>
   <div class='ocr_carea' id='block_1_99' title="bbox 234 5149 1811 5228">
    <p class='ocr_par' dir='ltr' id='par_1_99' title="bbox 234 5149 1811 5228">
     <span class='ocr_line' id='line_1_99' title="bbox 234 5149 1811 5228; baseline 0.004 -22"><span class='ocrx_word' id='word_1_715' title='bbox 234 5171 330 5207; x_wconf 92' lang='grc' dir='ltr'><strong>νον</strong></span> <span class='ocrx_word' id='word_1_716' title='bbox 374 5149 587 5206; x_wconf 67' lang='grc' dir='ltr'>δκεῖνον</span> <span class='ocrx_word' id='word_1_717' title='bbox 620 5152 1053 5223; x_wconf 83' lang='grc' dir='ltr'>διεμαρτύραντο</span> <span class='ocrx_word' id='word_1_718' title='bbox 1092 5156 1267 5207; x_wconf 80' lang='grc' dir='ltr'>είπεῖν</span> <span class='ocrx_word' id='word_1_719' title='bbox 1292 5158 1647 5228; x_wconf 80' lang='grc' dir='ltr'>Σευηριανὸν,</span> <span class='ocrx_word' id='word_1_720' title='bbox 1682 5180 1700 5211; x_wconf 87' lang='grc' dir='ltr'><strong>ι</strong></span> <span class='ocrx_word' id='word_1_721' title='bbox 1724 5161 1811 5224; x_wconf 85' lang='grc' dir='ltr'>Ὠς</span> 
     </span>
    </p>
   </div>
   <div class='ocr_carea' id='block_1_100' title="bbox 232 5237 1808 5320">
    <p class='ocr_par' dir='ltr' id='par_1_100' title="bbox 232 5237 1808 5320">
     <span class='ocr_line' id='line_1_100' title="bbox 232 5237 1808 5320; baseline 0.003 -25"><span class='ocrx_word' id='word_1_722' title='bbox 232 5242 346 5312; x_wconf 75' lang='grc' dir='ltr'><strong>ἀρα</strong></span> <span class='ocrx_word' id='word_1_723' title='bbox 373 5241 474 5295; x_wconf 82' lang='grc' dir='ltr'>οὐκ</span> <span class='ocrx_word' id='word_1_724' title='bbox 503 5240 926 5311; x_wconf 76' lang='grc' dir='ltr'>ινηνθρὼπησεν</span> <span class='ocrx_word' id='word_1_725' title='bbox 957 5243 985 5294; x_wconf 86' lang='grc' dir='ltr'><strong>ό</strong></span> <span class='ocrx_word' id='word_1_726' title='bbox 1017 5243 1306 5312; x_wconf 78' lang='grc' dir='ltr'>Χριστός.»</span> <span class='ocrx_word' id='word_1_727' title='bbox 1340 5246 1399 5299; x_wconf 86' lang='grc' dir='ltr'>Ὀ</span> <span class='ocrx_word' id='word_1_728' title='bbox 1433 5249 1488 5301; x_wconf 79' lang='grc' dir='ltr'>δὲ</span> <span class='ocrx_word' id='word_1_729' title='bbox 1534 5237 1808 5320; x_wconf 67' lang='grc' dir='ltr'>Ἰωάννης,</span> 
     </span>
    </p>
   </div>
   <div class='ocr_carea' id='block_1_101' title="bbox 230 5331 1809 5407">
    <p class='ocr_par' dir='ltr' id='par_1_101' title="bbox 230 5331 1809 5407">
     <span class='ocr_line' id='line_1_101' title="bbox 230 5331 1809 5407; baseline 0.006 -20"><span class='ocrx_word' id='word_1_730' title='bbox 230 5336 355 5403; x_wconf 68' lang='grc' dir='ltr'>οὐχ).</span> <span class='ocrx_word' id='word_1_731' title='bbox 394 5336 444 5385; x_wconf 74' lang='grc' dir='ltr'><strong>εί</strong></span> <span class='ocrx_word' id='word_1_732' title='bbox 487 5336 580 5386; x_wconf 74' lang='grc' dir='ltr'>καὶ</span> <span class='ocrx_word' id='word_1_733' title='bbox 609 5332 771 5386; x_wconf 82' lang='grc' dir='ltr'>τοῦτο</span> <span class='ocrx_word' id='word_1_734' title='bbox 802 5335 962 5403; x_wconf 82' lang='grc' dir='ltr'>μόνον</span> <span class='ocrx_word' id='word_1_735' title='bbox 1008 5331 1076 5405; x_wconf 84' lang='grc' dir='ltr'><strong>ἧν</strong></span> <span class='ocrx_word' id='word_1_736' title='bbox 1124 5339 1183 5388; x_wconf 83' lang='grc' dir='ltr'>ὲν</span> <span class='ocrx_word' id='word_1_737' title='bbox 1216 5338 1420 5401; x_wconf 86' lang='grc' dir='ltr'>αίτίαις</span> <span class='ocrx_word' id='word_1_738' title='bbox 1452 5340 1641 5407; x_wconf 78' lang='grc' dir='ltr'>ἐτίθει,</span> <span class='ocrx_word' id='word_1_739' title='bbox 1674 5342 1809 5396; x_wconf 83' lang='grc' dir='ltr'><strong>ἁλλᾶ</strong></span> 
     </span>
    </p>
   </div>
   <div class='ocr_carea' id='block_1_102' title="bbox 234 5426 1803 5496">
    <p class='ocr_par' dir='ltr' id='par_1_102' title="bbox 234 5426 1803 5496">
     <span class='ocr_line' id='line_1_102' title="bbox 234 5426 1803 5496; baseline 0.004 -15"><span class='ocrx_word' id='word_1_740' title='bbox 234 5428 333 5481; x_wconf 77' lang='grc' dir='ltr'>καὶ</span> <span class='ocrx_word' id='word_1_741' title='bbox 370 5426 539 5479; x_wconf 78' lang='grc' dir='ltr'>τάλλα</span> <span class='ocrx_word' id='word_1_742' title='bbox 569 5427 668 5479; x_wconf 88' lang='grc' dir='ltr'>ὅσα</span> <span class='ocrx_word' id='word_1_743' title='bbox 715 5429 921 5489; x_wconf 74' lang='grc' dir='ltr'>ἐκεῖνος</span> <span class='ocrx_word' id='word_1_744' title='bbox 963 5426 1282 5496; x_wconf 85' lang='grc' dir='ltr'>προσθεῖναι</span> <span class='ocrx_word' id='word_1_745' title='bbox 1320 5431 1629 5486; x_wconf 85' lang='grc' dir='ltr'>διετείνετο.</span> <span class='ocrx_word' id='word_1_746' title='bbox 1666 5434 1803 5487; x_wconf 71' lang='grc' dir='ltr'><strong>Οὐδὲ</strong></span> 
     </span>
    </p>
   </div>
   <div class='ocr_carea' id='block_1_103' title="bbox 233 5518 1805 5592">
    <p class='ocr_par' dir='ltr' id='par_1_103' title="bbox 233 5518 1805 5592">
     <span class='ocr_line' id='line_1_103' title="bbox 233 5518 1805 5592; baseline 0.001 -21"><span class='ocrx_word' id='word_1_747' title='bbox 233 5522 366 5589; x_wconf 78' lang='grc' dir='ltr'>γάρ,</span> <span class='ocrx_word' id='word_1_748' title='bbox 401 5518 494 5569; x_wconf 69' lang='lat' dir='ltr'><strong>«El</strong></span> <span class='ocrx_word' id='word_1_749' title='bbox 514 5518 824 5584; x_wconf 84' lang='grc' dir='ltr'>Σεραπίων,</span> <span class='ocrx_word' id='word_1_750' title='bbox 853 5518 1033 5586; x_wconf 74' lang='grc' dir='ltr'>ἔλεγε,</span> <span class='ocrx_word' id='word_1_751' title='bbox 1064 5519 1138 5587; x_wconf 81' lang='grc' dir='ltr'>μὴ</span> <span class='ocrx_word' id='word_1_752' title='bbox 1162 5519 1425 5574; x_wconf 78' lang='grc' dir='ltr'>ἀποθάνοι</span> <span class='ocrx_word' id='word_1_753' title='bbox 1456 5523 1805 5592; x_wconf 66' lang='grc' dir='ltr'>Χριστιανὸς,</span> 
     </span>
    </p>
   </div>
   <div class='ocr_carea' id='block_1_104' title="bbox 229 5610 1806 5685">
    <p class='ocr_par' dir='ltr' id='par_1_104' title="bbox 229 5610 1806 5685">
     <span class='ocr_line' id='line_1_104' title="bbox 229 5610 1806 5685; baseline 0.004 -24"><span class='ocrx_word' id='word_1_754' title='bbox 229 5611 469 5680; x_wconf 78' lang='grc' dir='ltr'>Χριστὸς</span> <span class='ocrx_word' id='word_1_755' title='bbox 495 5610 646 5679; x_wconf 80' lang='grc' dir='ltr'><strong>παρά</strong></span> <span class='ocrx_word' id='word_1_756' title='bbox 675 5610 834 5662; x_wconf 83' lang='grc' dir='ltr'>τοῦτο</span> <span class='ocrx_word' id='word_1_757' title='bbox 860 5612 959 5663; x_wconf 76' lang='grc' dir='ltr'>οὐκ</span> <span class='ocrx_word' id='word_1_758' title='bbox 987 5612 1466 5682; x_wconf 74' lang='grc' dir='ltr'>ὲνηνθρώπησεν.»</span> <span class='ocrx_word' id='word_1_759' title='bbox 1510 5614 1579 5668; x_wconf 86' lang='grc' dir='ltr'><strong>Ἦ</strong></span> <span class='ocrx_word' id='word_1_760' title='bbox 1622 5617 1806 5685; x_wconf 84' lang='grc' dir='ltr'>μέντοι</span> 
     </span>
    </p>
   </div>
   <div class='ocr_carea' id='block_1_105' title="bbox 228 5702 1805 5775">
    <p class='ocr_par' dir='ltr' id='par_1_105' title="bbox 228 5702 1805 5775">
     <span class='ocr_line' id='line_1_105' title="bbox 228 5702 1805 5775; baseline 0.002 -17"><span class='ocrx_word' id='word_1_761' title='bbox 228 5702 527 5773; x_wconf 81' lang='grc' dir='ltr'>βασίλισσα</span> <span class='ocrx_word' id='word_1_762' title='bbox 574 5702 798 5768; x_wconf 78' lang='grc' dir='ltr'>Εύδοξία</span> <span class='ocrx_word' id='word_1_763' title='bbox 828 5702 943 5771; x_wconf 74' lang='grc' dir='ltr'>ἅμα</span> <span class='ocrx_word' id='word_1_764' title='bbox 974 5721 1033 5755; x_wconf 87' lang='grc' dir='ltr'><strong>τε</strong></span> <span class='ocrx_word' id='word_1_765' title='bbox 1058 5706 1155 5774; x_wconf 76' lang='grc' dir='ltr'>τὴν</span> <span class='ocrx_word' id='word_1_766' title='bbox 1205 5707 1407 5775; x_wconf 75' lang='grc' dir='ltr'>μεταξῦ</span> <span class='ocrx_word' id='word_1_767' title='bbox 1449 5709 1556 5759; x_wconf 80' lang='grc' dir='ltr'>τῶν</span> <span class='ocrx_word' id='word_1_768' title='bbox 1582 5713 1805 5761; x_wconf 69' lang='grc' dir='ltr'>ἐπισκό-</span> 
     </span>
    </p>
   </div>
   <div class='ocr_carea' id='block_1_106' title="bbox 298 5884 1451 5969">
    <p class='ocr_par' dir='ltr' id='par_1_106' title="bbox 298 5884 1451 5969">
     <span class='ocr_line' id='line_1_106' title="bbox 298 5884 1451 5969; baseline -0.001 -30"><span class='ocrx_word' id='word_1_769' title='bbox 298 5884 674 5959; x_wconf 72' lang='lat' dir='ltr'><strong>(I:Zrlotypia</strong></span> <span class='ocrx_word' id='word_1_770' title='bbox 703 5888 939 5955; x_wconf 81' lang='lat' dir='ltr'><strong>quadam</strong></span> <span class='ocrx_word' id='word_1_771' title='bbox 988 5891 1203 5941; x_wconf 79' lang='lat' dir='ltr'><strong>ductus.</strong></span> <span class='ocrx_word' id='word_1_772' title='bbox 1239 5886 1451 5969; x_wconf 69' lang='grc' dir='ltr'><strong>(ςυστ.)</strong></span> 
     </span>
    </p>
   </div>
   <div class='ocr_carea' id='block_1_107' title="bbox 1914 4704 3480 4774">
    <p class='ocr_par' dir='ltr' id='par_1_107' title="bbox 1914 4704 3480 4774">
     <span class='ocr_line' id='line_1_107' title="bbox 1914 4704 3480 4774; baseline -0.001 -16"><span class='ocrx_word' id='word_1_773' title='bbox 1914 4706 2031 4774; x_wconf 91' lang='lat' dir='ltr'><strong>ejus</strong></span> <span class='ocrx_word' id='word_1_774' title='bbox 2076 4713 2329 4774; x_wconf 85' lang='lat' dir='ltr'><strong>gereret,</strong></span> <span class='ocrx_word' id='word_1_775' title='bbox 2382 4710 2438 4755; x_wconf 91' lang='lat' dir='ltr'><strong>et</strong></span> <span class='ocrx_word' id='word_1_776' title='bbox 2490 4704 2665 4756; x_wconf 86' lang='lat' dir='ltr'><strong>vicem</strong></span> <span class='ocrx_word' id='word_1_777' title='bbox 2714 4717 2867 4756; x_wconf 89' lang='lat' dir='ltr'><strong>suam</strong></span> <span class='ocrx_word' id='word_1_778' title='bbox 2922 4704 3183 4770; x_wconf 76' lang='grc' dir='ltr'>ροιιυιυιιι</span> <span class='ocrx_word' id='word_1_779' title='bbox 3234 4705 3480 4757; x_wconf 90' lang='lat' dir='ltr'><strong>doctrina</strong></span> 
     </span>
    </p>
   </div>
   <div class='ocr_carea' id='block_1_108' title="bbox 1914 4793 3480 4865">
    <p class='ocr_par' dir='ltr' id='par_1_108' title="bbox 1914 4793 3480 4865">
     <span class='ocr_line' id='line_1_108' title="bbox 1914 4793 3480 4865; baseline -0.003 -13"><span class='ocrx_word' id='word_1_780' title='bbox 1914 4806 2187 4865; x_wconf 88' lang='lat' dir='ltr'><strong>pasceret.</strong></span> <span class='ocrx_word' id='word_1_781' title='bbox 2236 4794 2533 4848; x_wconf 85' lang='lat' dir='ltr'><strong>Putaverat</strong></span> <span class='ocrx_word' id='word_1_782' title='bbox 2580 4794 2724 4847; x_wconf 89' lang='lat' dir='ltr'><strong>enim</strong></span> <span class='ocrx_word' id='word_1_783' title='bbox 2772 4793 2863 4847; x_wconf 88' lang='lat' dir='ltr'><strong>ille</strong></span> <span class='ocrx_word' id='word_1_784' title='bbox 2903 4794 3110 4862; x_wconf 89' lang='lat' dir='ltr'><strong>optimo</strong></span> <span class='ocrx_word' id='word_1_785' title='bbox 3146 4810 3203 4849; x_wconf 88' lang='lat' dir='ltr'><strong>se</strong></span> <span class='ocrx_word' id='word_1_786' title='bbox 3246 4811 3311 4848; x_wconf 90' lang='lat' dir='ltr'><strong>eo</strong></span> <span class='ocrx_word' id='word_1_787' title='bbox 3352 4812 3480 4849; x_wconf 82' lang='lat' dir='ltr'><strong>usu-</strong></span> 
     </span>
    </p>
   </div>
   <div class='ocr_carea' id='block_1_109' title="bbox 1914 4886 3478 4955">
    <p class='ocr_par' dir='ltr' id='par_1_109' title="bbox 1914 4886 3478 4955">
     <span class='ocr_line' id='line_1_109' title="bbox 1914 4886 3478 4955; baseline 0.001 -14"><span class='ocrx_word' id='word_1_788' title='bbox 1914 4904 2035 4941; x_wconf 91' lang='lat' dir='ltr'><strong>rum</strong></span> <span class='ocrx_word' id='word_1_789' title='bbox 2066 4887 2264 4950; x_wconf 88' lang='lat' dir='ltr'><strong>amico,</strong></span> <span class='ocrx_word' id='word_1_790' title='bbox 2290 4886 2380 4955; x_wconf 94' lang='lat' dir='ltr'><strong>qui</strong></span> <span class='ocrx_word' id='word_1_791' title='bbox 2412 4902 2505 4951; x_wconf 92' lang='lat' dir='ltr'><strong>per</strong></span> <span class='ocrx_word' id='word_1_792' title='bbox 2532 4886 2958 4939; x_wconf 90' lang='lat' dir='ltr'><strong>assentationem</strong></span> <span class='ocrx_word' id='word_1_793' title='bbox 2984 4900 3108 4939; x_wconf 87' lang='lat' dir='ltr'><strong>eum</strong></span> <span class='ocrx_word' id='word_1_794' title='bbox 3146 4896 3253 4939; x_wconf 90' lang='lat' dir='ltr'><strong>tam</strong></span> <span class='ocrx_word' id='word_1_795' title='bbox 3289 4888 3478 4942; x_wconf 87' lang='lat' dir='ltr'><strong>sedulo</strong></span> 
     </span>
    </p>
   </div>
   <div class='ocr_carea' id='block_1_110' title="bbox 1913 4978 3477 5049">
    <p class='ocr_par' dir='ltr' id='par_1_110' title="bbox 1913 4978 3477 5049">
     <span class='ocr_line' id='line_1_110' title="bbox 1913 4978 3477 5049; baseline -0.001 -13"><span class='ocrx_word' id='word_1_796' title='bbox 1913 4989 2216 5036; x_wconf 85' lang='lat' dir='ltr'><strong>assectatus</strong></span> <span class='ocrx_word' id='word_1_797' title='bbox 2261 4979 2478 5033; x_wconf 78' lang='lat' dir='ltr'><strong>fuisset.</strong></span> <span class='ocrx_word' id='word_1_798' title='bbox 2518 4978 2682 5048; x_wconf 79' lang='lat'><strong>369</strong></span> <span class='ocrx_word' id='word_1_799' title='bbox 2712 4980 2782 5031; x_wconf 87' lang='lat' dir='ltr'><strong>At</strong></span> <span class='ocrx_word' id='word_1_800' title='bbox 2814 4978 2905 5032; x_wconf 89' lang='lat' dir='ltr'><strong>ille</strong></span> <span class='ocrx_word' id='word_1_801' title='bbox 2944 4978 3128 5032; x_wconf 91' lang='lat' dir='ltr'><strong>studio</strong></span> <span class='ocrx_word' id='word_1_802' title='bbox 3171 4980 3341 5049; x_wconf 87' lang='lat' dir='ltr'><strong>magis</strong></span> <span class='ocrx_word' id='word_1_803' title='bbox 3377 4981 3477 5034; x_wconf 90' lang='lat' dir='ltr'><strong>ha-</strong></span> 
     </span>
    </p>
   </div>
   <div class='ocr_carea' id='block_1_111' title="bbox 1912 5071 3477 5139">
    <p class='ocr_par' dir='ltr' id='par_1_111' title="bbox 1912 5071 3477 5139">
     <span class='ocr_line' id='line_1_111' title="bbox 1912 5071 3477 5139; baseline -0.001 -11"><span class='ocrx_word' id='word_1_804' title='bbox 1912 5073 2032 5128; x_wconf 88' lang='lat' dir='ltr'><strong>buit</strong></span> <span class='ocrx_word' id='word_1_805' title='bbox 2061 5084 2119 5127; x_wconf 92' lang='lat' dir='ltr'><strong>ut</strong></span> <span class='ocrx_word' id='word_1_806' title='bbox 2144 5072 2482 5127; x_wconf 82' lang='lat' dir='ltr'><strong>multitudini</strong></span> <span class='ocrx_word' id='word_1_807' title='bbox 2514 5071 2936 5139; x_wconf 80' lang='lat' dir='ltr'><strong>gratiﬁcaretur,</strong></span> <span class='ocrx_word' id='word_1_808' title='bbox 2969 5086 3200 5139; x_wconf 82' lang='lat' dir='ltr'><strong>eamque</strong></span> <span class='ocrx_word' id='word_1_809' title='bbox 3225 5073 3477 5127; x_wconf 85' lang='lat' dir='ltr'><strong>oratione</strong></span> 
     </span>
    </p>
   </div>
   <div class='ocr_carea' id='block_1_112' title="bbox 1912 5161 3473 5229">
    <p class='ocr_par' dir='ltr' id='par_1_112' title="bbox 1912 5161 3473 5229">
     <span class='ocr_line' id='line_1_112' title="bbox 1912 5161 3473 5229; baseline -0.003 -10"><span class='ocrx_word' id='word_1_810' title='bbox 1912 5164 2178 5229; x_wconf 88' lang='lat' dir='ltr'><strong>duceret,</strong></span> <span class='ocrx_word' id='word_1_811' title='bbox 2229 5174 2284 5218; x_wconf 91' lang='lat' dir='ltr'><strong>et</strong></span> <span class='ocrx_word' id='word_1_812' title='bbox 2335 5161 2401 5215; x_wconf 91' lang='lat' dir='ltr'><strong>ad</strong></span> <span class='ocrx_word' id='word_1_813' title='bbox 2453 5176 2513 5215; x_wconf 88' lang='lat' dir='ltr'><strong>se</strong></span> <span class='ocrx_word' id='word_1_814' title='bbox 2566 5161 2743 5214; x_wconf 86' lang='lat' dir='ltr'><strong>modis</strong></span> <span class='ocrx_word' id='word_1_815' title='bbox 2791 5161 3049 5214; x_wconf 89' lang='lat' dir='ltr'><strong>omnibus</strong></span> <span class='ocrx_word' id='word_1_816' title='bbox 3096 5163 3473 5229; x_wconf 84' lang='lat' dir='ltr'><strong>pertraheret,</strong></span> 
     </span>
    </p>
   </div>
   <div class='ocr_carea' id='block_1_113' title="bbox 1911 5251 3478 5327">
    <p class='ocr_par' dir='ltr' id='par_1_113' title="bbox 1911 5251 3478 5327">
     <span class='ocr_line' id='line_1_113' title="bbox 1911 5251 3478 5327; baseline -0.004 -14"><span class='ocrx_word' id='word_1_817' title='bbox 1911 5273 2177 5327; x_wconf 89' lang='lat' dir='ltr'><strong>suamque</strong></span> <span class='ocrx_word' id='word_1_818' title='bbox 2236 5270 2464 5325; x_wconf 89' lang='lat' dir='ltr'><strong>prorsus</strong></span> <span class='ocrx_word' id='word_1_819' title='bbox 2536 5253 2813 5307; x_wconf 83' lang='lat' dir='ltr'><strong>redderet.</strong></span> <span class='ocrx_word' id='word_1_820' title='bbox 2874 5251 3031 5316; x_wconf 85' lang='lat' dir='ltr'><strong>Quod</strong></span> <span class='ocrx_word' id='word_1_821' title='bbox 3094 5252 3183 5305; x_wconf 91' lang='lat' dir='ltr'><strong>ubi</strong></span> <span class='ocrx_word' id='word_1_822' title='bbox 3240 5252 3478 5307; x_wconf 82' lang='lat' dir='ltr'><strong>Joannes</strong></span> 
     </span>
    </p>
   </div>
   <div class='ocr_carea' id='block_1_114' title="bbox 1910 5343 3473 5411">
    <p class='ocr_par' dir='ltr' id='par_1_114' title="bbox 1910 5343 3473 5411">
     <span class='ocr_line' id='line_1_114' title="bbox 1910 5343 3473 5411; baseline -0.006 -8"><span class='ocrx_word' id='word_1_823' title='bbox 1910 5351 2108 5404; x_wconf 88' lang='lat' dir='ltr'><strong>absens</strong></span> <span class='ocrx_word' id='word_1_824' title='bbox 2149 5348 2379 5408; x_wconf 89' lang='lat' dir='ltr'><strong>audivit,</strong></span> <span class='ocrx_word' id='word_1_825' title='bbox 2415 5345 2711 5411; x_wconf 88' lang='lat' dir='ltr'><strong>Serapione</strong></span> <span class='ocrx_word' id='word_1_826' title='bbox 2744 5344 3032 5409; x_wconf 86' lang='lat' dir='ltr'><strong>instigante</strong></span> <span class='ocrx_word' id='word_1_827' title='bbox 3061 5343 3158 5410; x_wconf 83' lang='grc' dir='ltr'><strong>Η),</strong></span> <span class='ocrx_word' id='word_1_828' title='bbox 3183 5358 3290 5395; x_wconf 87' lang='lat' dir='ltr'><strong>non</strong></span> <span class='ocrx_word' id='word_1_829' title='bbox 3330 5344 3473 5403; x_wconf 87' lang='lat' dir='ltr'><strong>tulit,</strong></span> 
     </span>
    </p>
   </div>
   <div class='ocr_carea' id='block_1_115' title="bbox 1911 5434 3473 5508">
    <p class='ocr_par' dir='ltr' id='par_1_115' title="bbox 1911 5434 3473 5508">
     <span class='ocr_line' id='line_1_115' title="bbox 1911 5434 3473 5508; baseline -0.003 -15"><span class='ocrx_word' id='word_1_830' title='bbox 1911 5440 2004 5493; x_wconf 89' lang='lat' dir='ltr'><strong>sed</strong></span> <span class='ocrx_word' id='word_1_831' title='bbox 2035 5438 2438 5508; x_wconf 89' lang='lat' dir='ltr'><strong>quamprimum</strong></span> <span class='ocrx_word' id='word_1_832' title='bbox 2470 5453 2531 5490; x_wconf 82' lang='lat' dir='ltr'><strong>ex</strong></span> <span class='ocrx_word' id='word_1_833' title='bbox 2565 5437 2687 5489; x_wconf 83' lang='lat' dir='ltr'><strong>Asia</strong></span> <span class='ocrx_word' id='word_1_834' title='bbox 2716 5434 3250 5501; x_wconf 85' lang='lat' dir='ltr'><strong>Constantinopolim</strong></span> <span class='ocrx_word' id='word_1_835' title='bbox 3286 5434 3473 5488; x_wconf 81' lang='lat' dir='ltr'><strong>rediit.</strong></span> 
     </span>
    </p>
   </div>
   <div class='ocr_carea' id='block_1_116' title="bbox 1911 5526 3478 5593">
    <p class='ocr_par' dir='ltr' id='par_1_116' title="bbox 1911 5526 3478 5593">
     <span class='ocr_line' id='line_1_116' title="bbox 1911 5526 3478 5593; baseline -0.006 -7"><span class='ocrx_word' id='word_1_836' title='bbox 1911 5534 1989 5586; x_wconf 84' lang='lat' dir='ltr'><strong>Eo</strong></span> <span class='ocrx_word' id='word_1_837' title='bbox 2019 5548 2241 5587; x_wconf 88' lang='lat' dir='ltr'><strong>reverso</strong></span> <span class='ocrx_word' id='word_1_838' title='bbox 2278 5531 2498 5592; x_wconf 90' lang='lat' dir='ltr'><strong>accidit,</strong></span> <span class='ocrx_word' id='word_1_839' title='bbox 2532 5538 2592 5582; x_wconf 92' lang='lat' dir='ltr'><strong>ut</strong></span> <span class='ocrx_word' id='word_1_840' title='bbox 2626 5529 2957 5582; x_wconf 87' lang='lat' dir='ltr'><strong>Severianus</strong></span> <span class='ocrx_word' id='word_1_841' title='bbox 3008 5526 3210 5581; x_wconf 91' lang='lat' dir='ltr'><strong>alicubi</strong></span> <span class='ocrx_word' id='word_1_842' title='bbox 3253 5534 3478 5593; x_wconf 55' lang='lat' dir='ltr'><strong>praetcr-</strong></span> 
     </span>
    </p>
   </div>
   <div class='ocr_carea' id='block_1_117' title="bbox 1910 5618 3477 5689">
    <p class='ocr_par' dir='ltr' id='par_1_117' title="bbox 1910 5618 3477 5689">
     <span class='ocr_line' id='line_1_117' title="bbox 1910 5618 3477 5689; baseline -0.005 -12"><span class='ocrx_word' id='word_1_843' title='bbox 1910 5623 2036 5687; x_wconf 79' lang='lat' dir='ltr'><strong>irct,</strong></span> <span class='ocrx_word' id='word_1_844' title='bbox 2066 5631 2121 5677; x_wconf 91' lang='lat' dir='ltr'><strong>et</strong></span> <span class='ocrx_word' id='word_1_845' title='bbox 2144 5624 2193 5675; x_wconf 90' lang='lat' dir='ltr'><strong>ei</strong></span> <span class='ocrx_word' id='word_1_846' title='bbox 2220 5622 2505 5689; x_wconf 81' lang='lat' dir='ltr'><strong>Serapion,</strong></span> <span class='ocrx_word' id='word_1_847' title='bbox 2530 5620 2623 5688; x_wconf 83' lang='lat' dir='ltr'><strong>qui</strong></span> <span class='ocrx_word' id='word_1_848' title='bbox 2658 5620 2809 5673; x_wconf 82' lang='lat' dir='ltr'><strong>illum</strong></span> <span class='ocrx_word' id='word_1_849' title='bbox 2840 5618 3071 5681; x_wconf 87' lang='lat' dir='ltr'><strong>viderat,</strong></span> <span class='ocrx_word' id='word_1_850' title='bbox 3092 5632 3199 5670; x_wconf 90' lang='lat' dir='ltr'><strong>non</strong></span> <span class='ocrx_word' id='word_1_851' title='bbox 3224 5630 3477 5685; x_wconf 81' lang='lat' dir='ltr'><strong>assurge-</strong></span> 
     </span>
    </p>
   </div>
   <div class='ocr_carea' id='block_1_118' title="bbox 1910 5709 3473 5780">
    <p class='ocr_par' dir='ltr' id='par_1_118' title="bbox 1910 5709 3473 5780">
     <span class='ocr_line' id='line_1_118' title="bbox 1910 5709 3473 5780; baseline -0.005 -12"><span class='ocrx_word' id='word_1_852' title='bbox 1910 5725 1993 5769; x_wconf 90' lang='lat' dir='ltr'><strong>ret</strong></span> <span class='ocrx_word' id='word_1_853' title='bbox 2029 5732 2043 5767; x_wconf 87' lang='lat'><strong>:</strong></span> <span class='ocrx_word' id='word_1_854' title='bbox 2087 5714 2249 5767; x_wconf 85' lang='lat' dir='ltr'><strong>veluti</strong></span> <span class='ocrx_word' id='word_1_855' title='bbox 2300 5729 2363 5766; x_wconf 75' lang='lat' dir='ltr'><strong>ex</strong></span> <span class='ocrx_word' id='word_1_856' title='bbox 2410 5712 2716 5780; x_wconf 80' lang='lat' dir='ltr'><strong>composito</strong></span> <span class='ocrx_word' id='word_1_857' title='bbox 2746 5712 2827 5764; x_wconf 81' lang='lat' dir='ltr'><strong>eis</strong></span> <span class='ocrx_word' id='word_1_858' title='bbox 2864 5713 2953 5778; x_wconf 80' lang='lat' dir='ltr'><strong>qui</strong></span> <span class='ocrx_word' id='word_1_859' title='bbox 2992 5709 3242 5766; x_wconf 71' lang='lat' dir='ltr'><strong>aderant.</strong></span> <span class='ocrx_word' id='word_1_860' title='bbox 3283 5717 3473 5761; x_wconf 88' lang='lat' dir='ltr'><strong>osten-</strong></span> 
     </span>
    </p>
   </div>
  </div>
