4248 6446
192 438 301 499 265

1048 436 1635 498 ECCIERIASTlCﬁ
1677 434 2056 498 HISTORIA!
2094 433 2235 494 LIB.
2281 434 2447 493 XIII.

3321 424 3429 488 966

196 565 336 608 σοις,
369 546 525 609 δίκας
556 545 680 613 ἄρτι
708 544 903 609 δώσεις
932 547 1086 616 ἡμῖν,
1115 547 1347 609 ἀσεϐοῦς
1375 552 1469 601 καὶ
1495 548 1767 618 θεομάχου
1796 555 1843 610 Α
1872 574 1873 583 ι

1751 570 1767 600 δ
1796 555 1843 610 Α
1872 545 2133 597 damnare
2164 552 2401 611 Oportet.
2436 539 2568 595 Nam
2606 540 2733 609 quia
2765 554 2829 593 ex
2866 537 3146 593 monachis
3179 535 3428 592 nonnulli

193 638 357 704 δόξαν
378 638 805 708 κληρούμενος.)
838 638 1095 707 θεόφιλος
1123 639 1200 701 δέ,
1236 658 1254 691 ι
1302 639 1441 693 Ἀλλ’
1472 641 1594 709 ἐμοὶ
1613 638 1772 692 τοῦτο

194 728 261 778 ἐκ
296 726 439 779 πάνυ
494 726 691 779 πολλοῦ
721 726 991 791 δέδοκται,
1046 731 1137 782 καὶ
1193 728 1222 780 ὃ
1265 728 1418 795 φίλον
1465 729 1595 798 ὑμῖν
1638 730 1772 800 δρᾷν

197 818 422 887 ἕτοιμος
452 834 467 849 ·
496 819 595 888 οὐχ
627 814 789 890 ἦττον
818 821 923 892 γὰρ
960 820 1115 891 ὑμῶν
1151 821 1307 889 κάγὼ
1335 823 1445 885 τοῖς
1467 822 1771 891 Ὠριγένους

202 908 639 976 συγγράμμασιν
688 909 949 979 ἄχθομαι,
1005 912 1097 964 καὶ
1140 914 1252 974 τοῖς
1293 912 1431 965 αὐτὰ
1466 914 1769 982 παραδεχο-

202 999 437 1065 μένοις.»
484 998 543 1052 '0
574 1000 675 1069 μὲν
702 996 796 1055 οὖν
823 1000 963 1055 οὕτω
990 1004 1049 1056 τό
1078 1020 1137 1056 τε
1168 1006 1352 1071 στῖφος
1385 1004 1490 1057 τῶν
1521 1006 1772 1074 μοναχῶν

198 1091 652 1164 ἀποϐουκολήσας
690 1111 747 1147 τε
790 1097 883 1148 καὶ
915 1098 1467 1165 παρακρουσάμενος,
1514 1098 1612 1167 τὴν
1649 1098 1776 1151 στά-

202 1198 289 1234 σιν
335 1181 561 1236 διέλυεν.
600 1185 761 1246 Ἴσως
807 1184 851 1237 δ’
879 1187 944 1239 ἂν
977 1188 1070 1239 καὶ
1100 1188 1133 1254 ἡ
1164 1187 1288 1256 περὶ
1318 1186 1507 1239 τούτου
1544 1186 1773 1255 ζήτησις

204 1274 504 1341 τηνικαῦτα
528 1275 681 1338 τέλος
718 1272 829 1345 εἶχε
861 1282 954 1330 καὶ
978 1279 1325 1331 παντάπασιν
1364 1279 1700 1341 ἀπεπαύετο,
1724 1278 1773 1329 εί

201 1361 277 1428 μὴ
308 1360 571 1428 Θεόφιλος
624 1364 763 1424 ιδίας
790 1365 953 1433 χάριν
981 1364 1181 1433 ἔχθρας
1220 1365 1546 1433 τεθνηκυῖαν
1585 1366 1773 1434 ὥσπερ

195 1452 579 1522 ἐιναξῇναῦθις
604 1454 702 1521 τὴν
727 1457 987 1525 τοιαύτην
1018 1456 1195 1509 ἐποίει
1226 1456 1476 1527 ζήτησιν,
1512 1458 1775 1527 ἄντικρυς

196 1543 287 1596 διὰ
324 1544 507 1611 μάχης
543 1543 642 1596 ἰὼν
688 1543 985 1613 ’Λμμωνίῳ
1009 1546 1101 1597 καὶ
1131 1546 1427 1615 Διοσκόρῳ,
1456 1545 1695 1613 Εὑσεῦίῳ
1716 1561 1774 1597 τε

198 1636 293 1688 καὶ
323 1635 599 1705 Εὑθυμίῳ,
650 1635 699 1687 οἳ
739 1636 955 1705 ἀδελφοὶ
988 1639 1090 1707 μὶν
1142 1633 1298 1708 ἦσαν,
1349 1639 1410 1689 τὸ
1458 1639 1690 1705 ἐπίκλην
1718 1639 1774 1691 δὲ

196 1724 425 1791 Μακροὶ
450 1726 783 1793 ἐπεφέροντο
805 1728 891 1778 διὰ.
921 1726 1020 1797 τὴν
1046 1728 1260 1795 ἠλικίαν
1288 1728 1385 1779 τοῦ
1415 1728 1662 1795 σώματος
1683 1746 1696 1759 ·
1725 1728 1773 1780 οἳ

198 1814 485 1883 εὐδόκιμοι
537 1816 645 1867 τῶν
676 1816 732 1867 ἐν
785 1818 980 1885 Σκήτει
1012 1820 1181 1871 πάλαι
1229 1820 1531 1886 γενόμενοι,
1588 1817 1772 1887 ὥσπερ

1873 638 1926 690 in
1979 650 2174 689 eorum
2230 634 2521 689 lectionem
2576 632 2906 697 inciderunt,
2947 638 3007 685 ut
3048 630 3121 684 ita
3167 630 3430 691 sentiant,

1871 728 2121 798 persuasi
2167 735 2319 788 sunt,
2356 724 2628 793 nobisque
2676 724 3039 777 adversantur
3077 736 3093 775 :
3126 719 3209 774 sin
3248 719 3300 773 id
3351 719 3433 773 fa-

1871 833 1997 873 cere
2029 818 2207 883 noles,
2249 832 2437 887 poenas
2470 831 2618 870 nunc
2646 814 2824 879 dabis,
2852 813 2947 883 qui
2982 812 3206 883 impiam
3236 819 3291 865 et
3322 811 3432 866 Deo

1873 916 2268 979 repugnantem
2318 904 2636 975 opinionem
2681 904 2948 974 sequaris.
2996 922 3013 955 ι
3066 903 3203 958 Tum
3248 902 3435 957 Theo-

1871 1002 2057 1073 philus
2093 1019 2107 1056 :
2160 1020 2180 1054 ι
2220 1000 2329 1056 Sed
2373 1009 2430 1055 et
2484 1014 2604 1054 mea
2651 998 2887 1060 dudum.
2926 998 3129 1065 inquit,
3170 997 3284 1051 hanc
3331 995 3435 1049 fuit

1873 1092 2180 1160 sententia,
2218 1102 2276 1147 et
2324 1092 2474 1161 quod
2512 1092 2671 1146 vobis
2718 1090 2983 1160 placitum
3023 1097 3127 1153 est,
3164 1088 3219 1144 id
3258 1088 3436 1143 facere

1875 1196 2100 1257 paratus
2149 1200 2291 1240 sum.
2332 1185 2452 1239 Non
2509 1185 2691 1238 minus
2744 1196 3006 1251 namque.
3052 1195 3213 1249 quam
3258 1177 3433 1241 vobis.

1873 1287 1929 1331 et
1985 1276 2119 1330 mihi
2172 1276 2427 1345 Origenis
2482 1274 2712 1341 scripta,
2752 1273 2957 1342 quique
3007 1288 3069 1325 ea
3127 1272 3435 1339 recipiunt,

1873 1386 2094 1442 gravem
2131 1370 2436 1424 molestiam
2489 1366 2747 1421 allerunt.
2789 1385 2806 1417 ι
2847 1365 3025 1433 Atque
3062 1364 3152 1416 ille
3212 1363 3435 1431 quide-

1876 1473 1991 1517 tum
2024 1464 2421 1517 monachorum
2458 1460 2676 1514 turbam
2709 1460 2995 1527 deceptam
3027 1473 3057 1511 a
3088 1473 3144 1511 se
3178 1456 3431 1518 removit,

1873 1566 1930 1610 et
1974 1556 2306 1612 seditionem
2361 1554 2694 1622 composuit.
2737 1552 2895 1621 371
2948 1550 3200 1604 Fortasse
3250 1559 3433 1601 autem

1877 1649 2109 1716 quaestio
2151 1662 2372 1716 quoque
2424 1646 2525 1700 ista
2564 1646 2725 1698 linem
2769 1655 2881 1698 tum
2930 1658 3087 1696 suum
3136 1640 3436 1702 habuisset,

1878 1740 1977 1793 nisi
2008 1755 2129 1793 eam
2162 1737 2501 1806 Theophilus
2532 1735 2944 1787 inimicitiarum
2982 1748 3202 1785 suarum
3238 1732 3433 1801 gratia,

1878 1829 2041 1881 veluti
2086 1828 2522 1888 intermortuam,
2560 1832 2626 1879 ad
2664 1824 2852 1880 vitam.
2893 1834 2951 1876 ut
2989 1823 3061 1875 ita
3099 1823 3303 1883 dicam,
3343 1839 3436 1875 reo

197 1905 452 1975 ἐφημεν,
510 1910 814 1975 τηνικαῦτα
869 1912 979 1963 τῶν
1030 1910 1147 1963 κατ’
1212 1912 1489 1975 Αἴγυπτον
1546 1912 1775 1978 ἡγοῦντο
1809 1912 1849 1965 Β

1760 1927 1775 1961 >
1809 1912 1849 1965 Β
1880 1926 2148 1979 vocasset,
2185 1926 2374 1984 aperte
2422 1914 2733 1977 Ammonio,
2776 1913 3054 1972 Ilioscoro.
3092 1912 3348 1978 Eusebio,
3382 1923 3437 1967 et

195 1999 586 2069 άσκητηρίων,
618 2002 717 2071 βίῳ
744 2005 834 2056 καὶ
862 2003 1008 2073 λόγῳ
1036 2005 1379 2068 διαπρεπεῖς.
1406 2003 1577 2063 Πολὺς
1600 2003 1644 2053 δ’
1677 2002 1773 2053 αὖ·

195 2091 307 2141 τῶν
338 2090 490 2157 λόγος
516 2092 571 2143 ἐν
595 2110 652 2145 τε
686 2094 1060 2165 Ἀλεξανδρείᾳ
1090 2095 1184 2147 καὶ
1213 2096 1361 2162 παρᾶ
1395 2092 1639 2162 Θεοφίλῳ
1674 2094 1775 2161 μά-

198 2180 365 2231 λιστα
395 2177 464 2251 ἦν
491 2198 504 2212 ·
542 2184 636 2234 καὶ
666 2183 754 2235 διὰ
782 2183 941 2237 τοῦτο
976 2184 1086 2237 τῶν
1123 2186 1181 2235 ἐν
1229 2183 1490 2252 Αἰγύπτῳ
1524 2183 1774 2251 μοναχὼν

199 2274 441 2340 μάλιστα
467 2277 856 2345 κεχαρισμένοι
876 2276 1026 2329 ὄντες
1049 2276 1359 2343 ἐτύγχανον.
1385 2276 1491 2328 Καὶ
1517 2274 1583 2328 τὰ
1608 2275 1774 2327 πολλὰ

199 2366 524 2433 συνομίλους
578 2384 636 2418 τε
672 2364 806 2436 εἶχε,
836 2367 931 2418 καί⁵
963 2368 1046 2434 ἐφ’
1076 2367 1261 2419 ἐστίαν
1294 2366 1497 2424 ἐκάλει.
1534 2367 1628 2417 καὶ
1661 2365 1775 2417 δια-

198 2455 479 2519 φερόντως
517 2456 680 2522 ἐτίμα
708 2458 833 2517 τοὺς
870 2455 1108 2523 ἄνδρας·
1147 2448 1220 2508 ὧν
1251 2456 1344 2507 καὶ
1380 2455 1474 2508 ἕνα
1507 2455 1598 2506 τὸν
1622 2455 1774 2504 Διόσ-

200 2561 369 2616 κορον
422 2546 514 2597 καὶ
570 2546 983 2616 Ἑρμουπόλεως
1014 2545 1241 2599 καθίστα
1278 2548 1595 2608 ἐπίσκοπον,
1637 2546 1771 2597 πολ-

199 2639 301 2706 λὴν
336 2638 460 2707 βίαν
488 2638 808 2707 ἐπαγαγών.
840 2640 982 2701 Τοὺς
1020 2638 1112 2691 δύο
1163 2638 1220 2690 δὲ
1270 2639 1611 2708 παρεκάλεσε
1657 2654 1778 2688 συν-

201 2732 349 2783 εἰναι
384 2731 556 2799 αὐτῷ.
581 2730 690 2782 Καὶ
719 2730 875 2797 μόλις
906 2730 1257 2799 μένὲπεισεψ
1281 2724 1369 2783 οἷα
1394 2731 1450 2782 δὲ
1483 2732 1777 2793 ἐπίσκοπος

200 2822 299 2873 καὶ
333 2822 611 2889 ἠνάγκασε
644 2838 658 2852 ο
700 2822 793 2874 καὶ
823 2821 901 2891 τῷ
932 2822 1023 2873 ὑπ’
1049 2822 1211 2875 αὐτὸν
1235 2822 1426 2891 κλήρῳ
1449 2821 1779 2888 συγκαταλέ-

203 2913 327 2976 ξας.
356 2916 457 2981 τὴν
504 2914 600 2979 τῆς
642 2912 967 2982 Ἐκκλησίας
998 2912 1314 2980 οἰκονομίαν
1342 2911 1551 2963 διέπειν
1583 2913 1779 2979 ﬁxe-ip:-

202 3006 317 3067 ζεν.
355 3008 418 3058 Ol
454 3007 510 3058 δὲ
566 3008 629 3073 τῇ
669 3005 761 3075 βίᾳ
808 3005 1119 3073 νικώμενοι,
1147 3003 1223 3067 ὡς
1255 3002 1428 3075 χρεὼν
1457 3002 1555 3071 μὲν
1580 2997 1669 3072 ἦν,
1707 3003 1773 3070 τῇ

200 3098 489 3167 οἰκονομίᾳ
520 3098 843 3166 διέπρεπον·
883 3096 1038 3158 ἀνίας
1075 3096 1120 3149 δ’
1158 3092 1297 3166 ἦσαν
1325 3098 1533 3167 μεστοὶ,
1566 3096 1668 3161 ὅτι,
1699 3094 1773 3157 ὡς

208 3191 285 3257 μὴ
315 3188 573 3251 καθάπαξ
608 3190 923 3256 προέθεντο,
969 3190 1034 3258 τῇ
1084 3188 1371 3258 φιλοσοφίᾳ
1400 3188 1769 3257 προσέκειντο.

205 3280 371 3333 Ἐπεὶ
398 3282 452 3331 δὲ
478 3281 726 3349 προῖόντι
755 3280 834 3349 τῷ
864 3280 1043 3349 χρόνῳ
1078 3282 1219 3333 κατὰ
1242 3280 1418 3349 ψυχὴν
1445 3279 1779 3348 βλάπτεσθαι

205 3371 403 3441 ᾤοντο,
435 3372 526 3424 τὸν
589 3358 853 3439 Θεόφιλον
901 3372 1191 3441 βλέποντες
1226 3371 1319 3423 τὸν
1352 3372 1781 3440 χρηματιστικὸν

209 3466 330 3533 βίον
388 3465 928 3533 μεταχειριζόμενον,
997 3466 1172 3518 πάντα
1220 3463 1268 3515 τ’
1329 3462 1781 3531 ἐξαργυρίζεσῦαι

207 3557 585 3625 πεποιημένον
639 3556 914 3625 σπουδὴν,
965 3556 1059 3607 καὶ
1109 3556 1283 3608 πάντα
1336 3555 1513 3621 λίθον,
1575 3555 1634 3607 τὸ
1687 3554 1781 3607 τοῦ

209 3648 400 3714 λόγου,
424 3646 678 3699 κινοῦντα
699 3646 841 3699 ὥστε
864 3645 963 3712 τῆς
988 3646 1162 3714 ὀσμῆς
1190 3646 1282 3698 τοῦ
1305 3647 1529 3713 χρυσίου
1553 3646 1781 3717 ὀσφραί-

214 3740 431 3801 νεσθαι,
480 3739 542 3789 τὸ
602 3740 839 3790 συνεῖναι
895 3738 1090 3807 ἐκείνῳ
1144 3738 1640 3808 παραιτησάμενοι,
1684 3739 1783 3806 τὴν

210 3833 452 3903 ἐρημίαν
481 3827 637 3891 αὖθις
670 3831 998 3897 ἠσπάζοντο,
1032 3832 1131 3899 τῆς
1175 3832 1232 3881 ἐν
1261 3829 1415 3881 ἄστει
1472 3831 1784 3899 προτιμῶν-

209 3944 305 3987 τες
330 3926 629 3991 διαγωγῂς.
670 3923 729 3977 ὐ
760 3923 837 3987 δὲ,
868 3922 972 3984 ’ἐως
1003 3923 1101 3991 μὲν
1123 3924 1319 3974 ἐκείνοι
1342 3922 1630 3974 ἐλάνθανον
1654 3923 1784 3975 ἄλλα

211 4018 684 4089 προφασιζόμενοι
705 4058 719 4082 ,
759 4016 944 4084 μένειν
972 4032 1029 4067 τε
1063 4016 1391 4081 παρεκάλει,
1423 4017 1517 4066 καὶ
1544 4014 1643 4082 τὴν
1670 4013 1784 4081 μετ’

212 4112 428 4163 ἐκείνου
456 4110 614 4176 ἠξίου
644 4107 932 4175 διατριϐήν
971 4121 986 4135 ⁶
1016 4106 1091 4167 ὡς
1119 4106 1177 4158 δὲ
1224 4107 1365 4172 ἔγνω
1398 4106 1783 4172 κατεγνωσμέ-

214 4219 306 4263 νος
338 4202 570 4261 ἐκείνοις
600 4198 699 4263 ὢν,
726 4197 899 4268 θυμοῦ
952 4196 1277 4267 ἐπληροῦτο,
1311 4198 1405 4249 καὶ
1449 4198 1549 4249 οὐκ
1594 4197 1786 4266 ἔληγεν

208 4293 610 4364 ὀργιζόμενος·
655 4291 749 4345 καὶ
811 4290 1026 4357 ἠπείλει
1083 4291 1189 4341 πᾶν
1218 4290 1273 4342 εί
1324 4305 1375 4340 τι
1430 4289 1601 4342 δεινὸν
1653 4290 1786 4357 δρᾷν

209 4388 468 4447 ἐκείνοις.
498 4386 560 4437 Ui
589 4383 646 4436 δὲ
676 4382 787 4437 τῶν
837 4381 1222 4452 ὴπειλημίνων
1258 4380 1430 4449 μικρὰ
1461 4380 1782 4448 φροντίσαν-

208 4499 327 4541 τες,
367 4480 610 4546 ἐχώρουν
634 4470 793 4537 αὖθις
824 4475 965 4527 κατὰ
1026 4475 1124 4544 τὴν
1182 4473 1409 4542 ἔρημον.
1463 4471 1677 4541 Θερμὺς
1728 4471 1785 4523 δὲ

213 4573 460 4644 μάλιστα
485 4568 742 4633 Θεόφιλος
776 4564 875 4627 ὢν,
913 4565 1186 4635 ραγδαίως
1219 4567 1441 4633 ἐφέρετο
1468 4564 1587 4617 κατ’
1608 4563 1786 4618 αὐτῶν

214 4661 684 4731 σκευωρήσασὸαι
723 4660 849 4721 τοὺς
875 4658 1073 4731 ἇγδρας
1123 4658 1503 4725 διανοούμενος
1544 4674 1556 4687 ο
1595 4657 1690 4708 καὶ
1723 4654 1786 4724 δὴ

213 4761 313 4809 καὶ
348 4758 427 4817 εἰς
458 4757 612 4821 μῖσος
642 4750 1097 4821 ἐχώρειτάδελφῴ
1121 4750 1417 4817 Διοσκόρῳ,
1451 4748 1509 4799 ὃν
1552 4748 1785 4816 Ἐρμουο

215 4850 429 4909 πόλεως
473 4845 775 4897 ἐπίσκοπον
820 4844 1238 4909 καταστήσειεν.
1290 4840 1447 4891 Ἠνία
1489 4840 1546 4891 δέ
1597 4840 1787 4892 τοῦτον

218 4943 460 5013 μάλιστα
491 4940 550 4989 τὸ
574 4936 784 4997 sobrii:
839 4934 1075 5001 ἀσκήσει
1116 4933 1471 5001 διαφέροντας
1529 4933 1786 5001 προσκεῖ-

217 5038 370 5094 σθαι,
395 5030 491 5083 καί
519 5029 654 5080 πολύ
679 5044 731 5079 τι
762 5025 924 5086 σέϐας
953 5025 1141 5091 νέμειν
1170 5024 1352 5085 αὐτοῖς
1383 5039 1397 5052 ’
1431 5025 1523 5076 καὶ
1548 5023 1628 5084 είς
1664 5022 1787 5074 νοῦν

216 5127 443 5194 ἀνῆγεν,
469 5123 544 5183 ὡς
578 5121 633 5172 ἐν
664 5118 836 5171 οὐδενί
873 5133 979 5168 τινι
1024 5114 1209 5185 τρόπῳ
1249 5112 1459 5177 ἐξέσται
1506 5114 1788 5183 παρασλά-

215 5219 320 5287 Qui
350 5217 567 5278 αὐτοὺς,
606 5213 652 5263 εἰ
686 5210 761 5279 μὴ
792 5211 887 5261 καὶ
915 5208 969 5259 τὸ
1002 5208 1109 5259 τῶν
1146 5209 1396 5277 μοναχῶν
1438 5208 1619 5275 στῖφος
1665 5206 1788 5258 τού-

218 5329 338 5371 τοις
368 5305 796 5374 ἐκπολεμώσειε.
833 5300 999 5352 Ταῦτ’
1033 5299 1122 5352 οὖν
1171 5298 1575 5367 βουλευόμενος,
1612 5297 1787 5349 τοιώ-

222 5419 290 5474 τῃ
333 5402 538 5470 χρῆται
572 5401 637 5467 τῇ
677 5396 893 5464 μηκανῇ
932 5410 945 5425 ·
978 5393 1034 5458 ἐξ
1056 5386 1131 5445 ὧν
1192 5393 1297 5461 γὰρ
1334 5390 1591 5453 πολλάκις
1644 5392 1789 5460 αὐτῷ

222 5494 611 5563 συγγενόμενοι
641 5491 768 5556 περὶ
800 5484 940 5538 Θεοῦ
1000 5485 1322 5550 διελέγοντο,
1381 5483 1625 5554 ἀκριϐῶς
1675 5486 1789 5554 ᾔδει

222 5587 559 5659 φρονοῦντας
592 5583 664 5645 ὼς
698 5585 725 5634 ὀ
751 5582 850 5648 μὲν
886 5578 1018 5641 Θεὸς
1048 5577 1335 5647 ἀσώματός
1385 5578 1522 5640 ἐστι,
1556 5578 1650 5629 καὶ
1701 5580 1792 5630 ἀν-

221 5683 476 5757 Θρωπίνῃ
532 5680 710 5749 μορφῇ
744 5678 837 5730 καὶ
887 5677 1125 5744 σχήματι
1178 5676 1407 5741 πάμπαν
1471 5672 1788 5741 ἁλλότριος’

222 5781 292 5832 δι’
327 5777 572 5841 ἀνάγκης
597 5775 705 5841 γὰρ
750 5772 950 5821 ἐνεῖναι
988 5766 1064 5835 τῷ
1119 5763 1572 5835 ἀνθρωπομόρφῳ
1619 5762 1676 5813 τὸ
1708 5764 1791 5813 ἁν-

226 5851 616 5942 ορωποπαίνη.
649 5866 713 5918 Ὀ
735 5864 797 5933 δη
833 5863 921 5914 καὶ
960 5860 1107 5929 παρὰ
1137 5858 1245 5912 τῶν
1273 5856 1521 5911 παλαιῶν
1569 5853 1788 5924 ἐξηκρίς

1878 2006 2171 2074 Eutliymio
2219 2005 2562 2068 adversatus,
2599 2002 2694 2072 qui
2748 2002 2944 2056 fratres
2978 2002 3219 2070 germani
3252 2013 3435 2070 erant,

1872 2104 1928 2149 et
1960 2108 2381 2163 cognomentum
2439 2096 2755 2162 Longorum
2787 2104 3009 2163 propter
3039 2095 3285 2161 corporis
3315 2111 3438 2162 pro-

1873 2187 2158 2239 ceritatem
2201 2186 2499 2240 habebant.
2536 2187 2600 2241 lli
2635 2188 2881 2256 pra-clari
2914 2187 3143 2249 dudum,
3170 2191 3436 2255 quemad-

1875 2282 2095 2331 modum
2146 2280 2409 2341 diximus,
2454 2280 2507 2333 in
2562 2280 2709 2334 Secti
2766 2281 2987 2335 fuerant
3030 2300 3042 2335 :
3085 2291 3198 2334 tum
3250 2293 3436 2335 autem

1876 2370 1930 2423 in
1979 2369 2211 2439 :Egypto
2264 2371 2615 2424 monasteriis
2664 2374 3062 2440 praesidebant,
3108 2382 3165 2427 et
3220 2376 3329 2427 vita
3381 2386 3439 2428 et

1877 2461 2123 2514 doctrina
2183 2461 2550 2529 perculebrcs.
2609 2462 2774 2517 Multa
2820 2476 3005 2518 autem
3056 2481 3243 2518 eorum
3294 2464 3438 2519 fama

1880 2549 2229 2604 Alexandriae
2260 2564 2312 2605 et
2343 2551 2688 2619 potissimum
2725 2554 2866 2616 apud
2904 2554 3266 2621 Theojihilum
3296 2566 3438 2618 erat.

1877 2639 1971 2706 qui
2006 2642 2177 2707 gratia
2212 2650 2269 2695 et
2310 2642 2533 2695 nomine
2574 2656 2739 2710 supra
2770 2643 2907 2696 alios
2935 2642 3220 2712 [Egyptios
3256 2662 3442 2699 mona-

1880 2731 2015 2786 chos
2053 2731 2344 2799 poileutes.
2380 2732 2661 2799 Frequens
2696 2748 2820 2786 cunt
2855 2734 2935 2787 eis
2964 2736 3269 2802 Theophili)
3306 2752 3441 2790 cou-

1880 2822 2112 2877 suetudo
2144 2822 2546 2877 fuit.Convivio
2573 2826 2721 2876 enim
2750 2840 2847 2878 eos
2870 2826 3265 2894 excipiebanet
3289 2843 3441 2881 sum-

1881 2929 2102 2983 mopere
2174 2915 2497 2968 honorabat.
2562 2914 2878 2968 Dioscorqu
2934 2933 3191 2985 quoque,
3243 2934 3437 2989 magna

1882 3006 1933 3059 vi
1989 3005 2284 3070 adactum,
2347 3006 2693 3075 Hermupolis
2754 3008 3072 3077 ρρίδοορυιιι
3134 3012 3441 3067 constituit.

1885 3095 2033 3149 Duos
2074 3106 2282 3161 autem,
2330 3107 2388 3150 ut
2436 3112 2621 3150 secum
2669 3108 2878 3164 essent,
2923 3098 3175 3154 hortatus
3216 3109 3300 3154 est
3333 3119 3347 3154 :
3386 3112 3442 3155 et

1888 3189 1976 3244 vix
2017 3186 2100 3245 eis
2136 3189 2355 3242 tandem
2392 3190 2683 3258 persuasit,
2718 3207 2811 3245 seu
2855 3193 3037 3260 potius
3066 3203 3125 3245 ut
3152 3195 3441 3263 episcopus

1883 3280 1936 3334 id
1980 3296 2077 3334 eos
2121 3282 2299 3334 facere
2341 3281 2541 3350 coegit.
2580 3281 2771 3348 Itaque
2814 3284 2895 3339 eis
2929 3283 2980 3335 in
3019 3284 3151 3337 cieri
3191 3288 3439 3340 ordinem

1882 3374 2171 3441 cooptatis,
2200 3373 2457 3427 Ecclesiae
2477 3373 2837 3428 oeconomiam
2859 3387 2959 3429 seu
2978 3373 3438 3444 dispensationem

1882 3464 2181 3533 gerendam
2213 3465 2585 3518 demandavit.
2626 3464 2796 3520 Porro
2843 3468 2919 3521 illi
2954 3469 3003 3521 vi
3040 3471 3236 3532 coacti,
3274 3472 3345 3523 ita
3381 3482 3442 3526 ut

1883 3554 2088 3617 decuit,
2116 3554 2545 3623 dispensationis
2572 3559 2691 3627 ejus
2729 3574 2957 3612 munere
3022 3560 3277 3614 obeundo
3322 3564 3443 3616 eni-

1887 3656 2110 3701 luerunt
2144 3665 2157 3700 :
2186 3664 2419 3703 nimrore
2463 3661 2646 3704 autem
2680 3651 2825 3719 pleni
2864 3655 3206 3724 erant,quod
3234 3670 3333 3722 pro
3374 3671 3442 3709 eo

1884 3749 2049 3808 atque
2087 3754 2196 3793 non
2238 3741 2408 3795 semel
2446 3743 2885 3805 constituissent,
2923 3744 3285 3813 philosophia:
3329 3761 3443 3800 sua:

1884 3845 1993 3883 non
2031 3831 2434 3885 incumberent.
2474 3832 2766 3901 Postquam
2810 3845 2992 3887 autem
3036 3843 3280 3902 tempore
3318 3852 3445 3904 pro-

1886 3920 2135 3985 cedente,
2164 3923 2216 3976 in
2244 3924 2443 3977 animis
2476 3928 2576 3993 ipsi
2610 3926 2727 3980 suis
2756 3940 2814 3979 se
2842 3927 2961 3980 laudi
2992 3936 3266 3994 putarent.
3295 3932 3441 3998 quod

1888 4012 2289 4082 TiteOphilum,
2342 4030 2439 4083 per
2487 4016 2810 4081 avaritiam,
2856 4028 3225 4086 quzestuosatn
3274 4022 3440 4073 vitam

1887 4105 2066 4173 sequi,
2114 4116 2279 4175 atque
2332 4108 2517 4159 omnia
2576 4123 2772 4176 magno
2824 4108 3008 4162 studio
3057 4112 3113 4161 in
3158 4120 3441 4178 argentum

1888 4196 2174 4264 redigere,
2219 4212 2553 4266 omnemque
2604 4200 2741 4252 adeo
2791 4198 3064 4267 lapidem,
3117 4202 3261 4269 quod
3316 4216 3446 4269 pro-

1888 4286 2081 4341 verbio
2114 4288 2335 4353 dicitur,
2372 4304 2611 4356 movere,
2650 4301 2709 4344 ut
2750 4291 2871 4344 auri
2915 4290 3084 4345 odore
3126 4294 3446 4358 perfruere~

1890 4386 2000 4438 tur.
2030 4378 2280 4431 viderent
2310 4395 2323 4430 :
2354 4380 2666 4433 convictum
2692 4380 2811 4449 ejus
2840 4380 3202 4444 declinantes,
3234 4380 3288 4433 in
3318 4382 3444 4434 soli-

1890 4470 2135 4523 tudinem
2173 4485 2414 4535 rursum,
2450 4486 2610 4539 quam
2644 4472 2865 4525 urbana:
2895 4472 3018 4525 vitae
3060 4472 3443 4540 praeferebant,

1820 4596 1861 4649 υ
1887 4578 1945 4616 se
1982 4564 2357 4617 contulerunt.
2391 4564 2752 4632 Theophilus,
2785 4564 2963 4634 quoad
3008 4564 3083 4617 illi
3122 4579 3235 4617 rem
3270 4564 3443 4631 ipsam

1887 4655 2159 4717 celantes,
2208 4665 2525 4723 praetextum
2579 4657 2745 4710 alium
2796 4657 3183 4717 obtenderunt,
3238 4672 3332 4709 eos
3389 4666 3448 4708 ιιι

1890 4754 2192 4807 manerent,
2226 4755 2280 4797 et
2316 4746 2716 4799 consuetudine
2754 4759 2851 4799 sua
2902 4754 3214 4806 uterentur,
3250 4747 3447 4796 cohor-

1891 4847 2036 4890 tatus
2064 4848 2168 4891 cst.
2202 4838 2298 4893 libi
2329 4854 2459 4891 vero
2489 4853 2545 4892 se
2568 4838 2776 4909 judicio
2803 4853 2990 4892 eorum
3018 4837 3441 4891 condemnatum

1886 4944 2008 4982 esse
2065 4930 2365 4997 comperit,
2417 4930 2497 4984 ira
2550 4931 2824 4998 percitus,
2876 4930 3274 4984 excandescere
3334 4944 3446 4982 non

1889 5022 2073 5083 desiit,
2107 5032 2161 5086 et
2195 5021 2303 5075 illis
2335 5035 2393 5074 se
2424 5021 2565 5074 mala
2608 5022 2787 5074 omnia
2821 5020 3091 5075 facturum
3124 5036 3240 5074 esse
3272 5020 3448 5073 mina-

1892 5122 1978 5164 tus
2012 5121 2115 5164 est.
2151 5114 2216 5163 At
2252 5112 2326 5164 illi
2376 5112 2553 5165 minas
2597 5112 2717 5180 ejus
2761 5112 2895 5164 nihil
2934 5111 3149 5173 morati,
3186 5110 3239 5163 in
3276 5110 3445 5173 solos,

1892 5216 1951 5255 ut
1980 5205 2187 5255 dic-tum
2219 5213 2323 5265 est,
2363 5219 2579 5255 rursum
2612 5204 2763 5256 locos
2793 5218 2849 5256 se
2886 5210 3232 5270 receperunt.
3268 5200 3451 5253 Theo-

1894 5297 2074 5363 philus
2127 5306 2311 5347 autem
2363 5296 2526 5348 homo
2580 5294 3111 5356 vehementissimus,
3154 5291 3299 5360 quod
3346 5292 3451 5344 im-

1892 5404 2019 5459 petu
2056 5390 2294 5457 quodam
2344 5388 2601 5448 ferretur,
2641 5386 2921 5439 insidiosis
2962 5384 3203 5437 consiliis
3246 5381 3450 5435 adoriri

1890 5495 1986 5535 eos
2041 5480 2380 5533 constituit:
2421 5488 2475 5532 et
2543 5478 2725 5531 odisse
2772 5477 2936 5529 etiam
2984 5474 3206 5527 fratrem
3259 5487 3451 5527 eorum

1894 5576 2211 5629 Dzoscorum
2242 5574 2427 5641 carpit,
2456 5588 2613 5639 quem
2636 5568 2946 5637 llermopoli
2968 5567 3285 5635 episcopum
3312 5579 3454 5633 prae-

1894 5666 2120 5717 fecerat.
2164 5662 2390 5715 Dolebat
2442 5660 2649 5712 homini
2694 5658 3015 5727 plurimum,
3058 5651 3448 5707 monachorum

1894 5754 2373 5827 priestantissimos
2404 5766 2653 5820 quosque
2699 5750 2806 5802 illis
2845 5748 3044 5810 lavere,
3087 5755 3451 5812 magnumque

1896 5862 2153 5921 prmstare
2203 5852 2464 5901 honorem
2500 5864 2511 5901 :
2550 5857 2662 5899 tum
2711 5854 2892 5896 autem
2929 5846 2986 5895 et
3020 5837 3148 5892 illud
3186 5839 3239 5888 in
3271 5834 3450 5887 animo
