4248 6446
765 428 871 492 957

1991 411 2405 471 NlCEPHORI
2443 408 2782 470 CALLlSTl

3893 384 4001 448 963

764 543 1171 605 considerabat,
1219 540 1360 595 nihil
1404 553 1461 592 se
1508 535 1620 589 illis
1665 528 1980 587 detrimenti
2029 529 2323 582 allaturum
2359 530 2441 588 At

2359 536 2401 588 Α
2431 525 2621 588 ϐωται,
2657 525 2751 576 καὶ
2795 521 3026 591 μάλιστα
3088 515 3368 586 Ὠριγένης
3406 511 3529 578 περὶ
3586 511 3775 560 τούτου
3801 507 4003 575 ἄριστα

769 654 916 703 esse,
934 636 1095 706 372
1120 635 1225 688 nisi
1252 630 1647 686 monachorum
1679 638 1900 677 manuni
1922 621 1988 675 ad
2015 620 2330 674 inimicitias

769 739 964 784 contra
1009 742 1104 781 eos
1143 721 1528 792 suscipiendas
1560 724 1950 773 commoveret.
1984 714 2063 767 Re
2096 713 2169 766 ita
2201 710 2334 764 deli-

771 821 995 881 berata,
1046 814 1380 886 ejuscemodi
1438 810 1874 865 comminiscitur
1921 807 2128 861 dolum.
2178 802 2333 869 Quod

774 926 1011 979 namque
1042 923 1184 976 sarpe
1219 923 1340 960 cum
1371 920 1436 959 eo
1467 905 1517 957 in
1551 900 1805 954 familiari
1839 897 2239 953 consuetudine
2265 895 2333 949 de

776 1004 888 1056 Deo
939 999 1200 1056 collocuti
1257 1005 1461 1061 essent,
1502 1004 1653 1050 certo
1702 995 1906 1047 sciebat
1953 1005 2048 1045 eos
2095 988 2330 1059 Opinari,

778 1097 948 1150 Deum
998 1095 1404 1161 incorporeum,
1438 1098 1494 1142 et
1528 1104 1556 1141 a
1605 1090 1775 1141 forma
1809 1097 1970 1153 atque
2006 1084 2189 1152 specie
2233 1082 2337 1133 hu-

782 1201 940 1238 mana
988 1198 1214 1252 prorsus
1265 1182 1500 1233 alienum
1555 1194 1673 1231 esse
1714 1197 1724 1230 :
1765 1175 1856 1244 qui
1904 1175 2051 1228 enim
2103 1175 2337 1226 humana

781 1277 953 1326 forma
985 1273 1054 1326 sit
1086 1287 1208 1323 eum
1240 1271 1404 1322 etiam
1445 1267 1828 1320 allectionibus
1872 1274 1926 1318 et
1973 1262 2340 1332 perpessioni-

784 1368 887 1419 bus
921 1364 1177 1418 humanis
1211 1361 1522 1414 necessario
1567 1357 1866 1411 obnoxium
1907 1371 2030 1410 esse
2068 1356 2340 1417 scientes;

786 1459 838 1511 id
874 1456 1017 1524 quod
1053 1470 1082 1506 a
1116 1453 1396 1507 veteribus
1429 1449 1840 1504 accuratissime
1883 1459 1966 1501 eSt
2009 1448 2342 1516 disputatum

785 1559 956 1617 atque
991 1547 1295 1608 decretum,
1333 1549 1386 1596 et
1418 1541 1681 1610 Origenes
1713 1540 2051 1609 potissimum
2086 1537 2344 1606 pulcher-

788 1643 926 1693 rime
959 1642 1059 1691 hoc
1089 1636 1362 1690 tractavit.
1398 1634 1453 1688 lu
1482 1650 1586 1701 qua
1616 1633 1885 1686 sententia
1915 1647 2038 1684 cum
2063 1629 2343 1698 Theophi-

789 1735 875 1789 lus
904 1732 1139 1785 maxime
1182 1738 1352 1789 esset,
1390 1736 1444 1780 et
1479 1727 1668 1780 ulcisci
1713 1735 1890 1778 tamen
1934 1725 2081 1777 viros
2112 1738 2207 1776 eos
2239 1731 2349 1774 sta—

794 1824 1008 1886 tuisset,
1043 1819 1210 1874 veluti
1262 1819 1497 1886 tempori
1555 1816 1883 1877 inserviens,
1924 1823 1981 1867 ut
2029 1828 2150 1882 qua:
2201 1819 2348 1864 recte

2432 616 2741 683 φιλοσοφῶν
2774 614 3107 679 διαγέγονεν.
3154 609 3217 659 Ἀ
3248 607 3310 674 δὴ
3345 605 3437 657 καὶ
3465 601 3830 670 διαφερόντως
3852 597 4008 660 δοξά-

2433 707 2542 771 ζων
2575 707 2717 776 μάλα
2766 705 3045 770 Θεόφιλος,
3102 696 3414 768 ἀμύνασθαι
3457 695 3501 747 δ’
3558 692 3830 763 ᾑρημένος
3878 692 4008 748 τοῦς

2433 802 2655 870 ἄνδρας,
2690 799 2763 860 ὡς
2802 796 3147 867 χρησάμενος
3179 792 3256 861 τῷ
3307 789 3511 860 καιρῷ,
3566 787 3895 854 ἀνατρέπειν
3940 783 4010 832 τά

2434 891 2615 953 καλῶς
2653 890 2803 957 αὖτῷ
2830 887 3130 954 δεδογμένα
3181 885 3281 935 οὐκ
3331 881 3569 949 ὤκνησε.
3613 878 3720 929 Καὶ
3767 876 3828 942 δὴ
3877 889 4013 937 συγ-

2436 983 2628 1053 κρούει
2657 982 2717 1032 τὸ
2772 978 2882 1030 τῶν
2950 975 3199 1046 μοναχῶν
3265 971 3519 1038 σύστημα
3573 967 3707 1034 πρὸς
3766 962 4007 1022 αὐτούς·

2440 1074 2782 1143 συναρπάζει
2815 1087 2871 1120 τε
2913 1068 3142 1127 πολλοὺς
3178 1063 3426 1122 ἐκείνων,
3462 1058 3660 1126 ἄνδρας
3716 1051 4012 1121 ἀκεραίους

2442 1169 2539 1238 μὲν
2587 1166 2675 1217 τὸν
2719 1163 2863 1242 βίον,⁵
2899 1159 3112 1218 ἰδιώτας
3147 1156 3203 1207 δὲ
3239 1153 3433 1212 ἄλλως,
3466 1153 3560 1202 καὶ
3594 1149 3720 1208 τοὺς
3755 1145 4010 1201 πλείονας

2441 1237 2878 1328 ἀγραμμάτους·
2921 1255 3014 1304 καὶ
3056 1249 3364 1318 γράμματα
3416 1245 3649 1309 πέμπων
3684 1242 3792 1298 τοῖς
3844 1239 3900 1288 ὲν
3945 1237 4012 1300 τῇ

2442 1353 2634 1420 ἐρήμῳ
2691 1345 3070 1415 άσκητηρίοις,
3122 1342 3197 1411 μὴ
3245 1340 3358 1391 δεῖν
3418 1333 3702 1387 πείθεσθαι
3741 1330 4018 1394 Διοσκόρω

2441 1448 2536 1499 καὶ
2584 1446 2696 1506 τοῖς
2736 1441 2983 1508 ἀδελφοῖς
3046 1438 3340 1505 εἰσηγεῖτο,
3377 1430 3668 1498 ἀσώματον
3720 1424 4018 1494 διαρρήδην

2445 1541 2537 1592 τὸν
2567 1535 2700 1588 Θεὸν
2757 1528 3200 1600 δογματίζουσιν.
3245 1526 3303 1577 '0
3336 1525 3446 1592 γὰρ
3477 1519 3631 1583 Θεὸς,
3685 1518 3759 1579 ὡς
3801 1518 3834 1584 ὴ
3903 1513 4021 1566 θεῖα

2445 1629 2597 1696 λέγει
2627 1624 2842 1696 Γραφὴ,
2893 1622 2989 1674 καὶ⁵
3050 1617 3362 1688 ὀφθαλμοὺς
3420 1616 3555 1684 ἔχει,
3585 1611 3680 1664 καὶ
3727 1605 3867 1668 ὦτα,
3925 1608 4022 1656 καὶ

2448 1721 2658 1788 χεῖρας,
2681 1716 2774 1767 καὶ
2798 1713 2984 1776 πόδας,
3041 1711 3135 1763 καὶ
3162 1709 3230 1762 τὰ
3274 1707 3458 1768 λοιπά,
3506 1703 3648 1756 καθὰ
3687 1701 3784 1754 καὶ
3829 1701 3879 1753 οἱ
3927 1698 4024 1751 ἄν·

2451 1809 2678 1878 θρωποι.
2710 1803 2779 1857 Οἴ
2814 1819 2878 1870 γε
2920 1801 3025 1871 μὴν
3057 1800 3182 1870 περὶ
3213 1796 3505 1864 Διόσκορον
3557 1794 3683 1857 ξένα
3716 1793 3840 1844 τινὰ
3873 1791 4028 1857 εἰση-

795 1914 1136 1981 opinaretur,
1165 1915 1457 1971 everteret,
1495 1922 1657 1973 grave
1692 1904 1793 1958 sibi
1825 1918 1945 1957 esse
1977 1918 2086 1955 non
2117 1900 2347 1970 putavit.
2382 1869 2421 1924 θ
2452 1917 2472 1967 γ

2346 1869 2421 1948 κθ
2452 1869 2710 1967 γοῦνται,
2777 1869 2872 1948 καὶ
2922 1869 3261 1963 -βλάσφημον
3318 1888 3497 1956 δόγμα
3559 1883 4023 1953 νεωτερίζουσιν,

795 2005 982 2071 itaque
1013 1999 1403 2053 monachorum
1431 1998 1645 2050 turbam
1679 1995 1940 2048 adversus
1964 2007 2059 2046 eos
2091 1992 2346 2044 concitat.

797 2096 855 2148 Et
904 2094 1102 2146 multos
1133 2107 1196 2143 ex
1231 2091 1310 2142 cis
1341 2089 1405 2140 ad
1445 2103 1501 2141 se
1535 2088 1694 2154 rapit,
1736 2086 1880 2137 viros
1930 2082 2174 2136 moribus
2220 2080 2353 2132 sim-

799 2187 969 2254 plices
1011 2193 1063 2236 et
1096 2182 1312 2242 idiotas,
1347 2180 1530 2249 plures
1567 2178 1726 2230 etiam
1765 2177 2075 2228 illiteratus.
2111 2173 2178 2226 Et
2209 2172 2355 2224 litte-

799 2295 887 2331 ras
908 2277 973 2329 ad
1000 2273 1324 2328 monaSLeria
1349 2273 1402 2324 in
1425 2270 1721 2324 solitudine
1768 2267 2015 2325 mittens,
2035 2280 2142 2317 non
2164 2279 2357 2331 paren-

799 2370 930 2422 dum
965 2382 1085 2420 esse
1113 2365 1372 2418 Dioscoro
1417 2373 1470 2414 et
1512 2360 1778 2413 fratribus
1817 2359 1955 2426 ejus,
1985 2354 2130 2423 quod
2173 2361 2359 2421 aperte

803 2458 971 2510 Deum
1003 2457 1388 2522 incorporeum
1420 2468 1544 2505 esse
1573 2452 1955 2518 Opinarcntur,
1982 2445 2189 2500 docuit.
2222 2444 2361 2496 Deus

806 2562 1061 2616 namque,
1099 2546 1299 2613 inquit,
1335 2545 1493 2596 sicuti
1543 2542 1727 2593 divina
1777 2539 2061 2606 Scriptura
2109 2543 2360 2597 testatur,

806 2651 859 2694 et
888 2639 1077 2691 oculos
1108 2637 1291 2695 habet,
1325 2643 1381 2687 et
1438 2641 1622 2695 aures,
1656 2646 1851 2683 manus
1876 2668 1891 2692 ,
1919 2628 2084 2697 pedes
2105 2666 2118 2689 ,
2150 2633 2206 2678 et
2235 2625 2361 2685 alia,

811 2732 972 2784 sicuti
1004 2740 1058 2782 et
1104 2729 1375 2788 homines,
1422 2725 1683 2777 membra.
1730 2722 2022 2774 Dioscorus
2069 2727 2275 2777 autem,
2312 2725 2367 2767 et

809 2824 928 2891 ejus
975 2828 1294 2877 sectatores,
1325 2830 1527 2867 novum
1575 2813 1851 2881 quoddam
1895 2819 1950 2862 et
1992 2807 2366 2874 blasphemum

813 2915 1006 2980 degma
1048 2911 1306 2969 afferunt,
1340 2907 1630 2975 Ori'gencm
1679 2903 1849 2956 secuti
1886 2919 1898 2954 :
1931 2914 2109 2966 neque
2153 2911 2366 2957 manus,

820 3019 999 3070 neque
1036 3002 1224 3070 pedes,
1258 3013 1433 3066 neque
1465 2995 1608 3049 aliud
1641 2993 1938 3062 quidquam
1971 2991 2138 3043 Deum
2172 2988 2370 3040 habere

816 3104 1215 3150 asseverantes.
1252 3091 1373 3144 “ac
1405 3090 1484 3143 sic
1513 3087 1797 3145 cavillans,
1831 3083 2130 3137 monachos
2172 3081 2371 3133 multos

2465 1991 2732 2060 Ὠριγένει
2767 1988 3025 2056 ἑπόμενοι
3051 2001 3064 2015 ·
3093 1986 3228 2054 μήτε
3264 1985 3474 2051 χεῖρας,
3501 1981 3638 2049 μήτε
3669 1978 3856 2037 πόδας,
3897 1972 4027 2042 μήτ’

2453 2081 2580 2135 ἄλλο
2604 2095 2655 2130 τι
2677 2078 2737 2130 τὸ
2762 2076 2904 2128 Θεϊον
2940 2075 3084 2143 ἔχειν
3122 2071 3545 2140 ἰσχυριζόμενοι.
3607 2066 3795 2120 Ταῦτα
3824 2065 3889 2132 δὴ
3945 2080 4032 2113 σο-

2457 2174 2774 2244 φιζόμενος,
2814 2171 2939 2231 τοὺς
2975 2167 3202 2226 πολλοὺς
3242 2168 3322 2225 εἰς
3359 2164 3474 2229 ἔριν
3504 2159 3676 2228 ἀνῆψε
3706 2157 3814 2209 τῶν
3867 2173 4035 2224 μονα-

2459 2267 2588 2336 χῶν,
2625 2266 2718 2316 καὶ
2753 2263 2941 2323 στάσις
2971 2258 3194 2327 ἐκράτει
3227 2255 3393 2324 πολλή
3429 2272 3444 2288 ο
3477 2255 3570 2306 καὶ
3613 2253 3715 2305 οὐκ
3756 2253 3811 2303 ἐν
3839 2249 4033 2316 κόσμῳ

2459 2357 2598 2426 πρὸς
2627 2353 2889 2421 ἀλλήλους
2922 2350 3020 2412 τὰς
3048 2347 3312 2411 διαλέξεις
3350 2344 3686 2410 ποιούμενοι,
3742 2341 3896 2401 τέλος
3952 2342 4035 2401 εἰς

2461 2447 2647 2516 ὕϐρεις
2678 2444 3022 2497 καθίσταντο.
3050 2441 3112 2493 Ui
3165 2439 3266 2506 μὲν
3314 2433 3406 2491 οὖν
3450 2433 3894 2504 γεγυμνασμένοι
3939 2431 4036 2482 τὸν

2464 2537 2588 2588 νοῦν
2647 2535 2742 2587 καὶ
2812 2533 3232 2600 πεπυκνωμένοι
3283 2530 3351 2582 τὰ
3396 2530 3745 2597 αισθητήρια,
3799 2525 3922 2578 οὔτε
3967 2529 4038 2593 τῇ

2465 2626 2729 2691 Θεοφίλου
2767 2623 3052 2693 σοφιστείᾳ
3081 2622 3411 2693 ἡρπάζοντο,
3441 2623 3534 2672 καὶ
3569 2615 3682 2680 τοῖς
3715 2619 3843 2686 περὶ
3879 2618 4044 2667 Διόσ-

2472 2733 2632 2784 κορον
2689 2716 2764 2776 ὡς
2793 2714 2970 2775 καλῶς
3003 2714 3251 2779 λέγουσιν
3287 2713 3527 2774 εἵποντο,
3554 2711 3651 2762 ιω
3681 2710 3787 2779 πρὸ
3811 2711 4043 2760 ἐκείνων

2471 2808 2707 2876 μάλιστα
2749 2803 3129 2871 Ὠριγένειοοῑ
3174 2801 3229 2853 δέ
3283 2817 3345 2868 γε
3393 2798 3660 2866 ἁπλότητι
3716 2797 4041 2859 διαζῶντες,

2469 2900 2560 2952 καὶ
2596 2897 2799 2964 θερμὸν
2834 2895 2950 2965 μὲν,
2985 2895 3046 2946 οὐ
3075 2893 3182 2962 μὴν
3233 2894 3356 2945 κατ’
3381 2892 3678 2958 ἐπίγνωσιν
3714 2890 3879 2957 ζῆλον
3941 2889 4048 2940 αὖ·

2470 2986 2714 3061 χοῦντες,
2776 2989 2910 3058 πρὸς
2967 2986 3232 3057 ἀλλήλους
3279 2984 3783 3054 παρατριὸόμενοι,
3825 2984 4052 3052 ἐρεσχε-

2469 3085 2690 3143 λοῦντες
2721 3076 2884 3152 ἦσαν,
2934 3081 3027 3132 καὶ
3073 3078 3150 3139 ὡς
3209 3076 3544 3137 άσεῦοῦντας
3593 3075 3722 3136 τοὺς
3777 3074 4053 3139 ἀδελφοὺς

816 3192 881 3241 ait
926 3187 1330 3240 contentionem
1383 3181 1663 3242 excitavit,
1698 3187 1752 3231 et
1793 3176 1989 3230 seditio
2032 3176 2220 3244 ingens
2251 3181 2370 3226 orta
2401 3175 2493 3263 cli

2401 3208 2443 3263 ε
2472 3174 2740 3243 διέσυρον.
2778 3173 2938 3223 Ὅσοι
2975 3169 3076 3238 μὲν
3105 3165 3198 3222 οὖν
3227 3168 3472 3237 Θεοφίλῳ
3508 3167 3860 3236 προσέκειντο
3900 3167 4054 3234 Ὠρι-

815 3290 900 3335 est
935 3298 948 3332 :
985 3293 1284 3348 parumque
1332 3275 1528 3327 decore
1562 3288 1591 3324 a
1626 3266 2087 3338 disputationibus
2130 3265 2272 3317 inter
2314 3275 2372 3316 se

820 3373 1057 3442 agitatis.
1099 3380 1372 3438 postremo
1406 3366 1470 3417 ad
1509 3361 1868 3417 contumelias
1912 3371 2232 3428 pervenere.
2276 3356 2374 3408 At-

825 3481 931 3534 que
962 3462 1212 3530 equidem
1251 3461 1343 3527 qui
1378 3467 1613 3510 mentem
1643 3452 1996 3506 exercitatam
2031 3461 2084 3502 et
2112 3461 2374 3501 sensuum

826 3556 992 3611 robur
1040 3553 1262 3626 densius
1310 3548 1661 3606 obtinebant,
1694 3541 1983 3609 Theophili
2033 3538 2376 3591 cavillatione

825 3660 933 3697 non
973 3643 1364 3694 movebantur:
1401 3651 1452 3691 ct
1479 3638 1733 3688 Dioscoro
1761 3643 1906 3685 recte
1931 3631 2208 3693 sentienti,
2238 3640 2294 3682 ct
2323 3629 2378 3682 in

825 3736 1017 3806 primis
1046 3731 1266 3800 Οὐκέοηί
1309 3729 1679 3782 adhaerebant.
1716 3726 1816 3787 Qui
1851 3738 1981 3775 vero
2018 3721 2381 3790 simpliciores

826 3835 1003 3884 erant,
1053 3833 1108 3877 et
1152 3824 1465 3890 flagrantem
1518 3818 1763 3885 quidem,
1813 3815 1904 3866 sed
1939 3827 2046 3865 non
2079 3811 2379 3864 secundum

828 3919 1136 3975 scientiam,
1176 3917 1350 3967 zelum
1396 3912 1694 3978 spirabant,
1729 3907 2106 3960 conflictantes
2147 3907 2287 3956 inter
2324 3918 2382 3956 se

833 4011 1202 4079 nugabautur,
1251 4017 1306 4058 et
1353 4006 1545 4056 fratres
1585 4002 1708 4053 illos
1756 4010 2013 4066 tanquam
2060 3995 2224 4064 impie
2262 4008 2386 4046 sen-

834 4105 1034 4154 tientes
1065 4097 1510 4168 proscindebant.
1546 4092 1620 4144 Ita
1654 4093 1878 4152 factum,
1912 4098 1971 4140 ut
2006 4088 2194 4156 ingens
2223 4089 2384 4139 Asce-

836 4197 903 4248 tis
939 4196 1082 4246 inter
1117 4206 1174 4244 se
1219 4187 1581 4241 intercederet
1617 4183 1929 4235 dissidium.
1961 4180 2062 4244 Qui
2094 4177 2383 4244 Theophili

836 4284 1072 4352 partium
1129 4286 1316 4339 erant,
1366 4273 1704 4342 Origenistas
1759 4272 1895 4322 alios
1944 4268 2232 4320 vocabant.
2285 4265 2388 4328 Qui

837 4383 1017 4425 autem
1073 4371 1240 4421 Deum
1290 4367 1707 4433 incorporeum,
1757 4371 1812 4413 et
1859 4377 1886 4410 υ
1937 4359 2110 4411 forma
2155 4358 2384 4410 alienum

836 4478 957 4515 esse
985 4459 1316 4519 statuebant,
1339 4470 1432 4508 eos
1453 4454 1544 4521 qui
1571 4469 1596 4504 a
1620 4449 1922 4518 'l'heophilo
1944 4447 2203 4500 concitati
2231 4447 2388 4498 aliter

2480 3265 2798 3335 γενειαστὰς
2824 3265 2951 3324 τοὺς
2984 3261 3177 3321 ἄλλους
3208 3261 3443 3313 ἐκάλουν
3474 3277 3488 3292 ’
3547 3261 3663 3312 ὅσοι
3709 3259 3767 3310 δὲ
3823 3258 4056 3325 ἀσώμα-

2480 3375 2569 3409 τον
2625 3355 2684 3406 τδ
2740 3353 2882 3405 θεῖον
2935 3351 3192 3420 ὡρίζοντο
3247 3347 3392 3404 εἷναι
3442 3351 3537 3402 καὶ
3589 3351 4052 3418 ἀσχημάτιστον,

2494 3444 3112 3515 Ἀνθρωπομορφιανοὺς
3136 3444 3259 3505 τοὺς
3307 3441 3722 3511 ὲρεθιζομένους
3777 3440 3882 3491 ὑπὸ
3923 3439 4058 3490 Θεο-

2484 3542 2637 3610 φίλου
2665 3539 2760 3591 καὶ
2783 3537 3042 3590 τάναντία
3082 3535 3412 3604 φρονοῦντας
3447 3534 3751 3602 ὠνόμαζον.
3789 3534 3899 3585 Καὶ
3961 3549 4060 3599 με·-

2486 3632 2615 3696 ταξὺ
2667 3631 2778 3682 τῶν
2834 3629 3083 3697 μοναχῶν
3139 3628 3376 3695 πόλεμος
3431 3626 3695 3688 ἄσπονδος
3747 3625 4058 3695 ἀνερράγη,

2489 3723 2842 3793 παρατριῦἦς
2897 3723 2959 3773 οὐ
3004 3721 3243 3789 σμικρᾶς
3285 3699 3598 3787 γινομένης,
3670 3719 3759 3779 Ὠς
3819 3717 3864 3769 δ’
3917 3720 4060 3783 ἔγνω

2486 3816 2739 3884 Θεόφιλος
2771 3816 2852 3875 εις
2876 3813 3036 3882 ἔργον
3064 3812 3214 3881 αὑτῷ
3253 3812 3340 3863 τδν
3362 3811 3562 3863 σκοπὸν
3595 3812 4059 3880 προχωρήσαντσ,

2491 3911 2586 3961 σὺν
2615 3906 2793 3974 πολλῷ
2826 3907 3022 3973 πλήθει
3056 3904 3152 3956 καὶ
3210 3906 3470 3973 στρατιᾶς
3504 3904 3795 3971 ἑπομένης,
3858 3903 3918 3953 τὸ
3959 3905 4061 3968 τῆς

2489 3999 2716 4068 Νιτρίας
2737 3996 3155 4063 κατελάμϐανεν
3186 3995 3330 4063 ὅρος,
3362 3995 3493 4047 ἔνθα
3546 3995 3783 4062 μάλιστα
3833 3995 4061 4046 πλεῖστα

2491 4087 2631 4158 ἦσαν
2660 4091 2730 4141 τὰ
2786 4087 3126 4155 μοναστήρια
3160 4101 3173 4115 ο
3235 4088 3326 4136 καὶ
3364 4085 3574 4146 ὁπλίζει
3617 4085 3683 4135 τὰ
3741 4085 3908 4151 στίφη
3953 4086 4062 4134 τῶν

2495 4179 2744 4250 μοναχῶν
2770 4178 2910 4230 κατά
2931 4193 2988 4228 τε
3015 4177 3306 4245 Διοσκόρου
3336 4176 3431 4228 καὶ
3454 4176 3564 4226 τῶν
3589 4175 3754 4227 αὑτοῦ
3777 4175 4024 4242 ἀδελφῶν
4048 4189 4061 4201 ·

2493 4275 2587 4322 καὶ
2643 4271 2752 4339 πῦρ
2799 4271 3035 4331 ἐνιέντες
3091 4269 3166 4336 τῷ
3219 4268 3565 4336 μοναστηρξῳ
3619 4267 3862 4328 ἐκείνων,
3908 4268 4065 4319 πάντ’

2496 4364 2688 4430 ἁθρόον
2718 4361 2964 4428 δαπάνην
2995 4359 3160 4412 αὑτοῦ
3215 4357 3516 4409 ἐποιοῦντο.
3553 4357 3614 4408 0!
3643 4357 3700 4409 δὲ
3758 4360 3852 4408 καὶ
3911 4359 4068 4408 αὐτοὶ

2498 4457 2556 4506 ὲν
2584 4453 2696 4523 χρῷ
2733 4453 2976 4504 κινδύνου
3001 4453 3302 4519 γενόμενοι,
3348 4448 3502 4517 μόλις
3531 4448 3733 4515 γυμνοὶ
3753 4449 3864 4499 τῶν
3900 4451 4071 4515 φρεά-

837 4555 1226 4621 Opinabantur,
1296 4543 1935 4612 Anthropomorphianos
2015 4539 2384 4591 nominabant.
2424 4541 2514 4594 De

2424 4541 2462 4590 Π
2489 4561 2595 4595 των
2629 4543 3008 4612 ἀναθορόντες,
3037 4542 3127 4594 τὸν
3183 4541 3324 4609 ὑπὲρ
3366 4539 3608 4607 κεφαλῆς
3662 4540 3912 4590 κίνδυνον
3961 4541 4070 4590 δέ·

842 4649 916 4699 lta
974 4646 1116 4697 inter
1165 4639 1461 4693 monachos
1511 4652 1614 4689 non
1664 4649 1830 4702 parvo
1871 4630 2128 4686 conflictu
2177 4643 2387 4693 exorto,

842 4737 1183 4805 implacabile
1239 4735 1436 4786 bellum
1481 4732 1814 4785 concitatum
1893 4736 1998 4780 est.

2496 4635 2753 4703 δρασκον.

2079 4724 2236 4793 373
2283 4725 2620 4794 Theophilus
2671 4729 2765 4782 ubi
2816 4729 3106 4782 consilium
3180 4744 3340 4782 suum
3388 4729 3495 4782 sibi
3540 4726 3838 4781 succedere
3914 4728 4068 4787 vidit,

842 4847 1036 4897 magna
1080 4828 1450 4887 multitudine,
1493 4823 1759 4876 militibus
1801 4820 1968 4873 etiam
2007 4818 2492 4885 consequentibus,
2555 4834 2796 4876 montem
2861 4823 3070 4883 Nitriae,
3102 4823 3190 4874 ubi
3254 4821 3485 4889 plurima
3512 4831 3670 4874 erant
3715 4823 4071 4880 monasteria,

841 4930 1090 4988 occupat,
1120 4930 1176 4973 et
1204 4919 1601 4971 monachorum
1631 4925 1875 4968 catenas
1939 4910 2198 4962 adxersus
2259 4911 2578 4963 Dioscorum
2623 4921 2678 4966 et
2719 4914 2914 4967 fratres
2982 4915 3101 4983 ejus
3150 4915 3318 4966 armis
3366 4912 3637 4965 instruit:
3711 4913 3944 4979 igneque
3998 4929 4072 4962 iu-

836 5017 984 5084 ,ἱεθιυ
1041 5015 1431 5066 IllonaSlcrium
1489 5025 1677 5063 eorum
1738 5005 2009 5065 incendii.
2068 5012 2118 5053 ﬁt
2174 5018 2399 5070 prorsus
2440 5013 2646 5058 vastat.
2715 5009 2891 5073 Atque
2931 5007 3007 5058 illi
3081 5008 3135 5059 in
3175 5022 3447 5060 Summum
3483 5004 3782 5059 discrimen
3814 5003 4070 5071 conjec“,

847 5113 931 5163 vix
980 5111 1194 5162 tandem
1248 5107 1377 5160 nudi
1433 5121 1495 5158 ex
1547 5104 1747 5171 puteis,
1781 5114 1888 5168 quo
1943 5111 2000 5150 se
2053 5097 2396 5159 abdiderant,
2437 5098 2755 5166 evadentes,
2790 5100 2984 5168 capitis
3012 5099 3316 5168 periculum
3349 5099 3677 5166 eﬂugerunt.

1436 5219 1656 5274 CAPUT
1695 5217 1786 5271 XI.

849 5318 911 5373 Ut
959 5317 1148 5386 fratres
1205 5312 1367 5386 Longi
1416 5319 1624 5386 propter
1670 5307 1975 5386 iiiitriicities
2023 5302 2291 5386 T/tcopliif'i‘
2346 5318 2398 5354 se

916 5374 1106 5440 Jorntni
1150 5374 1533 5450 conjunxe'rint’.
1577 5380 1708 5431 Item
1759 5379 1820 5428 dc
1866 5376 2088 5433 Isidoro,
2138 5387 2191 5424 ut
2238 5374 2398 5425 'l'lu'o-

916 5458 1056 5525 plnlo
1099 5458 1163 5508 sit
1210 5445 1551 5505 adversatus:
1597 5460 1642 5502 et
1687 5459 1738 5499 ut
1784 5450 2015 5514 Augusta
2059 5461 2143 5495 eos
2193 5445 2403 5510 benigne

915 5531 1214 5591 susceperit.

921 5639 1044 5692 llaac
1101 5641 1154 5690 in
1208 5636 1435 5704 zEbypto
1488 5635 1815 5702 agebantur,
1874 5641 1927 5683 et
1974 5629 2238 5683 Joannem
2289 5639 2402 5682 tum

852 5733 1110 5789 latebant,
1143 5731 1245 5796 qui
1279 5729 1543 5781 docti-inte
1582 5725 1903 5779 incumbens
1953 5721 2183 5774 maxime
2228 5722 2408 5775 enite‘

853 5828 964 5886 bat,
997 5833 1217 5891 propter
1265 5820 1694 5874 consentientem
1740 5820 1982 5871 oumium
2013 5814 2078 5867 de
2108 5829 2172 5866 eo
2201 5812 2398 5868 famam

3093 5219 3344 5270 ΚΕΦΑΛ.
3380 5215 3479 5270 IA'.

2516 5310 2607 5372 Ὡς
2640 5313 2693 5361 οἱ
2735 5310 2957 5374 Many-01
2998 5308 3073 5372 τῷ
3113 5311 3364 5373 Ἰωάννῃ
3398 5305 3771 5374 προσῆλθον,
3808 5309 4075 5372 Θεοφίλῳ

2578 5381 3048 5454 ἀπεχθανόμενοι
3074 5396 3085 5407 ·
3142 5382 3235 5454 kal
3274 5381 3404 5446 περὶ
3453 5377 3783 5454 ’[σιδώροιὶ,
3837 5379 3917 5439 ὡς
3951 5375 4079 5426 δια-

2576 5467 2758 5515 φορος
2791 5452 3059 5513 Θεοφίλῳ
3095 5449 3352 5514 κατέστη
3379 5465 3390 5476 °
3428 5449 3522 5500 mil
3545 5449 3618 5511 ὡς
3657 5448 3694 5510 ἠ
3720 5447 4078 5509 βασίλισσα

2577 5521 2797 5580 αὐτοὺς
2836 5519 3006 5583 ἠξίου
3032 5516 3364 5585 ἀναὸοχής.

2586 5631 2695 5681 Καὶ
2755 5633 2890 5682 κατὰ
2953 5631 3051 5698 μὲν
3106 5632 3379 5697 Αἴγυπτον
3433 5630 3605 5682 ταῦτα
3675 5630 3942 5696 γινόμενα
3988 5627 4080 5678 τὸν

2521 5724 2770 5790 Ἰωάννην
2808 5722 2937 5783 τέως
2978 5724 3262 5775 ἐλάνθανον
3305 5737 3317 5750 ⁸
3356 5724 3562 5781 ἐκεῖνος
3613 5721 3671 5772 δὲ
3727 5722 3908 5772 άνυών
3961 5721 4077 5780 ταῖς

2508 5815 2884 5878 διδασκαλίαις
2920 5817 3156 5884 μάλιστα
3184 5815 3430 5882 διετέλει,
3470 5814 3795 5883 περιίδητος
3827 5815 4076 5866 άπανῑιι-
