4248 6446
311 420 420 487 973

1210 406 2245 478 ECCLTS]ASTICE‘IIISTORLE
2293 407 2433 474 LlB.
2477 412 2641 475 Xlll.

3442 431 3457 443 ·
3472 401 3575 471 9⁵ῑᾷ

309 534 579 591 fratribus
608 533 721 587 suis
751 531 817 587 ad
847 545 966 587 eam
1012 530 1063 584 in
1109 528 1191 581 rizt
1222 531 1480 594 accessit,
1514 529 1885 600 Theophilum
1929 536 2153 599 propter
2184 525 2419 596 injurias
2482 523 2564 577 eis
2627 522 2897 579 insidiose
2930 515 3109 580 illatas
3141 521 3444 579 accusavit.
3484 521 3575 578 Illa

311 638 495 682 autem
529 626 620 680 tibi
655 628 842 693 inique
868 640 991 679 cum
1020 626 1099 678 eis
1140 632 1325 679 aetum
1382 638 1504 678 esse
1533 625 1727 688 sensit,
1760 624 2027 677 honorem
2054 621 2198 687 _viris
2238 619 2535 683 exhibens,

1740 736 1756 769 ι
1801 716 2277 777 BenediCtionem.
2324 715 2520 783 inquit,
2572 713 2735 768 nobis
2782 712 3083 784 impertite,
3148 725 3203 770 et
3245 715 3414 769 Deum
3480 731 3580 784 pro

309 738 481 778 curru
527 722 889 792 prespiciens,
937 721 1115 789 capite
1184 722 1262 773 eis
1299 718 1494 772 annuit
1578 727 1653 780 et.

2614 616 2888 683 constitit,
2976 626 3141 687 atque
3193 634 3257 673 ex
3304 617 3576 687 imperiali

312 818 650 886 imperatore
697 812 799 885 (l),
835 822 891 869 et
930 829 1037 879 me,
1084 813 1389 881 liberisque
1438 814 1666 877 nostris,
1716 827 1890 867 orate.
1934 811 2045 880 Ego
2090 824 2222 865 vero
2265 824 2427 879 quam
2475 808 2769 863 celerrime
2813 808 3042 873 curabo,
3111 820 3169 864 ut
3237 804 3581 881 Theophilus

312 910 402 967 hic
442 920 646 983 praesto
685 908 777 965 sit.
809 927 828 961 ι
860 907 984 963 Haec
1031 917 1335 979 postquam,
1374 907 1461 962 illa
1503 908 1662 970 dixit,
1699 908 1929 963 ulterius
1969 906 2263 976 processit.

910 1024 1161 1079 ΚΕΦΑΛ.
1200 1021 1301 1077 IB'.

310 1121 413 1190 Ὠς
465 1121 757 1188 Θεόφιλος
813 1121 960 1172 κατὰ
1022 1118 1310 1172 Ἰωάννου
1371 1119 1729 1188 γενόμενος,
1795 1121 1892 1171 καὶ

396 1191 753 1259 Ἐπιφάνιον
803 1191 913 1241 τόν
948 1190 1191 1255 Κύπρου
1253 1191 1895 1258 προσεταιρισάμενος,

385 1265 459 1318 τὰ
481 1258 683 1329 πρῶτα
714 1259 930 1327 ἐκείνῳ
977 1260 1267 1327 διάφορος
1304 1258 1409 1323 ὢν,
1451 1260 1531 1325 ὠς
1577 1261 1897 1328 Ὠριγενιη-

387 1336 549 1398 στὴν
589 1331 695 1384 τὸν
748 1329 1044 1399 Ἰωάννην
1099 1332 1378 1391 διέϐαλε,
1437 1329 1535 1382 καὶ
1590 1331 1898 1394 συνόδους

387 1404 576 1461 ἐποίει
608 1401 949 1467 ἀθετούσιις
974 1402 1046 1454 τὰ
1069 1401 1410 1470 Ὤριγένους
1440 1401 1895 1470 συγγράμματα,

400 1474 692 1540 Ἰωάννην
727 1474 827 1526 καὶ
860 1471 1006 1535 τοὺς
1031 1469 1315 1540 Μακροὺς
1340 1469 1527 1538 δῆθεν
1551 1470 1900 1539 ὲπαιτιώμε·

385 1566 512 1612 νος.

386 1666 552 1733 Φήμη
576 1661 632 1716 δὲ
663 1659 867 1730 ψευδὴς
898 1659 1001 1713 ἀνά
1029 1658 1129 1726 τὴν
1185 1656 1597 1728 ’Δλεξάνδρειαν
1648 1658 1900 1724 ἔφθανεν,

314 1758 501 1825 ὼςιίη
540 1757 798 1824 Ἰωάννης
851 1754 948 1807 καὶ
1002 1752 1327 1822 μυστηρίων
1377 1752 1563 1814 αὐτοῖς
1616 1751 1903 1820 μεταδοὺς,

317 1848 689 1919 ἐπικουρῆσαί
719 1865 777 1901 τε
803 1845 1209 1915 διανοούμενος.
1252 1843 1513 1913 Θεόφιλος
1541 1846 1597 1897 δὲ
1649 1849 1904 1909 παντοῖος

315 1939 408 2014 ἦν,
434 1943 496 1996 οὐ
531 1942 695 2012 μόνον
719 1939 1040 2008 ἀμύνασθαι
1067 1939 1196 2001 τοὺς
1228 1940 1357 2007 περὶ
1414 1941 1731 2009 Διόσκορον,
1785 1939 1904 1993 ἀλλ’

319 2038 375 2092 εῐ
404 2054 465 2104 γε
523 2033 768 2098 δύναιτο,
800 2034 898 2087 καὶ
950 2031 1114 2086 αὐτὸν
1168 2030 1424 2104 Ἰωάννην
1458 2034 1557 2103 τῆς
1600 2036 1905 2105 ἐπισκοπῆς

321 2130 597 2182 καθελεῖν.
624 2122 974 2196 Ἐνόομυχῶν
1027 2125 1085 2179 δὲ
1155 2125 1329 2179 ταῦτα
1380 2125 1473 2179 καὶ
1532 2128 1904 2192 συσκευάζων,

321 2224 437 2284 τοῖς
466 2222 610 2274 κατὰ
658 2219 843 2280 πόλεις
898 2218 1225 2279 ἐπισκόποις
1277 2217 1588 2285 ἐπέστελλε,
1645 2222 1905 2288 κρύπτων

326 2315 429 2383 μὲν
457 2316 558 2380 τὴν
590 2311 778 2376 ὠδῖνα,
809 2312 921 2373 τοῖς
952 2311 1337 2380 Ὠριγένουςδὲ
1382 2309 1611 2380 βιϐλίοις
1657 2312 1900 2382 ἐπιμεμ-

322 2406 561 2476 φόμενος
588 2422 603 2438 ·
632 2402 716 2472 οἷς
753 2405 817 2473 δὴ
851 2405 987 2476 πρὸς
1020 2403 1187 2458 αὑτοῦ
1215 2408 1241 2457 ὁ
1261 2405 1565 2467 πολύαθλος
1589 2407 1908 2471 Ἀθανάσιος
1940 2391 1977 2443 θ

321 2499 424 2565 τῆς
466 2497 676 2560 οἰκείας
704 2497 941 2559 πίστεως
970 2497 1052 2559 είς
1084 2496 1346 2550 σύστασιν
1376 2500 1727 2567 ἀπεχρήσατο
1754 2500 1906 2552 πλει-

325 2592 522 2656 στάκις
554 2593 741 2655 ἐντνῖς
767 2592 1227 2662 κατὰἋρειανῶν
1257 2589 1407 2661 αὐτῷ
1448 2591 1729 2661 πονηθεῖσι
1777 2609 1909 2660 συγ-

324 2684 648 2753 γράμμασι.
696 2682 1075 2749 Λογισάμενος
1112 2681 1169 2735 δὲ
1218 2680 1354 2734 πολύ
1393 2699 1447 2734 τι
1512 2686 1782 2735 συνοὲσειν
1831 2684 1910 2752 τῷ

328 2775 681 2846 προκειμένῳ
704 2775 914 2843 σκοπῷ,
946 2774 995 2827 εἰ
1013 2774 1108 2826 καὶ
1132 2773 1455 2841 Ἐπιφάνιον
1483 2775 1576 2850 τὸν
1593 2776 1910 2844 Σαλαμίνης

324 2869 427 2937 τῆς
455 2867 684 2935 Κύπρου
715 2866 1020 2920 ἐπίσκοπον
1054 2866 1193 2936 πρὸς
1221 2865 1512 2919 κοινωνίαν
1543 2864 1639 2935 τῆς
1672 2866 1910 2936 σπουδῆς

328 2962 685 3033 ἑταιρίσοιτο,
710 2961 1040 3030 περιϐόητον
1067 2960 1235 3030 ἄνδρα
1262 2959 1373 3014 τῶν
1405 2961 1525 3014 κατ’
1573 2959 1758 3028 αὐτὸν,
1790 2962 1912 3014 ἐπί-

329 3054 511 3125 σημόν
549 3071 609 3107 τε
665 3054 767 3124 βίῳ
826 3055 919 3107 καὶ
979 3054 1120 3106 αἰδοῖ
1176 3054 1379 3123 ἀρετῆς
1426 3054 1909 3123 λαμπρυνόμενον,

328 3148 496 3212 εὐθὺς
526 3147 778 3216 πέμψας,
812 3147 965 3216 φίλον
986 3164 1047 3200 τε
1076 3147 1334 3209 ἐποιεῖτο,
1382 3148 1586 3217 καίπερ
1616 3150 1685 3201 τὰ
1717 3148 1913 3219 πρῶτα

328 3239 508 3309 τούτῳ
541 3239 963 3308 διαφερόμενος,
994 3238 1069 3302 ὡς
1119 3240 1595 3311 ἀνθρωπόμορφον
1655 3242 1715 3295 τὸ
1756 3243 1913 3297 Θεῖον

326 3331 614 3397 δοξάζοντι
649 3346 662 3359 ·
690 3332 811 3384 τότε
836 3330 882 3383 δ’
905 3330 982 3394 ὡς
1009 3332 1072 3384 ὲκ
1102 3333 1393 3402 μετανοίας
1418 3336 1514 3403 τήν
1548 3334 1716 3404 ὀρθήν
1750 3338 1914 3407 ὲσχη.

326 3424 445 3487 κὼς
468 3421 652 3489 δόξαν,
681 3425 942 3493 όμόφρων
963 3424 1129 3494 δῆθεν
1154 3425 1303 3496 αὐτῷ
1347 3426 1727 3498 καθειστήκει.
1757 3429 1915 3485 Οὕτω

329 3517 514 3570 τοίνυν
548 3516 688 3586 ἔχων
717 3515 999 3585 Θεόφιλος,
1036 3519 1132 3571 καῖ⁵
1158 3517 1511 3583 διατωθάζων
1537 3522 1664 3584 τοὺς
1697 3522 1913 3593 ἀνθρω-

333 3612 623 3680 πόμορφον
651 3611 712 3663 τὸ
735 3611 892 3664 Θεῖον
912 3610 1256 3677 δοξάζοντας,
1287 3611 1371 3666 διὰ
1402 3614 1503 3680 τὴν
1536 3614 1672 3680 πρὸς
1694 3614 1915 3683 ἑτέρους

329 3704 632 3771 ἀπέχθειαν
657 3701 733 3773 τῷ
768 3705 1081 3772 φαινομένῳ
1111 3706 1409 3774 παρῃτεῖτο
1435 3702 1470 3757 ἃ
1499 3704 1743 3769 ἐδόξαζε.
1780 3706 1912 3760 Τότε

330 3790 377 3844 δ’
407 3788 523 3856 οὖν,
554 3792 627 3853 ὡς
665 3793 908 3862 εἴρηται.
949 3793 1106 3861 φίλον
1157 3796 1396 3862 ποιήσας
1447 3796 1537 3847 τὸν
1571 3792 1913 3863 Ἐπιφάνιον,

329 3884 664 3953 ὁμοφρονεϊν
730 3888 1116 3949 προσεποιεῖτο
1180 3890 1301 3948 ταῖς
1358 3890 1486 3958 περὶ
1544 3889 1682 3942 Θεοῦ
1737 3892 1918 3955 δόξαις

329 3976 483 4046 αὐτῷ
509 3994 523 4007 ·
552 3976 843 4047 παρεκίνει
874 3994 932 4030 τε
964 3976 1180 4042 τοῦτον,
1208 3980 1289 4041 εις
1320 3982 1419 4047 τὴν
1448 3980 1559 4033 τῶν
1602 3982 1917 4052 Ὠριγένςυς

332 4069 536 4139 βίϐλων
558 4069 835 4139 διαϐολὴν,
872 4070 949 4133 ὠς
982 4070 1173 4124 αἰτίων
1197 4067 1361 4143 δῆθεν
1381 4075 1669 4143 δογμάτων
1701 4075 1920 4144 διεφθο-

334 4162 529 4232 ρότων.
570 4162 890 4230 Ἐπιφάνιος
923 4162 967 4216 δ’
997 4164 1239 4217 ἔκπαλαι
1270 4165 1526 4235 ἀπεχθῶς
1563 4170 1675 4229 τοῖς
1703 4168 1916 4237 Ὠριγέο

334 4273 460 4317 νους
484 4257 627 4325 ἔχων
661 4258 1126 4326 συγγράμμασιν,
1155 4258 1360 4320 ἁπλοῦς
1385 4276 1443 4311 τε
1492 4260 1589 4324 ὢν,
1638 4262 1735 4313 καὶ
1773 4262 1920 4332 ἄκρᾳ

330 4348 597 4417 εὐλαϐείᾳ
615 4346 819 4411 συζῶν,
841 4348 1017 4419 ῥᾷστα
1036 4351 1103 4418 τῇ
1124 4349 1386 4416 Θεοφίλου
1406 4352 1612 4421 σπουδῇ
1640 4353 1917 4419 πειθήνιος

328 4434 401 4510 ἦν
435 4453 453 4471 ο
492 4436 589 4491 καὶ
625 4436 754 4498 τοὺς
782 4437 840 4487 ὲν
864 4435 1097 4506 Κύπρῳ.
1126 4436 1462 4501 ἐπισκόπους
1527 4440 1689 4502 εὐθὺς
1734 4440 1918 4509 ἀθροί-

331 4548 458 4595 σας,
490 4530 804 4600 ἀπηγόρευε
838 4530 937 4601 τὴν
963 4528 1071 4582 τῶν
1100 4530 1420 4602 Ὠριγένους
1459 4533 1637 4600 λόγων
1676 4535 1919 4601 ἀνάγνω-

332 4639 423 4675 σιν
453 4637 469 4653 ο
489 4622 583 4674 καὶ
614 4621 683 4674 τὰ
700 4622 767 4690 τῇ
792 4620 995 4691 συνόδῳ
1013 4620 1362 4691 ἐγνωσμένα,
1386 4619 1570 4687 ἄλλοις
1596 4640 1656 4676 τε
1680 4624 1915 4694 ἔπεμπε,

330 4718 431 4771 καὶ⁵
460 4714 539 4785 τῷ
576 4715 675 4781 τῆς
707 4713 1126 4768 Κωνσταντίνου
1176 4714 1445 4785 ἀρχιερεῖ.
1477 4715 1566 4767 Ἐν
1604 4711 1686 4779 οἷς
1730 4719 1917 4770 κάκεῖ-

330 4825 426 4862 νον
460 4808 865 4876 προύτρέπετο,
918 4804 1138 4858 σύνοδόν
1190 4823 1249 4858 τε
1309 4812 1509 4871 ποιεῖν,
1555 4809 1647 4861 καὶ
1711 4810 1777 4862 τὰ
1828 4813 1917 4864 ίσα

332 4901 481 4957 κατά
505 4900 618 4951 τῶν
658 4897 975 4969 Ὠριγένους
1031 4899 1208 4966 λόγων
1260 4899 1620 4970 ψηφίζεσθαι,
1677 4905 1771 4955 καὶ
1821 4904 1916 4958 τοῦ

331 4992 528 5048 λοιποῦ
554 4992 600 5044 δ’
629 4974 1006 5062 ἀπαγορεύειν
1031 4992 1101 5044 τὰ
1148 4992 1459 5063 Ὧριγένους
1522 4996 1917 5063 ἀναγινώσκειν

2603 1018 2829 1073 CAPUT
2878 1016 2990 1075 ΧΠ.

2006 1110 2069 1165 Ut
2128 1116 2435 1181 Theophilus
2476 1112 2671 1167 Joanui
2718 1115 3033 1175 adversam.
3081 1130 3137 1166 ac
3180 1117 3231 1166 in
3289 1117 3585 1171 amicitiam

2078 1183 2364 1253 Epiphanii
2387 1184 2570 1254 Cyprii
2587 1186 2833 1252 episcopi,
2849 1187 2941 1236 cu"
2957 1195 3107 1237 "utea
3126 1185 3298 1253 fuerat
3319 1189 3583 1253 inimicus,

2075 1256 2451 1320 insinuaverit,
2520 1264 2569 1308 et
2609 1254 2873 1308 Joannem
2917 1267 3177 1326 tanquam
3230 1254 3586 1326 Origem’otant

2078 1342 2172 1393 per
2227 1326 2547 1397 calumniam
2615 1326 2893 1394 arguerit.
2952 1326 3287 1397 synodosque
3336 1332 3584 1393 coegerit,

2075 1411 2191 1463 qum
2219 1395 2455 1465 Origenis
2490 1397 2687 1465 scripta
2722 1396 3081 1456 abolet-erunt,
3113 1398 3164 1449 in
3198 1395 3295 1450 hoc
3336 1408 3391 1451 ut
3419 1400 3587 1453 Joan-

2078 1483 2192 1518 nem
2225 1477 2273 1519 et
2305 1467 2506 1537 Longos
2535 1467 2875 1519 criminando
2909 1467 3229 1523 traduceret.

2081 1649 2244 1705 Fama
2281 1640 2409 1706 vero
2437 1642 2568 1705 falsa
2596 1642 2985 1707 Alexandriam
3018 1653 3291 1723 pervenit,
3322 1653 3591 1711 Joannem

2008 1762 2135 1802 cum
2172 1745 2284 1800 illis
2338 1747 2603 1818 mysteria
2652 1749 3119 1813 communicasse,
3178 1766 3452 1821 opemque
3484 1752 3593 1806 illis

2007 1842 2152 1895 ferre
2182 1839 2558 1894 constituisse.
2594 1837 2764 1903 Porro
2795 1832 3138 1912 Theophilus
3169 1845 3321 1899 'varia
3380 1846 3434 1899 in
3466 1848 3590 1899 ani-

2010 1947 2098 1985 tuo
2121 1931 2363 2002 agitabat
2394 1932 2647 1995 consilia,
2690 1945 2747 1988 ut
2778 1950 2889 1991 non
2928 1930 3108 1990 solum
3164 1929 3490 1993 Dioscorum
3538 1952 3595 1995 et

2008 2040 2302 2091 germanos
2334 2025 2455 2094 ejus
2486 2026 2872 2093 ulcisceretur,
2896 2046 3086 2084 rerum
3115 2032 3281 2087 etiam
3299 2032 3596 2105 Joannem,

2010 2122 2054 2174 si
2092 2119 2209 2173 ﬁeri
2266 2128 2477 2188 posset,
2536 2120 2862 2190 episcopatu
2914 2123 3199 2193 dejicerel.
3239 2128 3418 2197 Atque
3480 2127 3597 2184 haec

2010 2228 2196 2266 secum
2232 2214 2347 2281 ipse
2379 2215 2577 2267 tacitus
2605 2214 2857 2281 volvens,
2900 2226 2957 2271 et
3022 2217 3291 2273 insidiose
3340 2222 3595 2283 moliens.

2012 2305 2076 2359 ad
2103 2306 2318 2358 urbium
2369 2306 2760 2377 plerarumque
2813 2310 3103 2378 episcopos
3140 2313 3386 2381 scripsit,
3417 2318 3599 2370 eousi‘

2016 2397 2146 2449 lium
2181 2398 2400 2465 quidem
2427 2398 2573 2467 quod
2607 2400 2947 2467 parturiebut
2984 2403 3270 2458 occultans
3302 2407 3595 2478 :Origenis

2016 2500 2200 2544 autem
2264 2490 2422 2544 libris
2482 2491 2782 2558 insultans,
2840 2494 3044 2562 quibus
3118 2498 3454 2554 Athanasius
3509 2502 3599 2555 ille

2016 2583 2317 2637 multorum
2349 2586 2716 2639 certaminum
2748 2586 2927 2641 victor
2962 2599 3089 2643 aute
3129 2607 3252 2645 eum
3310 2596 3375 2646 ad
3440 2594 3596 2648 (idem

2017 2688 2171 2730 suam
2244 2678 2737 2745 comprobandum,
2802 2680 2857 2733 in
2920 2680 3405 2740 lucubrationibus
3481 2689 3599 2743 suis

2017 2766 2285 2823 adversus
2350 2764 2583 2825 Arianos
2647 2762 2814 2827 editis
2865 2789 3249 2844 saepenumero
3312 2790 3397 2835 est
3444 2798 3595 2838 usus.

2019 2860 2313 2931 Postquam
2330 2872 2513 2917 autem
2543 2854 2596 2918 ei
2623 2863 2677 2918 in
2701 2877 2939 2920 tuentem
2963 2870 3132 2933 venit,
3166 2872 3397 2927 multum
3417 2886 3600 2945 empto

2018 2966 2119 3004 suo
2154 2952 2507 3020 profuturum
2536 2968 2683 3018 esse,
2709 2954 2752 3009 si
2784 2956 3151 3026 Epiphanium
3190 2960 3483 3019 Salaminis
3520 2969 3598 3037 (ἓ)

2019 3043 2073 3097 ἰη
2095 3043 2278 3114 Cypro
2308 3045 2628 3116 episcopum
2689 3048 2755 3103 ad
2807 3061 3039 3108 conatus
3096 3057 3220 3125 ejus
3270 3060 3598 3114 sociclulcm

2019 3136 2126 3191 sibi
2167 3139 2487 3201 asciscerct.
2513 3142 2691 3196 aetatis
2724 3159 2838 3197 sua:
2886 3161 3147 3214 perquam
3185 3151 3482 3214 celebrent,
3513 3155 3597 3207 ri-

2021 3240 2185 3302 taque
2227 3233 2549 3301 prteclarum
2586 3246 2643 3291 et
2668 3238 2898 3293 virtutis
2933 3244 3238 3297 reverentia
3290 3259 3596 3315 spectatum

2021 3326 2222 3389 vitum,
2254 3327 2435 3380 statim
2464 3327 2533 3382 ad
2563 3342 2693 3383 eum
2716 3332 2890 3394 misit,
2922 3333 3140 3404 sibique
3171 3339 3407 3392 amicum
3446 3342 3597 3411 fecit,

2022 3434 2148 3471 cum
2180 3420 2403 3488 quidem
2449 3421 2658 3477 dudum
2712 3423 2782 3477 ab
2834 3420 2929 3481 illo
2968 3424 3341 3495 dissensisset,
3412 3443 3604 3505 utpote

1980 3536 1983 3537 ν
2024 3511 2118 3579 qui
2153 3512 2323 3565 Deum
2368 3511 2610 3567 humana
2652 3514 2829 3569 forma
2884 3532 3007 3573 esse
3060 3522 3423 3590 opinaretur,
3484 3537 3600 3581 tum

2022 3613 2228 3666 autem.
2285 3605 2452 3659 veluti
2494 3621 2593 3675 per
2652 3612 3033 3676 pmnitetttiatn
3080 3614 3196 3683 ipse
3258 3617 3602 3691 Theophilus

2026 3704 2227 3749 rectam
2262 3698 2585 3766 complexus
2619 3711 2767 3753 esset
2803 3706 3155 3767 sententiam.
3191 3708 3513 3782 suilragalor
3550 3717 3601 3770 ei

2020 3797 2104 3839 est
2147 3788 2345 3843 factus.
2394 3792 2466 3844 Ea
2512 3793 2724 3848 scilicet
2761 3808 2944 3851 mente
2977 3799 3319 3870 Theophilus
3355 3806 3479 3869 fuit,
3543 3822 3603 3863 ut

2021 3883 2114 3945 qui
2169 3881 2467 3935 humanam
2545 3887 2780 3940 formam
2846 3889 2956 3943 Deo
3016 3893 3321 3950 tribuentes
3373 3900 3600 3963 rideret.

2021 3984 2249 4041 propter
2297 3978 2668 4035 quorumdam
2743 3980 3061 4039 inimicitias
3125 3991 3370 4045 aversari
3423 4008 3482 4046 se
3538 4010 3601 4049 ea

2020 4077 2143 4131 qua:
2198 4073 2349 4120 recte
2383 4067 2735 4135 opinaretur,
2783 4073 3248 4142 signiﬁcationem
3284 4098 3383 4151 per
3413 4084 3601 4140 fucum

2020 4155 2086 4208 de
2110 4173 2167 4211 se
2193 4160 2465 4226 praeberet
2493 4162 2595 4231 (‘5).
2629 4164 2768 4219 Tum
2804 4166 2970 4235 igitur
2994 4174 3458 4240 quemadmodum
3486 4181 3603 4235 dic-

2023 4259 2135 4302 tum
2175 4261 2277 4314 est,
2310 4253 2401 4306 tibi
2464 4253 2832 4325 Epiphanium
2888 4264 3127 4319 amicum
3178 4268 3282 4322 sibi
3344 4274 3599 4339 reddidit,

2021 4344 2336 4399 consentire
2362 4346 2411 4399 ei
2445 4364 2503 4402 se
2562 4349 2614 4402 in
2663 4351 2926 4419 opinione
2958 4354 3025 4408 de
3089 4357 3197 4413 Deo
3230 4363 3598 4427 assitnulavit.

2019 4436 2388 4506 eumdemque
2444 4440 2511 4493 ad
2571 4443 2840 4499 librorum
2890 4446 3142 4518 Origenis
3198 4458 3596 4515 calumniosatu

2020 4531 2481 4599 suggillationem,
2511 4536 2739 4603 perinde
2769 4548 2933 4608 atque
2956 4557 3250 4609 pravorum
3279 4546 3598 4619 dogmatnnt

2020 4637 2200 4678 causa:
2225 4634 2437 4689 essent,
2478 4627 2749 4683 incitavit.
2782 4631 2945 4702 377
2991 4633 3336 4705 Epiphanius
3387 4656 3597 4709 autem,

2020 4716 2113 4783 qui
2147 4716 2355 4771 dudum
2380 4718 2639 4791 Origenis
2678 4725 2881 4792 scripta
2938 4742 3101 4781 exosa
3154 4731 3410 4796 habebnt,
3450 4742 3593 4806 quod

2021 4808 2252 4876 simplex
2307 4820 2474 4876 esset,
2535 4824 2592 4870 et
2652 4816 2705 4868 in
2751 4832 2965 4871 summa
3024 4822 3292 4891 religione
3346 4829 3593 4897 viveret,

2022 4900 2281 4955 facillime
2311 4904 2543 4971 pedibus
2576 4907 2631 4960 in
2666 4908 2959 4978 Theophili
3014 4920 3349 4974 sententiam
3383 4922 3497 4977 ivit.
3530 4926 3599 4980 Et

2020 4995 2170 5051 illico
2199 5000 2475 5070 episcopis
2512 5001 2564 5054 in
2594 5002 2772 5073 Cypro
2822 5011 3187 5078 congregatis,
3241 5014 3492 5086 Origeuis
3526 5022 3596 5075 lio

334 5089 545 5160 βιόλία.
612 5086 878 5154 Θεόφιλος
921 5083 979 5139 δὲ
1040 5086 1134 5138 τὸν
1200 5088 1531 5157 περιϐόητον
1593 5088 1977 5157 Ἐπιφάνιονι

1980 5106 1997 5154 ›
2029 5090 2251 5144 brorum
2275 5093 2567 5147 lectionem
2602 5096 2785 5151 edicto
2822 5097 3082 5156 inhibuit.
3151 5105 3215 5159 Et
3244 5083 3436 5177 synodi
3473 5113 3595 5183 ejus

335 5180 718 5250 συναρπάσας,
759 5177 988 5240 πολλοὺς
1027 5179 1321 5241 ἐπαινέτας
1351 5174 1563 5250 ἔχοντα,
1596 5184 1687 5234 καὶ
1725 5182 1812 5237 διὰ
1855 5184 1915 5236 τὸ

336 5273 529 5341 περιὸν
557 5271 653 5323 τοῦ
674 5270 817 5339 βίου,
848 5269 984 5339 ὅπερ
1001 5266 1068 5322 ἂν
1095 5270 1341 5341 φρονοίη,
1369 5269 1913 5342 δοξάζοντας,παραο

334 5364 547 5432 πλήσια
578 5362 673 5415 καὶ
705 5360 1064 5423 αὐτοὺςτοὺς
1093 5358 1185 5414 ὑπ’
1213 5362 1378 5415 αὐτὸν
1426 5364 1763 5427 ἐπισκόπους
1793 5382 1916 5417 συν-

334 5455 589 5525 αγαγὼν,
634 5453 933 5524 ἐψηφίζετο
965 5470 979 5485 ο
1016 5455 1111 5507 καὶ
1171 5456 1392 5525 μακρὰν
1446 5454 1681 5510 ἐποιεῖτο
1729 5458 1915 5511 διαϐο-

335 5549 457 5617 λὴν,
499 5548 811 5616 Ὠριγένους
843 5545 945 5619 ήδη
998 5545 1105 5618 πρὸ
1144 5546 1436 5602 διακοσίων
1475 5549 1615 5601 ἑτῶν
1660 5549 1919 5621 τελευτήι

412 5729 491 5799 (1)
521 5728 589 5783 Ει
613 5746 712 5799 pro
758 5727 989 5799 imperio
1030 5729 1294 5782 Romano.
1346 5728 1556 5783 Sozam.

412 5797 870 5926 (igﬂottstantnu.
904 5797 1052 5853 Socr.
1089 5799 1177 5853 Sic
1217 5802 1364 5855 enim
1417 5818 1633 5870 quoque
1665 5819 1727 5857 ea
1780 5807 1911 5859 urbs

338 5887 418 5928 es:
502 5883 622 5927 icta.

2022 5183 2305 5239 decretum
2346 5202 2469 5239 cum
2505 5188 2569 5241 ad
2607 5189 2745 5244 alios
2779 5195 3001 5260 multos,
3039 5208 3151 5251 tum
3206 5201 3273 5253 ad
3318 5200 3595 5263 Constan-

2027 5276 2449 5345 tinOpolitanum
2485 5281 2789 5335 antistitem
2826 5284 2976 5340 misit
3031 5305 3045 5340 :
3077 5304 3237 5357 quem
3273 5294 3437 5346 etiam
3470 5296 3599 5348 hor-

2027 5381 2171 5423 tatus
2193 5380 2295 5434 est,
2327 5380 2383 5423 ut
2414 5376 2621 5441 synodo
2651 5389 2858 5438 coacta.
2885 5380 3027 5433 idem
3074 5381 3141 5435 de
3170 5382 3427 5453 Origenis
3459 5391 3597 5444 serio

2026 5464 2137 5530 ptis
2168 5472 2455 5527 Statucret,
2490 5479 2553 5520 ac
2587 5464 2852 5535 deinceps
2881 5471 2985 5524 sibi
3008 5473 3106 5542 ipsi
3143 5491 3334 5530 eorum
3359 5479 3595 5537 lectione

2028 5554 2405 5619 interdiceret.
2449 5556 2810 5628 Theophilus,
2849 5563 2940 5616 ubi
2968 5563 3596 5637 Epiphaniumhmultos

2030 5735 2172 5860 H(2'))
2232 5736 2385 5791 Socr.
2415 5739 2507 5793 lib.
2540 5757 2611 5803 VI,
2657 5758 2775 5813 cap.
2824 5744 2907 5799 lO.
2942 5747 3160 5809 Sszotn,
3190 5752 3282 5807 lib.
3316 5771 3433 5821 Viti,
3472 5773 3592 5826 εισι).
