4248 6446
282 434 390 499 977

1209 442 1816 503 E(‘CLESlASTlC.E
1858 442 2243 501 Hlb'l'OliLE
2283 444 2419 501 LIB.
2459 442 2625 502 XllI‘.

3450 434 3563 497 πει

281 546 359 609 ὡς
387 546 581 617 ἔτυχεν
610 548 979 620 ἀπορρίπτειν
1029 550 1126 614 τὰς
1176 551 1285 603 τῶν
1331 536 1728 624 ἀρχαιοτέρων
1754 569 1869 620 συγ⁴

1910 552 1960 612 Α
1987 549 2168 605 verbis
2198 566 2367 620 prope
2397 550 2775 621 perstringens
2811 565 2826 604 :
2873 568 2891 600 ι
2936 549 3068 619 Ego.
3124 548 3325 619 inquit,
3373 562 3405 602 o
3436 548 3561 618 Epi-

275 632 507 709 τγραφάς
545 640 815 711 αίροῦμαι
842 660 856 674 ·
908 642 1262 713 βλασφημίας
1297 645 1407 715 γὰρ
1447 646 1547 699 οὐκ
1588 646 1744 709 ἐκτὸς
1770 645 1869 717 τὴν

285 733 516 788 ὶκείνων
548 735 731 806 κρίσιν
756 736 1066 803 ἐκϐάλλειν,
1105 738 1202 792 καὶ
1231 738 1302 791 τὰ
1333 738 1514 802 καλῶς
1548 736 1779 802 ἐκείνοις
1807 755 1867 792 τε

285 828 382 879 καὶ
423 826 503 896 τῷ
552 830 733 899 χρᾶνῳ
782 829 1166 899 δοκιμασθέντ’
1215 831 1428 885 ἀθετεῖν
1480 832 1540 884 ού
1578 832 1670 900 μοὶ
1719 833 1870 885 δοκεῖ

290 919 588 985 σωφρόνων
618 915 783 975 εἶναι.
825 940 843 973 ι
886 921 1070 975 Ταῦτα
1112 923 1311 990 λέγων,
1355 924 1446 977 καί
1488 941 1540 976 τι
1578 925 1686 976 τῶν
1724 925 1868 994 Ὠρι-

284 1012 481 1079 γένους
524 1015 981 1085 συγγραμμάτων
1035 1017 1119 1079 είς
1161 1016 1327 1085 μέσον
1376 1016 1622 1084 προῆγε·
1654 1016 1748 1070 καὶ
1795 1019 1871 1079 ὡς

286 1103 561 1170 ἀναγκαῖα
593 1105 691 1157 καὶ
715 1105 953 1174 χρειώδη
1007 1107 1191 1159 ικεῖνα
1227 1108 1347 1168 ταῖς
1380 1105 1699 1175 ἐκκλησίαις
1732 1106 1870 1158 ἀπο-

285 1196 494 1262 δείξας,
522 1216 541 1249 ι
582 1200 845 1261 Ἄτοπον,
878 1198 1056 1262 ἔλεγε,
1087 1203 1427 1270 πράττουσιν
1459 1198 1510 1252 οἳ
1556 1199 1727 1252 ταῦτα
1758 1200 1871 1252 δια-

289 1290 509 1343 ϐάλλειν
544 1292 993 1362 ἔπιτηδεύουσιν·
1036 1294 1097 1346 ού
1149 1294 1327 1347 ταῦτα
1383 1295 1515 1365 γὰρ,
1562 1295 1696 1346 ἀλλά
1747 1295 1872 1363 περὶ

289 1376 367 1435 ὧν
392 1383 439 1435 oi
463 1382 612 1450 λόγοι
648 1384 1025 1438 κινδυνεύουσι
1055 1386 1435 1456 καΊυερίξειν.
1475 1406 1493 1438 ι
1538 1388 1596 1441 Ὀ
1623 1388 1875 1441 δὲίωάν·

289 1470 392 1544 νης
448 1475 523 1545 μὴ
556 1476 918 1545 μεμψάμενος
957 1477 1315 1546 Ἐπιφάνιον,
1349 1474 1431 1542 οἷς
1484 1478 1619 1549 παρ’
1653 1480 1873 1548 ὶνορίαν

289 1568 636 1635 χειροτονίαν
681 1567 880 1631 ἐποίει,
911 1567 981 1622 δι’
1010 1569 1193 1633 αἰδοῦς
1224 1565 1327 1640 ἦγε
1361 1570 1453 1623 τὸν
1485 1571 1674 1640 ἄνδρα,
1704 1587 1875 1640 παρε-

294 1658 453 1713 κάλει
497 1677 559 1712 τε
608 1662 1101 1732 συνεκκλησιάζειν
1153 1664 1324 1733 αὐτῷ,
1378 1666 1475 1719 καὶ
1525 1666 1572 1717 εἰ
1634 1664 1875 1731 βούλοιτο

295 1754 596 1805 συνοικεῖν.
638 1751 699 1806 Ὀ
752 1752 807 1805 δὲ
845 1756 941 1807 καὶ
989 1756 1277 1824 ἀμφότερα
1326 1760 1649 1829 παρῃτεῖτο,
1702 1760 1749 1809 εί
1800 1757 1875 1828 μὴ

298 1844 568 1914 πρότερον
596 1845 692 1898 καὶ
737 1848 903 1911 αὐτὸς
941 1849 1139 1919 ἐπίσης
1174 1848 1282 1902 τῶν
1323 1850 1635 1919 Ὠριγὲνους
1674 1850 1876 1920 βίϐλων

1977 642 2170 711 phani,
2199 642 2352 697 nefas
2373 659 2494 698 esse
2549 650 2707 713 puto,
2739 642 3078 696 contumelia
3106 654 3205 696 eos
3233 641 3328 711 qui
3350 639 3558 695 dudum

1978 744 2105 789 sunt
2137 734 2361 801 mortui,
2401 733 2617 791 allicere
2653 752 2666 788 :
2701 749 2883 805 neque
2926 734 2999 789 ita
3055 742 3266 789 temere
3291 733 3560 789 vetustio-

1978 846 2101 882 rum
2134 828 2338 897 scripta
2372 828 2679 899 ahjicieuda
2709 843 2929 883 censeo.
2958 826 3120 881 Extra
3156 826 3558 897 blasphemiam

1977 923 2123 976 enim
2151 938 2261 977 non
2292 930 2377 977 est
2401 923 2675 993 judicium
2715 924 2934 978 illorum
2981 923 3323 993 proculcare,
3352 932 3409 978 et
3441 936 3561 991 quas

1980 1016 2083 1067 rite.
2119 1025 2284 1085 atque
2317 1016 2513 1071 ordine
2567 1015 2636 1070 ab
2682 1017 2761 1070 eis
2795 1027 3021 1082 statuta,
3072 1025 3130 1071 et
3160 1012 3405 1085 tempore
3442 1015 3563 1085 ipso

1979 1109 2334 1176 comprobata
2366 1117 2515 1173 sunt,
2542 1108 2826 1180 abrogare,
2866 1109 3092 1163 minime
3143 1107 3281 1162 mihi
3343 1108 3562 1162 videtur

1982 1200 2334 1268 prudentium
2400 1200 2642 1255 virorum
2676 1216 2820 1256 esse.
2860 1221 2879 1253 ι
2908 1198 3046 1255 Cum
3074 1199 3231 1255 hisce
3270 1198 3458 1254 verbis
3481 1198 3562 1253 li-

1981 1292 2140 1346 brum
2175 1291 2467 1362 quemdam
2492 1292 2747 1362 Origenis
2782 1293 2836 1347 lu
2858 1292 3099 1347 medium
3155 1292 3437 1363 produxit,
3479 1298 3562 1343 at-

1981 1402 2089 1457 que
2125 1386 2217 1441 ubi
2250 1402 2413 1455 quam
2470 1386 2777 1441 necessaria
2813 1395 2869 1441 et
2916 1372 3072 1441 utilia
3106 1383 3362 1439 Ecclesiae
3396 1384 3450 1437 in
3497 1396 3566 1436 eo

1981 1489 2168 1533 essent
2217 1478 2480 1533 indicavit
2530 1497 2543 1533 :
2588 1498 2605 1530 ι
2644 1478 2922 1544 Absurde,
2969 1477 3132 1540 dixit,
3191 1475 3424 1536 faciunt,
3468 1472 3567 1541 qui

1984 1571 2097 1627 lzzec
2132 1572 2452 1626 calumniari
2480 1571 2741 1625 student:
2786 1585 2900 1624 non
2954 1570 3101 1623 enim
3171 1568 3289 1622 haec
3326 1573 3562 1623 tantum.

1985 1666 2079 1719 sed
2112 1680 2175 1719 ea
2202 1666 2369 1718 etiam
2400 1664 2468 1719 de
2502 1664 2704 1731 quibus
2733 1663 2786 1717 in
2831 1662 2990 1717 libris
3016 1667 3310 1723 tractatur,
3343 1658 3565 1729 perieu-

1983 1758 2098 1813 lose
2137 1758 2473 1813 contumelia
2504 1756 2718 1811 allicere
2746 1754 3028 1810 videntur.
3069 1773 3087 1806 ι
3144 1753 3385 1809 Joannes
3434 1752 3565 1822 Epi-

1984 1850 2274 1921 phanium,
2321 1849 2467 1918 quod
2503 1858 2659 1904 extra
2696 1846 2924 1903 ditionis
2956 1860 3069 1901 suae
3104 1844 3240 1900 llues
3270 1843 3564 1899 ordinandi

296 1936 769 2005 καταψηφίσηται,
802 1943 896 1993 καὶ
920 1942 1044 2003 τοὺς
1069 1942 1195 2009 περὶ
1220 1941 1511 2010 Διόσκορον
1540 1943 1640 2011 τῆς
1667 1944 1869 2006 πόλεως

1913 1925 1956 1985 Β
1987 1941 2326 2014 provinciam
2352 1941 2457 1996 sibi
2484 1948 2827 2012 usurpasset,
2871 1954 2980 1995 non
3010 1937 3393 2013 reprehendit,
3465 1936 3564 1991 sed

294 2022 569 2092 ἀπελάσῃ.
604 2025 709 2077 Τοῦ
743 2026 799 2077 δὲ
828 2028 1014 2096 κοινῆς
1050 2030 1418 2092 συνελεύσεως
1450 2031 1578 2084 ἄνευ
1622 2032 1876 2097 λέγοντος

298 2114 376 2182 μὴ
405 2113 514 2166 δεῖν
546 2109 686 2168 εἶναι
722 2122 998 2188 προπετές
1023 2136 1079 2173 τι
1120 2121 1275 2190 δρᾷν,
1307 2120 1403 2173 xal
1439 2121 1876 2190 ἀναϐαλλομένου

290 2207 395 2276 τὴν
435 2209 674 2277 αἴτησιν,
704 2210 753 2261 οἱ
787 2209 1245 2280 δυσμεναίνοντες
1277 2214 1503 2285 Ἰωάννῃ
1553 2216 1647 2267 ἐπὶ
1680 2216 1877 2286 έτέρχν

295 2300 496 2369 βουλὴν
553 2301 794 2371 μετῆγον
849 2303 941 2355 τὸν
995 2303 1335 2370 Ἐπιφάνιον.
1393 2305 1726 2373 Είσηγοῦντο
1785 2308 1879 2359 καὶ

294 2398 431 2466 γὰρ,
462 2395 766 2464 μελλούσης
799 2397 1072 2468 μεγίστης
1107 2398 1383 2462 συνάξεως
1408 2400 1668 2467 γενέσθαι
1698 2400 1788 2452 ἐπὶ
1813 2403 1876 2470 τῇ

295 2488 409 2541 τῶν
451 2489 795 2542 Ἀποστόλων
825 2489 1102 2560 ἐπωνύμῳ
1134 2491 1429 2563 ἐκκλησίᾳ,
1466 2494 1645 2545 ἐκεῖσε
1682 2494 1878 2561 προελ-

297 2583 412 2635 θεῖν
443 2584 675 2647 ἐκεῖνον,
714 2584 809 2637 καὶ
840 2583 1079 2653 δημοσίᾳ
1134 2584 1233 2653 μὲν
1260 2584 1566 2653 ὲκκηρῦξαι
1600 2586 1695 2647 τὰς
1743 2587 1881 2655 Ὦρι-

296 2676 493 2743 γένους
526 2675 769 2741 βίϐλους,
800 2676 883 2728 ἔτι
913 2676 969 2729 δὲ
998 2677 1093 2730 καὶ
1124 2678 1249 2740 τοὺς
1296 2678 1427 2747 περὶ
1456 2680 1768 2749 Διόσκορον,
1804 2679 1879 2741 ὡς

296 2767 367 2819 τὰ
398 2766 489 2820 In
516 2767 715 2837 ἐκείνῳ
747 2766 1154 2834 πρεσϐεύοντας
1176 2786 1189 2799 ’
1224 2769 1356 2838 πρὸς
1384 2770 1438 2822 δὲ
1468 2772 1562 2823 καὶ
1588 2773 1685 2840 τὴν
1706 2744 1882 2824 ίωάν-

298 2880 395 2917 νου
455 2861 712 2933 διασύραι
761 2862 919 2926 δόξαν
974 2864 1070 2917 καὶ
1122 2862 1419 2925 διαϐαλεῖν,
1456 2858 1543 2915 οἷα
1588 2864 1651 2933 δὴ
1697 2865 1880 2927 αὐτοῖς

296 2954 757 3024 προστιθεμένου.
793 2956 904 3007 Kal
932 2956 983 3007 οί
1020 2955 1122 3024 μὶν
1154 2957 1210 3007 ἐν
1255 2955 1469 3018 τούτοις
1502 2952 1641 3025 ἦσαν
1666 2974 1677 2985 ·
1707 2956 1880 3025 ᾤοντο

297 3049 342 3103 δ’
374 3048 539 3102 αὑτὸν
568 3048 713 3101 οὕτω
759 3048 894 3118 πρὸς
929 3042 989 3100 τδ
1035 3048 1240 3117 πλῆθος
1287 3048 1639 3119 συγκρούειν.
1680 3050 1786 3102 Kal
1817 3049 1881 3117 δὴ

296 3144 394 3196 ἐπὶ
450 3138 627 3212 τούτῳ
678 3141 964 3214 προελθὼν
1008 3141 1351 3211 Ἐπιφάνιος,
1404 3143 1572 3209 ἔγγὺς
1631 3142 1730 3212 ήδη
1784 3142 1881 3210 τῆς

299 3234 602 3304 ἐκκλησίας
658 3229 744 3306 ἦν.
790 3233 1041 3303 ’Υπήντα
1091 3233 1148 3286 δὲ
1213 3233 1362 3303 αὐτῷ
1417 3233 1704 3302 Σεραπίων
1746 3233 1881 3302 πρὸς

311 3327 566 3379 Ἰωάννου
594 3326 1040 3394 ἀπεσταλμένος*
1070 3326 1305 3379 ἐπύθετο
1339 3326 1448 3395 γὰρ
1492 3325 1561 3379 τὰ
1596 3324 1883 3395 βεϐουλευυ

304 3417 443 3483 μένα
472 3417 587 3476 τοῖς
623 3416 916 3483 πονηραῖςο
969 3414 1067 3466 καὶ
1117 3414 1466 3485 ἐμαρτύρετο
1510 3415 1637 3484 μήτ’
1683 3414 1883 3482 ἔννομα

299 3505 566 3571 πράττειν
626 3506 937 3573 αἱρεῖσθαι,
1006 3507 1144 3577 μήτε
1213 3510 1261 3561 oi
1327 3510 1477 3579 αὐτῷ
1539 3512 1878 3565 συνοίσοντα.

303 3614 323 3648 ι
372 3597 599 3667 Πρῶτον
632 3599 729 3668 μὲν
782 3599 910 3667 γὰρ,
943 3602 1136 3670 φησὶν,
1166 3603 1224 3653 ὲν
1250 3604 1372 3664 ταῖς
1402 3602 1497 3656 ὑπ’
1554 3603 1655 3672 ἐμὲ
1684 3602 1883 3674 ἐκκλη-

300 3690 448 3751 σίαις
480 3692 808 3759 χειροτονεῖν
838 3691 1005 3756 εἵλου,
1037 3691 1143 3762 ἰδίᾳ
1172 3693 1429 3763 αύθεντίᾳ
1455 3692 1529 3763 μὴ
1552 3694 1881 3763 προσταγεὶς

297 3782 706 3853 λειτουργήσας
730 3800 742 3812 ·
777 3786 1118 3853 προτραπείς
1150 3802 1207 3837 τε
1232 3784 1387 3848 αὖθις
1411 3788 1712 3848 κοινωιείν,
1740 3802 1882 3855 παρ-

301 3875 517 3946 ῃτήσω.
594 3874 706 3928 Καὶ
739 3875 855 3939 νῦν,
886 3875 960 3939 ὦς
989 3894 1052 3944 γε
1102 3878 1469 3947 πυνθάνομαι,
1502 3880 1682 3932 άτοπα
1709 3878 1882 3948 πράτ-

300 3984 418 4020 τειν
468 3968 685 4038 διανοῇ·
738 3969 1029 4036 φυλάττειν
1060 3968 1155 4022 οὖν
1189 3971 1329 4035 δέον,
1379 3974 1475 4040 μὴ.
1513 3972 1761 4032 στάσεως
1793 3972 1881 4025 ἐν·

297 4058 490 4113 τεῦθον
537 4060 616 4129 τῷ
666 4060 861 4129 πλήθει
904 4062 1307 4133 γεγενημένης,
1368 4063 1530 4125 αὐτὸς
1584 4065 1674 4115 τὸν
1738 4063 1882 4133 ὑπὲρ

302 4152 498 4206 τούτου
533 4152 782 4206 κίνδυνον
818 4154 1131 4225 ύποστήσῃ,
1164 4155 1336 4215 αἴτιος
1384 4155 1653 4226 τοσαύτης
1680 4156 1884 4226 συγχύ-

307 4264 448 4309 σεως
497 4246 763 4315 γεγονώς.
813 4266 833 4299 ι
897 4249 1007 4301 Kal
1038 4249 1063 4299 ὁ
1118 4247 1217 4313 μὲν
1262 4248 1608 4317 εὐλαϐηθεὶς,
1656 4249 1756 4318 τῆς
1790 4249 1884 4301 ἐπὶ

301 4338 464 4390 τοῦτο
501 4338 745 4408 ἀνεκόπη
776 4338 959 4409 ὁρμῆς
982 4353 996 4367 ·
1062 4341 1121 4392 ἐν
1172 4339 1346 4410 τούτῳ
1375 4340 1431 4392 δὲ
1486 4341 1707 4409 συνέϐη,
1743 4341 1884 4411 νόσῳ

302 4432 400 4484 τὸν
431 4430 522 4485 τοῦ
572 4431 838 4501 βασιλέως
891 4432 1061 4485 παῖδα
1118 4431 1406 4502 βληθῆναι.
1453 4432 1516 4485 Ἢ
1566 4433 1620 4485 δὲ
1672 4433 1884 4502 βασιλὶς

300 4524 436 4592 περὶ
468 4520 545 4590 τῷ
582 4521 735 4575 παιδὶ
758 4521 1031 4575 δεδοικυῖα
1064 4526 1138 4592 μή
1180 4541 1228 4576 τι
1260 4524 1448 4587 πάθοι,
1479 4523 1880 4594 πέμψασαῇτει

1982 2035 2167 2105 potius
2203 2034 2381 2088 virum
2421 2035 2715 2097 reveritus,
2744 2041 2802 2087 ut
2833 2045 3023 2087 secum
3077 2031 3131 2084 in
3163 2029 3397 2085 ecclesia
3426 2043 3565 2083 con-

1982 2136 2182 2181 ventus
2217 2136 2421 2197 ageret,
2468 2134 2633 2196 atque
2681 2124 2846 2179 etiam
2876 2125 2922 2179 si
2982 2122 3241 2193 placitum
3294 2122 3342 2177 ei
3397 2132 3565 2188 esset,

1982 2218 2221 2287 bOSpitio
2253 2219 2449 2272 domus
2479 2232 2591 2271 sua:
2627 2228 2899 2284 uteretur,
2948 2218 3202 2270 hortatus
3234 2223 3339 2269 est.
3393 2214 3559 2285 379

1981 2312 2077 2366 Ille
2109 2322 2292 2367 autem
2343 2321 2640 2381 utrumque
2692 2310 2899 2376 renuit,
2959 2310 3066 2365 nisi
3138 2310 3291 2379 prius
3341 2318 3398 2363 et
3450 2308 3568 2376 ipse

1985 2404 2240 2474 Origenis
2297 2404 2473 2459 libros
2529 2404 2870 2467 damnasset,
2932 2410 2988 2459 et
3046 2402 3372 2456 Dioscorum
3440 2414 3566 2453 cum

1982 2498 2246 2553 fratribus
2312 2497 2449 2555 suis,
2490 2497 2624 2551 urbe
2700 2495 2979 2564 eiecisset.
3063 2495 3358 2565 Postquam
3427 2509 3559 2548 vero

1981 2590 2221 2645 Joannes
2274 2589 2415 2643 nihil
2476 2598 2682 2643 temere
2726 2596 2783 2641 et
2814 2587 3012 2657 cupide
3067 2597 3217 2641 extra
3286 2586 3566 2657 publicum

1983 2693 2315 2739 conventum
2348 2683 2621 2755 agendum
2664 2698 2786 2738 esse
2817 2682 2975 2747 dixit,
3034 2692 3090 2738 et
3121 2698 3342 2738 causam
3404 2682 3569 2736 talem

1984 2781 2344 2836 diﬂ‘erendam
2407 2781 2646 2843 censuit,
2719 2779 3123 2833 obtrectatores
3195 2776 3345 2832 illius
3418 2775 3566 2830 aliud

1985 2873 2297 2943 Epiphanio
2328 2888 2651 2943 suggessere
2679 2871 2997 2925 consilium.
3042 2868 3359 2924 Suadebant
3392 2868 3566 2932 enim,

1985 2984 2107 3023 cum
2140 2968 2362 3038 synaxis
2397 2968 2632 3020 maxima
2668 2962 2999 3018 celebranda
3021 2973 3188 3024 esset,
3220 2964 3274 3015 in
3302 2962 3554 3014 divorum

1988 3059 2362 3127 apostolorum
2419 3054 2642 3125 templo,
2683 3062 2744 3107 ut
2790 3054 2843 3106 in
2904 3051 2955 3106 id
3015 3051 3465 3121 progrederetur,
3509 3059 3567 3104 et

1986 3152 2286 3222 publicitus
2312 3151 2569 3220 Origenis
2618 3150 2791 3205 libros
2854 3148 3183 3203 damnaret:
3242 3149 3563 3203 Dioscorum

1910 3277 1954 3332 ο
1985 3246 2151 3299 etiam
2182 3252 2236 3298 et
2266 3253 2567 3299 sectatores
2598 3243 2745 3313 ejus,
2809 3252 2869 3299 ut
2902 3242 2994 3312 qui
3045 3257 3167 3296 cum
3224 3243 3317 3296 illo
3375 3241 3564 3296 eadem

1985 3336 2270 3400 docerent,
2306 3337 2680 3407 proscriberet
2715 3356 2727 3390 :
2765 3336 2995 3392 Joannis
3026 3335 3287 3405 denique,
3313 3334 3404 3404 qui
3457 3334 3566 3388 illis

1985 3430 2317 3500 conjunctus
2347 3438 2515 3493 esset,
2538 3429 3011 3483 existimationem
3043 3444 3106 3483 ac
3134 3427 3334 3482 famam
3353 3436 3565 3481 taxarct

1983 3532 2145 3591 atque
2176 3524 2588 3576 criminaretur.
2655 3522 2769 3576 lloc
2822 3522 2899 3575 ita
2968 3519 3045 3573 illi
3110 3520 3364 3588 agebant,
3415 3516 3561 3587 quod

1982 3630 2107 3668 eum
2137 3614 2216 3668 sic
2257 3614 2637 3668 existimarent
2686 3628 2811 3667 cum
2868 3612 3072 3682 populo
3118 3611 3561 3665 conflictaturum

1980 3722 2124 3760 esse.
2157 3711 2335 3775 Atque
2371 3705 2715 3775 Epiphanius
2737 3705 2857 3775 ejus
2896 3704 2970 3758 rei
3008 3703 3181 3774 gratia
3218 3716 3563 3772 progressus.

1984 3815 2091 3851 non
2121 3798 2282 3867 longe
2316 3798 2384 3852 ab
2409 3797 2644 3852 ecclesia
2688 3796 2884 3861 abluit,
2938 3810 3063 3849 cum
3102 3794 3363 3862 Serapion
3408 3793 3457 3847 ei
3495 3793 3563 3846 ab

1982 3891 2189 3945 Joanne
2214 3891 2414 3945 missus
2440 3891 2702 3945 occurrit.
2729 3889 2995 3943 Audierat
3057 3888 3105 3941 is
3138 3901 3395 3955 namque,
3441 3899 3565 3954 qute

1984 3985 2059 4038 illi
2095 3984 2346 4037 malevoli
2376 3982 2700 4037 suasissent.
2729 3981 2967 4035 Proinde
3000 3981 3153 4035 illum
3214 3978 3441 4033 consilia
3473 3992 3563 4031 ca-

1985 4093 2111 4149 pere
2126 4085 2418 4131 attestatus
2434 4084 2537 4142 est,
2558 4090 2701 4145 qum,
2731 4083 2791 4129 ut
2817 4072 3178 4143 illegitima,ei
3215 4083 3561 4140 nequaquam

1985 4171 2273 4241 profutura
2332 4177 2533 4224 essent.
2608 4186 2625 4219 ι
2661 4166 2905 4221 Primum
2949 4180 3204 4235 namque,
3246 4164 3445 4232 inquit,
3507 4162 3560 4215 in

1984 4258 2235 4313 ecclesiis
2268 4258 2403 4312 meis
2434 4256 2727 4311 ordinandi
2762 4265 3086 4325 potestatem
3143 4262 3331 4323 tuapte
3364 4262 3561 4305 aucto-

1987 4353 2169 4415 ritate,
2197 4350 2503 4404 ministerio
2541 4349 2638 4403 tibi
2672 4364 2737 4403 eo
2764 4364 2872 4401 non
2906 4346 3561 4414 commisso,sumpsisti:

1986 4444 2185 4499 deinde
2233 4445 2297 4497 ad
2334 4443 2779 4496 communionem
2825 4440 3114 4501 invitatus.
3185 4455 3305 4495 eam
3343 4440 3561 4493 detrec-

1989 4532 2133 4587 tasti.
2167 4530 2329 4585 Nunc
2360 4546 2525 4599 porro
2550 4530 2741 4594 etiam,
2777 4529 2936 4583 sicuti
2971 4531 3157 4593 audio,
3213 4543 3328 4582 rem
3381 4528 3563 4598 indiga

311 4612 640 4683 Ἐπιφάνιον
672 4615 814 4685 ὑπὲρ
851 4614 1018 4667 αὐτοῦ
1070 4615 1349 4685 εὔχεσθαι.
1393 4617 1450 4670 Ὀ
1488 4617 1544 4668 δὲ
1582 4616 1869 4685 παρηγγύα

1915 4620 1956 4673 lt
1989 4640 2111 4677 nam
2142 4624 2383 4692 incipere
2408 4623 2634 4692 cogitas.
2661 4620 2979 4675 Cavendum
3022 4636 3152 4674 vero
3187 4620 3282 4675 tibi
3331 4630 3434 4684 est,
3490 4634 3565 4674 ne

302 4707 573 4777 ζήσεσθαι
607 4710 698 4761 τὶν
725 4708 913 4773 παῖδα,
939 4708 993 4760 εῐ
1016 4725 1080 4777 γε
1112 4710 1209 4778 τῆς
1244 4709 1453 4772 πόλεως
1485 4710 1811 4761 ἀπελαθεῐεν
1832 4709 1881 4760 οἰ

301 4803 435 4871 περὶ
469 4801 779 4870 Διόσκορον,
819 4802 883 4853 Ἡ
914 4801 970 4854 δὲ
1003 4801 1250 4868 Εὑδοξία,
1289 4821 1306 4853 ι
1344 4800 1404 4854 '0
1444 4802 1544 4871 μὲν
1571 4802 1722 4869 ἐμὸς,
1752 4801 1879 4870 ἔφη,

302 4897 457 4960 παῖς,
494 4894 632 4960 εἴγε
665 4893 786 4963 Θεῷ
821 4894 1015 4948 δοκοῦν
1072 4896 1212 4962 ἑστι,
1245 4896 1472 4965 ζήσεται
1494 4913 1507 4925 ο
1550 4895 1597 4947 εί
1633 4894 1678 4947 δ’
1709 4891 1821 4957 οὖν,
1855 4897 1882 4947 ὁ

300 4987 448 5051 δοὺς,
496 4986 545 5038 εί
600 4986 698 5038 καὶ
740 4987 907 5039 πάλιν
937 4987 1114 5038 ἕλοιτο
1143 4987 1463 5055 ἀφελέσθαι,
1494 4987 1667 5058 ταύτῃ
1716 4988 1878 5039 ἔστω.

300 5079 375 5132 Συ
410 5078 453 5130 δ’
478 5078 640 5148 εἴπερ
682 5072 793 5139 οἷος
823 5072 969 5147 ἦσθα
995 5078 1223 5148 νεκροὺς
1269 5079 1516 5149 ἀνιστᾷν,
1543 5080 1641 5130 οὐκ
1683 5078 1748 5131 ἂν
1782 5078 1877 5131 θα-

301 5172 448 5241 νάτῳ
480 5174 509 5225 δ
536 5170 628 5233 σὸς
681 5168 1062 5240 ἀρχιδιάκονος
1097 5170 1379 5224 ἐτελεύτα.
1431 5190 1450 5222 ι
1497 5173 1606 5225 Καὶ
1634 5174 1743 5241 γὶιρ
1777 5172 1881 5241 πρὸ

304 5264 538 5335 βραχέος
569 5262 824 5316 ἐτελεύτα
852 5264 1163 5332 Κρισπίων,
1193 5264 1247 5325 ὃς
1276 5262 1505 5331 ἀδελφὸς
1533 5260 1599 5334 ἦν
1629 5264 1881 5316 Φούσκω-

302 5375 394 5419 νος
430 5359 526 5409 καὶ
550 5356 803 5425 Σαλάμου
838 5356 948 5408 τῶν
973 5357 1062 5409 ἐπ’
1092 5359 1258 5427 ἀρετῇ
1284 5357 1584 5427 διαϐοήτων
1610 5358 1878 5427 μοναχιῖιν,

303 5445 380 5504 ὧν
412 5452 471 5503 ὲν
504 5452 571 5521 τῇ
602 5450 742 5502 κατά
776 5449 1055 5502 Οὐάλεντα
1107 5451 1400 5521 συγγραφῇ
1454 5450 1753 5521 ἐμνήσθην.
1785 5454 1880 5504 Ὃν

303 5543 399 5595 καὶ
439 5538 691 5593 σύνοικον
726 5540 890 5611 ἔχων,
929 5544 1022 5595 καὶ
1070 5543 1455 5611 ἁρχιδιακόνου
1493 5545 1645 5610 τάξει
1692 5545 1877 5615 ἐτίμα.

302 5634 368 5686 Οἱ
398 5634 457 5687 δὲ
496 5635 623 5703 περὶ
659 5632 976 5702 Ἀμμώνιον
1026 5636 1121 5689 καὶ
1151 5634 1463 5706 Διόσκορον,
1500 5636 1645 5690 οὕτω
1677 5639 1783 5708 γὰρ
1816 5640 1877 5708 τῇ

303 5726 536 5797 Εύδοξίᾳ
582 5726 783 5791 ἐδόκει,
815 5720 948 5800 ἧκον
994 5730 1130 5799 πρὸς
1167 5729 1504 5798 Ἐπιφάνιον.
1550 5732 1791 5785 Ἐκείνου
1833 5732 1878 5784 δ’

301 5821 707 5891 ἐρωτήσαντος,
762 5821 907 5884 τινες
961 5816 1092 5888 εἷεν,
1152 5823 1180 5875 ὁ
1240 5824 1551 5894 ’Δμμώνιος
1599 5824 1875 5895 ἐπιφέρει,

311 5933 342 5971 ι
371 5914 436 5969 υἱ
499 5913 742 5986 Μεκροῖ,
776 5906 819 5969 ὦ
845 5914 1097 5972 δέσποτα.
1147 5917 1285 5972 ’ἀλλ’
1308 5919 1359 5969 εἴ
1388 5934 1516 5972 ποτε
1559 5918 1876 5989 συντάγμα-

1985 4712 2258 4767 seditione
2290 4726 2353 4764 ea
2384 4712 2450 4765 de
2480 4726 2643 4765 causa
2669 4710 2928 4775 excitata,
2974 4709 3089 4779 ipse
3133 4724 3295 4764 causa
3328 4709 3561 4763 dicenda

1986 4805 2293 4875 perieulum
2326 4805 2547 4869 subeas,
2579 4803 2750 4858 veluti
2787 4803 2960 4857 turbae
2984 4811 3038 4856 et
3069 4801 3410 4856 confusionis
3437 4812 3561 4856 tan-

1987 4910 2051 4953 tae
2078 4909 2290 4954 auctor.
2341 4918 2359 4951 ι
2395 4898 2738 4967 Epiphanius
2764 4897 2913 4949 hisce
2944 4895 3129 4949 verbis
3179 4894 3393 4948 cautior
3446 4894 3559 4949 lac-

1986 5003 2094 5055 tus,
2119 5008 2148 5045 a
2175 5002 2356 5062 coepto
2379 4990 2610 5044 destitit.
2644 4988 2854 5045 Accidit
2874 4988 3105 5050 interea,
3126 4997 3185 5041 ut
3211 4985 3560 5056 imperatoris

1985 5086 2133 5140 [ilius
2194 5085 2344 5154 gravi
2417 5083 2791 5153 corriperetur
2841 5081 3055 5135 morbo.
3096 5079 3159 5133 Et
3194 5080 3436 5150 Augusta
3492 5079 3558 5135 dc

1986 5192 2158 5246 puero
2187 5192 2254 5231 ne
2284 5176 2416 5243 quid
2444 5174 2763 5227 humanitus
2792 5172 2841 5227 ei
2876 5170 3174 5232 accideret.
3202 5185 3327 5225 cum
3358 5171 3557 5225 timore

1984 5271 2243 5333 sollicita,
2302 5269 2666 5338 Epiphanium
2705 5266 2962 5331 accitum,
2994 5274 3055 5318 ut
3090 5278 3190 5334 pro
3210 5266 3383 5317 salute
3438 5264 3560 5333 ejus

1984 5371 2189 5425 oraret,
2221 5361 2399 5431 petiit.
2445 5360 2508 5413 Et
2542 5359 2656 5418 ille.
2688 5372 2923 5427 puerum
2974 5355 3382 5410 convaliturum
3433 5369 3556 5409 esse

1986 5456 2261 5525 pollicitus
2295 5462 2398 5517 est,
2438 5454 2482 5507 si
2513 5452 2808 5506 Dioscorus
2858 5464 2984 5503 cum
3042 5449 3158 5503 suis
3202 5452 3337 5507 urbe
3367 5449 3554 5516 exige-

1985 5556 2155 5603 retur.
2214 5545 2461 5600 Ludoxia
2516 5554 2723 5608 autem,
2787 5561 2804 5594 ι
2854 5542 3024 5596 Filius
3055 5541 3298 5610 quidem,
3354 5541 3554 5611 inquit,

1985 5655 2159 5702 meus,
2183 5639 2227 5693 si
2255 5637 2399 5692 Deus
2447 5638 2611 5698 volet,
2653 5638 2823 5691 vivet.
2889 5636 2983 5689 Sin
3035 5650 3187 5697 eum,
3243 5633 3338 5699 qui
3380 5634 3553 5699 dedit,

1982 5732 2197 5787 auferre
2242 5732 2550 5795 Constituit,
2588 5731 2709 5801 ejus
2741 5730 2993 5783 voluntas
3044 5728 3155 5781 ﬁat.
3208 5728 3288 5780 Tu
3331 5742 3463 5781 vero
3506 5728 3553 5782 si

1983 5835 2229 5878 mortuos
2289 5828 2624 5878 exsuscitarc
2681 5838 2887 5893 posses,
2937 5821 3359 5876 archidiaconus
3426 5830 3553 5874 tuus

1982 5916 2271 5974 defunctus
2328 5933 2435 5989 non
2504 5925 2668 5972 esset.
2736 5934 2752 5969 ι
2815 5913 3001 5985 Nuper
3039 5914 3186 5970 enim
3253 5912 3548 5969 admodum
