4248 6446
322 410 426 475 981

1253 407 1858 469 ECCLFSIASTIC.E
1898 408 2283 468 lllS'l‘OIll/E
2321 408 2463 469 LIB.
2506 406 2675 467 XIII.

3489 400 3598 463 982

323 527 514 593 Ἔδοξε
547 525 603 577 δὲ
634 522 711 593 τῷ
760 523 977 595 πλήθει,
1008 522 1084 587 ὡς
1115 524 1404 594 αἰνίγματι
1435 522 1575 577 κατὰ
1615 524 1712 592 τῆς
1748 522 1903 593 βασι-
1932 526 1972 578 Λ

1932 526 1972 578 A
2001 522 2476 585 crat,orationcm
2527 521 2581 575 in
2629 517 2860 574 ecclesia
2914 532 3014 588 pro
3068 514 3336 571 concione
3378 514 3590 580 habuit.

318 623 464 684 λίδος
501 620 702 691 ἐκείνῳ
733 619 967 691 μάλιστα
1016 619 1340 691 συντεθῆναι
1389 620 1481 674 τὸν
1516 620 1695 689 λόγον.
1730 619 1841 673 Καὶ
1873 621 1900 672 6

319 715 478 784 λόγος
508 716 624 778 τοῖς
652 713 1106 784 δυσμεναίνουσιν
1134 712 1449 783 ἐπιληφθεὶς,
1488 715 1581 767 ἐπὶ
1605 715 1703 782 τὴν
1740 712 1901 783 βασί-

321 807 516 860 λισσαν
542 808 762 874 ἄγεται.
808 806 871 859 Ἦ
904 806 962 859 δὶ
1004 807 1203 861 θᾶττον
1240 808 1426 878 τάνδρὶ
1470 807 1777 879 προσιοῦσα
1804 808 1903 878 τὴν

318 898 534 978 οἶχε-ίαν
570 898 903 967 ἁπωδύρατο
932 897 1113 968 ὕϐριν.
1153 898 1265 952 Καὶ
1288 899 1601 970 προσετίθει
1633 898 1799 952 αὐτοῦ
1838 915 1901 967 γε

320 990 414 1044 τοῦ
447 990 781 1060 κρατοῦντος
814 989 973 1059 ὓϐριν
1001 986 1140 1045 εἶναι
1184 990 1282 1061 τὴν
1315 989 1539 1060 ἑαυτῆς.
1569 991 1679 1046 Καὶ
1706 989 1902 1045 θᾶττον

325 1081 738 1149 παρασκευάζει
774 1080 950 1134 ἐλθεῖν
977 1080 1070 1135 τὸν
1104 1081 1392 1153 Θεόφιλον,
1419 1083 1513 1137 καὶ
1539 1083 1637 1150 τὴν
1662 1084 1785 1136 κατ’
1809 1083 1905 1135 αὑ-

321 1171 417 1225 τοῦ
478 1173 785 1242 κατήπειγε
824 1172 1066 1229 σύνοδον.
1100 1174 1451 1243 Συνέπραττε
1490 1175 1546 1229 δὲ
1601 1175 1774 1228 ταῦτα
1809 1177 1904 1229 καὶ

323 1264 656 1334 Σευηριανδς
688 1265 716 1316 6
762 1264 1047 1330 Γαϐαλων,
1091 1264 1427 1335 ὑποσμύχων
1468 1265 1550 1317 ἔτι
1581 1265 1681 1335 τὴν
1702 1264 1900 1335 λύπην,

325 1344 431 1409 καῖ
456 1357 533 1424 μὴ
565 1357 668 1420 τῆς
701 1358 901 1420 κακίας
955 1356 1323 1425 ἀπαλλαγείς.
1366 1357 1509 1410 Ἀλλ’
1540 1358 1651 1412 εἴτε
1686 1359 1761 1421 ὡς
1784 1359 1905 1412 ἔτυ-

322 1460 420 1511 χεν
462 1443 720 1511 Ἰωάννης
772 1444 864 1495 τὶν
895 1444 1141 1499 τοιοῦτον
1179 1446 1563 1518 ἐκκλησιάζων
1590 1451 1903 1519 προήνεγκε

323 1534 509 1601 λόγον,
539 1534 639 1590 εῖτ⁹
661 1536 1087 1606 αἰνιγματωδῶς
1118 1538 1218 1609 τῆς
1244 1537 1514 1608 βασιλίδος
1546 1541 1906 1611 κατατρέχων

325 1626 587 1696 ἐποίειτῇ
629 1626 769 1698 πρὸς
813 1627 1129 1697 Ἐπιφάνιον
1179 1629 1336 1701 ἔριδι,
1367 1632 1446 1695 είς
1481 1632 1767 1701 ἀκρίϐειαν
1819 1633 1907 1686 λέ-

326 1736 447 1786 γειν
495 1720 597 1773 οὐκ
652 1719 784 1791 ἔχω.
830 1720 973 1774 Ἀλλ’
1013 1722 1076 1775 οὗ
1128 1724 1272 1775 πάνυ
1308 1726 1497 1795 πιρῤω
1552 1725 1809 1794 Θεόφιλός
1845 1743 1905 1780 τε

327 1809 512 1880 παρῆν
539 1824 555 1839 θ
585 1809 680 1862 καὶ
704 1810 891 1865 πολλοὶ
921 1811 1029 1865 τῶν
1060 1814 1403 1877 ἐπισκόπων,
1432 1816 1479 1866 ei
1510 1814 1610 1884 μὲν
1634 1819 1910 1887 προστάγ-

2010 630 2118 683 qua
2144 614 2514 669 communiter
2566 612 2619 665 in
2656 610 2918 665 mulieres
2971 608 3141 663 malas
3182 607 3436 662 invectus
3485 612 3591 661 est.

2011 706 2351 762 Multitudini
2381 715 2565 760 autem
2596 704 2774 758 visum
2800 708 2907 766 est,
2939 699 3245 755 oralionem
3289 713 3410 754 eam
3434 698 3590 769 quasi

2011 798 2112 851 sub
2178 796 2463 852 involucro
2521 802 2715 850 contra
2774 792 3081 862 Augustam
3133 789 3368 845 maxime
3423 788 3491 843 ab
3525 802 3592 846 eo

2011 890 2373 960 compositam
2412 902 2722 957 essezqua'
2753 885 2918 941 etiam
2972 884 3041 939 ab
3091 882 3424 937 adversariis
3470 881 3592 949 eius

2011 992 2259 1051 excepta,
2280 980 2346 1035 ad
2379 995 2500 1034 eam
2532 990 2617 1034 est
2643 979 2847 1034 delata.
2876 977 2944 1033 Et
2990 976 3084 1031 illa
3117 971 3377 1029 maritum
3408 972 3591 1028 statim

2012 1071 2167 1136 adiit,
2201 1080 2259 1126 et
2285 1071 2432 1141 apud
2493 1086 2618 1127 eum
2646 1069 3037 1125 contumeliam
3068 1083 3222 1123 suam
3262 1065 3590 1135 deploravit,

2012 1164 2268 1235 iniuriam
2331 1180 2451 1219 eam
2503 1158 2697 1217 mariti
2736 1176 3081 1216 communem
3142 1175 3267 1215 esse
3309 1157 3590 1213 dictitans.

2012 1255 2312 1311 Confestim
2348 1256 2514 1309 etiam
2554 1264 2615 1309 ut
2635 1253 2978 1324 Theophilus
3011 1251 3319 1312 adveniret,
3352 1249 3590 1311 curavit,

2011 1358 2173 1419 atque
2199 1356 2258 1403 ut
2285 1346 2698 1418 quamprimum
2731 1344 2977 1417 synodus
3022 1343 3289 1400 adversus
3322 1342 3590 1398 Joannem

2013 1448 2324 1505 cogeretur,
2349 1438 2481 1508 egit.
2513 1437 2823 1507 Adiuvabat
2850 1445 3041 1491 autent
3076 1450 3196 1491 eam
3260 1433 3611 1490 Severianus

2013 1544 2260 1601 quoque,
2332 1529 2663 1587 Gabalorum
2728 1530 3040 1599 episcopus,
3092 1527 3339 1581 dolorem
3412 1524 3597 1579 adhuc

2015 1639 2173 1679 suum
2203 1633 2406 1679 tectum
2441 1623 2493 1678 in
2534 1623 2720 1678 animo
2751 1623 2965 1688 fovens,
2990 1622 3194 1692 quippe
3226 1618 3319 1689 qui
3347 1618 3592 1674 nondum

2016 1717 2456 1772 malevolentiam
2482 1719 2535 1770 in
2563 1716 2833 1771 Joannem
2876 1730 3033 1770 suam
3087 1713 3452 1783 deposuisset.
3479 1710 3597 1766 Cac-

2017 1819 2200 1863 terum
2234 1808 2347 1863 sive
2384 1808 2625 1863 Joannes
2666 1822 2795 1861 casu
2854 1806 3111 1875 quopiam
3160 1802 3480 1873 huiusmodi
3538 1803 3597 1857 in

331 1914 465 1964 ματι
531 1897 799 1965 βασιλέως
856 1893 1017 1969 ἧκον,
1070 1901 1118 1952 οἱ
1167 1900 1225 1954 δὲ
1280 1901 1543 1971 Θεοφίλου
1595 1904 1908 1968 κινοῦντοςο
1942 1890 1985 1946 Β

1942 1890 1985 1946 Β
2012 1901 2243 1956 ecclesia
2269 1900 2462 1955 habuit
2501 1898 2831 1964 orationem,
2867 1914 2965 1953 seu
2990 1897 3333 1953 subobsCure
3393 1896 3448 1949 in
3495 1895 3592 1949 im-

332 1988 542 2041 αἱλλον
592 1988 638 2040 δ’
671 1990 877 2043 ἐκεῖνοι
934 1992 1247 2057 σπουδαίως
1300 1994 1547 2064 ἔτρεχον,
1607 1996 1723 2049 ὅσοι
1776 1997 1913 2066 πρὸς

341 2076 599 2129 Ἰωάννου
624 2080 765 2132 κατὰ
799 2079 899 2149 τὴν
940 2080 1127 2135 Ἀσίαν
1182 2083 1414 2148 ἐνδίκως
1449 2085 1552 2148 τὰς
1602 2087 1914 2153 ὲπισκοπὰς

332 2169 695 2239 ἀφῃρέθησαν
722 2187 736 2202 ⁸
782 2174 879 2226 καὶ
925 2175 1075 2229 ἄλλοι
1116 2177 1291 2247 ἑτέρῳ
1332 2179 1522 2251 τρόπῳ
1560 2182 1697 2252 πρὸς
1750 2183 1913 2236 αὑτὸν

331 2262 739 2331 ἀπηχθάνοντο.
768 2266 910 2337 Ἤδη
962 2268 1017 2321 δὲ
1048 2269 1144 2322 καὶ
1183 2270 1307 2337 νῆες
1345 2272 1402 2335 ἐξ
1441 2274 1719 2340 Αἰγύπτου
1751 2276 1915 2330 κατέ-

336 2356 523 2421 πλεον,
557 2355 624 2419 ἃς
655 2357 914 2427 Θεόφιλος
940 2364 1291 2431 περιέμενεν.
1336 2364 1492 2417 Ἐπεὶ
1537 2366 1583 2419 δ’
1616 2367 1915 2439 ἠθροίσθη-

335 2463 439 2499 σαν
471 2449 711 2512 ἅπαντες
745 2450 890 2504 κατὰ
922 2451 1023 2519 τὴν
1054 2455 1135 2516 είς
1163 2440 1422 2508 Βιθυνίαν
1450 2458 1796 2527 Χαλκηδόνα,
1823 2462 1916 2514 καὶ

334 2540 639 2603 συνιόντες,
678 2542 828 2605 ὅπως
858 2543 893 2611 ἡ
942 2543 1085 2597 κατά
1133 2544 1228 2597 τοῦ
1273 2546 1526 2600 Ἰωάννου
1565 2550 1916 2621 ἐπιχείρησις

334 2630 601 2699 προϐαίη,
636 2630 833 2702 βουλὴν
863 2633 1172 2689 ἐποιοῦντο.
1206 2637 1341 2690 Τότε
1382 2638 1448 2707 δὴ
1479 2640 1715 2711 Κυρῖνος
1748 2644 1777 2694 6
1811 2643 1914 2713 τῆς

336 2723 681 2793 Χαλκηδόνος
717 2726 1035 2791 ιπίσκοπος,
1053 2726 1298 2797 Θεοφίλῳ
1318 2747 1375 2784 τε
1400 2733 1541 2785 κατὰ
1565 2736 1721 2802 γένος
1750 2753 1918 2806 προσ-

333 2816 509 2881 ήκων,
546 2818 643 2870 καὶ
692 2818 762 2870 τὰ
807 2819 978 2873 πολλά
1041 2820 1192 2892 αὑτῷ
1249 2823 1573 2892 χαρίζεσθαι
1616 2828 1915 2899 ᾑρημένος,

333 2903 569 2977 (ἦν-γὰρ
618 2908 964 2980 Δίγύπτιος),
1014 2911 1271 2984 διάφορος
1302 2920 1370 2968 τα
1418 2916 1653 2985 μάλιστα
1693 2917 1914 2990 Ἰωάννη

333 2998 721 3069 καθεστηκὼς.
761 3002 992 3056 πλεῖστα
1041 3004 1256 3073 παριὼν
1304 3006 1563 3076 ἐλοιδόρει
1604 3009 1695 3062 τὸν
1730 3009 1915 3065 Ἰωάν-

333 3109 459 3161 νην,
491 3093 672 3157 ἁσεϐἧ
705 3095 801 3149 καὶ
825 3096 1064 3158 ἀλαζόνα
1092 3097 1189 3152 καὶ
1220 3098 1485 3167 ἀγόνατον
1531 3102 1741 3155 ἐκεῖνον
1775 3106 1914 3157 ἀπο-

2014 1992 2346 2063 peratricem
2408 1999 2494 2045 est
2519 1991 2790 2052 invectus,
2835 1999 3066 2061 propter
3129 2004 3250 2044 eam
3308 2002 3430 2058 qua:
3488 1988 3597 2043 sibi

2013 2100 2141 2141 cum
2202 2083 2514 2154 Epiphanio
2550 2083 2867 2139 intercessit
2936 2082 3379 2149 contentionem,
3444 2080 3593 2150 quod

2014 2177 2287 2232 allirmare
2334 2190 2487 2232 certo
2527 2191 2636 2231 non
2692 2191 2957 2247 possum;
2994 2174 3341 2243 TheOphilus
3374 2175 3595 2244 quidem

2017 2267 2268 2332 profecto
2296 2282 2407 2321 non
2435 2267 2612 2321 multo
2633 2276 2758 2335 post
2789 2265 2971 2328 alluit,
3015 2273 3071 2319 et
3129 2264 3290 2318 multi
3335 2272 3597 2335 praeterea

1974 2398 1981 2405 .
2014 2358 2287 2428 episcopi,
2326 2358 2524 2428 partim
2558 2357 3115 2428 imperatorisjussu,
3166 2355 3366 2427 partim
3420 2354 3601 2409 Theo-

2014 2450 2155 2519 phili
2185 2449 2474 2513 instinctu,
2503 2448 3039 2515 Constantinopolim
3076 2446 3376 2503 advenere.
3425 2446 3601 2500 Potis-

2015 2544 2217 2597 simum
2250 2556 2383 2595 vero
2432 2556 2633 2611 magno
2665 2541 2744 2595 illi
2793 2540 2979 2595 studio
3010 2549 3441 2606 concurrerunt,
3474 2540 3598 2610 qui-

2016 2637 2124 2691 bus
2157 2637 2210 2691 in
2241 2637 2370 2691 Asia
2392 2645 2425 2690 a
2464 2636 2674 2691 Joanne
2696 2635 2940 2704 legitime
2972 2635 3333 2705 epise0patus.
3357 2634 3598 2703 adempti

2015 2730 2258 2793 fuerant,
2297 2729 2502 2797 quique
2552 2727 2605 2783 ei
2635 2727 2770 2781 alias
2800 2728 2966 2782 etiam
2987 2726 3057 2781 ob
3093 2743 3293 2783 causas
3325 2727 3597 2783 hostiliter

2017 2820 2476 2876 adversabantur.
2514 2818 2633 2874 Jam
2660 2835 2831 2875 naves
2858 2835 3077 2890 quoque
3101 2834 3237 2888 quas
3257 2817 3598 2887 TheOphilus

2017 2920 2389 2981 exspectarat,
2444 2924 2514 2966 ex
2555 2908 2795 2981 Aigypto
2855 2910 3222 2979 appulerant.‘
3265 2908 3445 2977 Atque
3502 2907 3596 2960 ubi

2014 3003 2363 3059 Chalcedone
2398 3002 2757 3073 Bithynorum
2790 3001 3108 3072 congregati
3143 3013 3339 3053 omnes
3397 3014 3600 3052 conve—

2017 3112 2169 3159 nere,
2221 3094 2500 3166 quomodo
2550 3109 2665 3149 rem
2718 3094 2988 3149 adversus
3044 3092 3310 3148 Joannem
3374 3089 3594 3161 aggredi

336 3184 543 3287 in)?»
589 3186 701 3238 Kal.
759 3187 809 3239 οί
864 3187 967 3256 μὲν
998 3189 1291 3244 ἐπίσκοποι
1342 3190 1550 3247 τούτων
1606 3195 1984 3287 λεγομένωνο

1941 3231 1984 3287 C
2019 3189 2306 3250 deberent,
2353 3186 2761 3242 consultarunt.
2796 3184 2926 3240 Erat
2956 3197 3068 3240 tum
3098 3184 3453 3239 Chalcedone
3481 3182 3596 3252 epi-

335 3272 589 3341 ὲνὴδοντο
612 3287 626 3302 ⁸
656 3276 849 3343 ταχεῖα
880 3275 926 3329 δ’
956 3276 1151 3345 ἐκείνῳ
1179 3278 1287 3331 τῶν
1324 3278 1539 3345 ὕϐρεων
1567 3282 1755 3336 θεόθεν
1784 3285 1914 3353 μέτ-

335 3380 443 3416 εισι
482 3363 631 3434 δίκη.
717 3365 776 3419 ’0
822 3366 933 3438 γὰρ
974 3370 1073 3438 τῆς
1127 3371 1564 3442 Μεσοποταμίας
1613 3375 1914 3442 ἐπίσκοπος

338 3455 645 3525 Βὶαρουθᾶς
680 3458 832 3512 ἄκων
885 3460 1116 3531 θάτερον
1142 3464 1259 3518 τοῖν
1311 3467 1494 3518 ποδοῖν
1522 3467 1617 3519 τοῦ
1674 3470 1915 3538 Κυρίνου

340 3547 642 3616 ὲπάτησεν.
680 3549 954 3612 Χαλεπῶς
975 3552 1021 3604 δ’
1046 3554 1259 3607 ἐκεῖθεν
1304 3554 1595 3621 διατεθεὶς,
1628 3558 1917 3626 συνδιαϐῆ-

342 3655 435 3692 ναι
466 3641 579 3701 τοῖς
600 3640 812 3702 λοιποῖς
844 3642 1339 3716 ἑπισκόποις“πρός
1369 3649 1471 3717 τὴν
1500 3651 1916 3708 Κωνσταντῗνου

338 3730 592 3798 οὐδαμῶς
642 3730 910 3801 ἐδυνήθησ
943 3734 1149 3804 καίπερ
1202 3735 1501 3802 ἀναγκαῖος
1550 3734 1689 3791 εἶναι
1740 3741 1917 3797 δοκῶν

342 3822 483 3891 πρδς
510 3822 610 3886 τὰς
659 3824 804 3876 κατὰ
847 3824 1094 3879 Ἰωάννου
1129 3828 1450 3893 ἐπιϐουλάς.
1489 3830 1726 3885 Ἔπειτα
1779 3834 1917 3907 πρὸς

341 3915 405 3966 τὸ
458 3918 646 3986 χεῖρον
700 3917 1025 3984 γενόμενος,
1058 3920 1337 3989 διαφόρως
1400 3923 1504 3976 ὑπὸ
1550 3925 1662 3978 τῶν
1716 3927 1918 3997 ἰατρῶν

344 4008 666 4077 ἀπεπρίσθη
700 4008 760 4060 τὸ
792 4009 1002 4072 σκέλος.
1025 4010 1292 4081 Σηπεδὼν
1317 4015 1428 4085 γὰρ
1462 4017 1673 4070 ἐκεῖθεν
1725 4022 1916 4088 ἐπιγε-

344 4097 547 4167 νομένη
603 4099 666 4149 τδ
719 4099 829 4150 πᾶν
886 4102 1049 4168 σῶμα
1094 4100 1307 4171 μετῄει,
1341 4103 1416 4164 ὡς
1452 4104 1549 4156 καὶ⁵
1596 4106 1689 4160 τὸν
1727 4107 1920 4178 ἕτερον

345 4188 487 4240 πόδα
515 4190 585 4241 τὰ
614 4188 707 4241 ίσσ.
740 4190 935 4243 παθεῖν
964 4193 1028 4260 τῇ
1066 4193 1478 4253 μεταδόσειτοῦ
1512 4196 1737 4262 πάθους.
1780 4202 1919 4255 Ἀλλ’

345 4281 375 4331 6
427 4280 529 4348 μὲν
583 4280 645 4334 οὗ
684 4282 867 4352 πολλῷ
893 4280 1132 4355 ⁵ὕστερον
1174 4286 1239 4353 τῇ
1299 4284 1394 4336 τοῦ
1447 4287 1671 4351 σκέλους
1736 4292 1918 4364 πληγῇ

347 4371 608 4425 ἐτελεύτα
634 4372 728 4424 τὸν
759 4373 892 4442 βίον,
941 4374 1236 4442 Ἀρσακίου
1264 4376 1356 4429 τὸν
1398 4376 1589 4447 θρόνον
1620 4381 1917 4448 διέποντος.

348 4462 513 4526 ἀξίαν
562 4463 802 4534 ἀμοιϐὴν
849 4464 959 4519 τῶν
1009 4466 1154 4520 κατὰ
1210 4466 1304 4520 τοῦ
1349 4452 1498 4521 ὁσίου
1523 4469 1732 4543 ὕϐρεων
1770 4478 1922 4549 είλη-

350 4573 489 4623 φως.

2017 3295 2215 3350 scopus
2239 3278 2496 3350 Cyrinus,
2529 3278 2693 3350 382
2731 3278 3023 3348 Theophili
3065 3277 3367 3347 popularis,
3396 3273 3571 3345 Egyp

2020 3374 2130 3427 tius
2161 3371 2437 3426 videlicet.
2483 3370 2585 3426 llic
2621 3371 2852 3425 multum
2901 3370 2979 3424 illi
3010 3369 3307 3439 gratiﬁcari
3356 3367 3589 3424 studuit.

2015 3466 2211 3522 Joanni
2248 3478 2411 3534 quam
2448 3463 2685 3518 maxime
2720 3461 3003 3517 inimicus.
3033 3461 3226 3531 Itaque
3252 3474 3594 3531 progressus,

2016 3558 2285 3613 Joannem
2334 3555 2603 3610 conviciis
2660 3553 2957 3625 plurimum
3027 3553 3316 3624 proscidit,
3367 3553 3593 3623 impium

2018 3647 2194 3713 illum,
2227 3646 2560 3701 insolentem
2616 3654 2671 3700 et
2698 3644 3052 3700 inﬂexibilem
3085 3646 3378 3699 nominans
3413 3663 3425 3698 :
3469 3644 3594 3713 qui—

2019 3740 2124 3794 bus
2155 3739 2319 3792 dictis
2363 3737 2604 3808 episcopi
2631 3747 2759 3793 sunt
2803 3738 3080 3792 delectati.
3138 3737 3343 3791 Veram
3403 3737 3580 3793 illum.

2019 3846 2187 3901 parva
2235 3831 2611 3885 intercedente
2665 3844 2841 3892 mora,
2894 3829 2964 3883 ob
3027 3830 3258 3901 injurias
3322 3829 3593 3900 ejusmodi

2025 3924 2209 3978 divina
2270 3923 2512 3978 vindicta
2575 3932 2865 3993 persecuta
2925 3932 3033 3977 est.
3090 3922 3369 3977 Maruthas
3420 3926 3594 3985 enim,

2021 4016 2423 4085 Mesopotamiae
2441 4017 2753 4086 episcopus,
2778 4015 3100 4086 imprudens
3131 4016 3363 4069 alterum
3396 4017 3597 4085 pedum

2021 4109 2141 4179 ejus
2169 4108 2402 4164 calcavit
2431 4125 2445 4162 :
2474 4108 2623 4164 unde
2663 4110 2752 4165 ille
2823 4110 2966 4163 male
3041 4108 3245 4162 habere
3286 4110 3476 4177 cmpit,
3545 4122 3600 4163 et

2021 4211 2310 4273 propterea
2334 4218 2457 4258 cum
2499 4202 2729 4272 reliquis
2751 4204 3023 4273 episcopis
3061 4201 3606 4271 Constantinopolim.

2022 4296 2295 4366 proﬁcisci
2331 4310 2679 4365 nequaquam
2707 4297 2908 4364 potuit,
2938 4294 3186 4364 quamvis
3218 4293 3282 4347 ad
3305 4294 3597 4348 struendas

2006 4387 2221 4442 Joanni
2260 4388 2486 4442 insidias
2516 4388 2864 4442 necessarius
2912 4403 3033 4441 esse
3059 4389 3355 4441 videretur.
3389 4388 3596 4442 Deinde

2026 4491 2210 4536 autem
2245 4496 2370 4535 cum
2404 4480 2711 4534 deteriores
2738 4481 2913 4534 multo
2949 4496 3036 4534 res
3060 4480 3181 4550 ejus
3225 4479 3443 4544 tierent,
3471 4496 3599 4533 crus

1950 4565 1995 4620 D
2024 4573 2075 4627 ei
2111 4589 2140 4626 a
2168 4571 2400 4626 medicis
2423 4573 2587 4626 etiam
2616 4582 2700 4626 est
2721 4571 3273 4626 resectumJ’utredo
3299 4571 3445 4625 enim
3477 4571 3600 4628 inde

346 4663 541 4707 emrta
605 4652 678 4707 ita
712 4655 989 4725 reliquum
1021 4672 1222 4728 corpus
1248 4660 1469 4722 invasit.
1499 4674 1560 4718 ut
1588 4665 1916 4735 contagione
1954 4669 2185 4724 alterum
2253 4683 2471 4739 quoque
2509 4667 2715 4725 itidem.
2758 4666 2951 4738 pedem
2973 4667 3283 4738 occuparit.
3314 4666 3454 4733 Quin
3488 4682 3612 4729 non,

347 4749 524 4802 multo
553 4748 719 4802 etiam
769 4760 892 4817 post
921 4766 983 4806 ea
1016 4754 1130 4823 ipsa
1164 4754 1317 4826 plaga
1350 4756 1517 4811 vitam
1555 4757 1717 4824 ﬁniit,

1814 4761 2043 4829 gratiam
2114 4778 2233 4816 eam
2300 4762 2674 4827 contumeliis,
2710 4762 2913 4832 quibus
2951 4763 3126 4820 virum
3155 4773 3405 4819 sanctum
3468 4762 3600 4818 alle-

346 4849 522 4905 cerat,
556 4850 840 4910 acceptam
899 4844 1101 4931 ferens.
1134 4845 1306 4916 Cujus
1359 4847 1620 4902 thronum
1663 4850 1923 4905 Arsucius
1963 4853 2173 4922 recepit
2205 4853 2306 4923 tl).

944 4959 1195 5015 ΚΕΦΑΛ.
1228 4961 1326 5019 ιε’.

354 5050 495 5117 Περὶ
528 5047 639 5116 τῆς
683 5048 1111 5119 ἀθροισθείσης
1161 5054 1310 5107 κατὰ
1347 5054 1628 5112 Ἰωάννου
1653 5058 1921 5112 συνόδου

419 5121 646 5243 cacat};
684 5120 1011 5189 Ῥυυφίνου
1031 5135 1044 5151 ⁸
1074 5123 1176 5175 καὶ
1211 5125 1291 5189 ὠς
1316 5125 1547 5194 ἐρήμην
1572 5126 1760 5180 αὑτοῦ
1786 5145 1923 5182 κατ-

420 5207 450 5244 ε
517 5206 691 5247 κασε.

2636 4966 2859 5023 CAPUT
2891 4966 3025 5026 Χν..

2030 5056 2104 5111 De
2127 5058 2323 5127 synodo
2349 5060 2419 5113 ad
2451 5058 2746 5123 basilicam,
2783 5059 2866 5110 cui
2890 5074 3075 5112 nomen
3104 5067 3219 5113 erat
3242 5057 3441 5124 Ruﬁni,
3472 5076 3598 5113 con-

2101 5139 2183 5181 tra
2216 5128 2480 5182 Joannem
2511 5137 2874 5197 congregata:
2921 5138 2969 5181 et
3013 5129 3089 5181 uti
3131 5128 3364 5183 Joannes
3407 5129 3595 5183 absens

2098 5200 2295 5252 indicta
2321 5215 2477 5251 causa
2503 5200 2569 5252 sit
2599 5201 2899 5251 damnatus.

433 5305 587 5356 Ἐπεὶ
610 5305 664 5357 δὲ
688 5306 783 5358 καὶ
805 5305 1066 5374 Θεόφιλος
1086 5310 1151 5375 τῇ
1169 5296 1583 5362 Κωνσταντίνου
1602 5310 1928 5381 διεπερνιώ-
2100 5309 2110 5361 1

1914 5341 1928 5351 -
2100 5309 2199 5366 Ubi
2228 5325 2359 5365 vero
2390 5308 2731 5379 Theophilus
2752 5308 3288 5379 Constantinpolim
3324 5311 3591 5379 pervenit,

348 5397 442 5468 θη,
472 5397 654 5459 οὐδεὶς
683 5398 796 5452 τῶν
829 5400 925 5465 τῆς
959 5401 1610 5466 Κωνσταντινουπόλεως,
1640 5401 1829 5472 ὥσπερ
1860 5404 1927 5477 ἦν

1919 5423 1927 5451 ν
2030 5420 2191 5459 nemo
2227 5404 2324 5463 illi.
2358 5420 2456 5474 pro
2498 5414 2713 5473 recepta
2757 5404 3262 5470 consuctudine,ex
3287 5405 3596 5459 Constanti-

350 5490 498 5555 ἔθος,
528 5490 808 5561 ὕπήντητο
831 5492 933 5561 κλη
945 5491 1134 5562 ρικῶν.
1152 5493 1318 5559 Δῆλος
1348 5495 1458 5563 γὰρ
1486 5489 1555 5563 ἦν
1578 5495 1632 5557 ἒς
1661 5495 1829 5564 ἄκρον
1849 5496 1927 5564 τῷ

2028 5498 2351 5566 ηοροιὶιοηο
2379 5498 2527 5551 clero
2559 5498 2775 5551 obviam
2810 5498 3100 5567 processit,
3152 5496 3297 5565 quod
3336 5498 3619 5552 omnibus.

350 5584 646 5653 ἑπισκόπῳ
685 5584 957 5654 δυσμενὴς
988 5584 1292 5648 καθεστώς.
1344 5586 1417 5635 'l'6
1447 5585 1502 5636 δὲ
1541 5585 1641 5654 τῆς
1676 5587 1925 5654 Ἀλεξανι

1918 5618 1925 5628 -
2027 5596 2327 5649 constaret,
2359 5588 2643 5642 inimicum
2674 5604 2798 5642 eum
2825 5588 3224 5658 episcopicsse.
3257 5589 3443 5644 Nautze
3468 5605 3595 5642 vero

350 5673 529 5745 δρὲων
562 5677 842 5739 ναυτικὺν,
872 5677 966 5729 καὶ
999 5677 1239 5747 μάλιστα
1272 5679 1394 5729 ὅσον
1427 5677 1513 5729 διὰ
1537 5676 1637 5745 τὴν
1674 5680 1927 5748 σιτηγίαν

1915 5698 1927 5729 ρ
2028 5680 2404 5740 Alexandrini,
2438 5690 2493 5733 et
2518 5682 2750 5734 maxime
2778 5682 2869 5749 qui
2900 5681 3230 5737 frumentum
3259 5698 3325 5736 eo
3356 5664 3592 5736 advexe-

429 5865 507 5933 (l)
545 5864 667 5918 llzec
687 5864 850 5917 verba
892 5862 957 5917 de
987 5866 1209 5921 Arsacia
1237 5869 1377 5939 apud
1411 5870 1687 5927 Socratem
1715 5883 1761 5926 et
1802 5874 1835 5927 ς
1861 5897 1867 5904 -
1890 5894 1895 5899 ·
1922 5887 2158 5925 πηλτγιῐη
2197 5885 2303 5924 non
2340 5869 2712 5939 reperiuntur.
