4248 6446
759 413 862 477 995

1970 409 2390 471 NICEPIIORI
2433 411 2780 472 CALLlS'l‘l

3913 409 4026 473 996

756 530 833 582 sis
866 526 930 580 ad
981 525 1245 581 Joannem
1291 524 1642 595 quibusdam,
1696 525 1996 593 imperator
2045 527 2118 588 ci,
2167 537 2227 579 ut
2271 525 2410 588 deA

2365 531 2410 588 Α
2441 531 2487 580 οἱ
2514 529 2662 597 αὐτῷ
2707 529 3100 597 προσκείμῖνοι
3150 525 3250 595 τῆς
3289 525 3584 596 ἐκκλησίας
3623 524 4027 596 ἀναχωρήσαν-

757 619 957 674 throno
993 618 1212 672 tandem
1247 633 1274 670 a
1305 618 1518 673 duabus
1553 619 1779 689 synodis
1814 628 2200 672 exauctoratus
2240 619 2333 672 de»

754 711 1065 770 sccnderet,
1121 707 1468 777 signiﬁcavit.
1531 708 1605 762 lbi
1657 724 1889 779 magnus
1938 709 2029 763 ille
2079 709 2164 762 vir
2207 710 2327 777 (t):

761 818 780 851 ι
826 800 956 871 ligo,
993 801 1196 870 inquit,
1243 817 1272 854 a
1323 801 1613 856 Servatore
1658 803 1723 856 ad
1783 802 2096 871 episcopale
2129 818 2333 856 munus

755 901 1006 958 vocatus,
1039 893 1295 947 thronum
1330 909 1437 947 non
1474 893 1777 964 relinquam
1815 893 1914 962 (2).
1951 897 2018 946 At
2057 895 2103 948 si
2142 895 2262 958 tibi,
2297 909 2331 949 ο

756 985 1080 1052 imperator,
1113 985 1216 1039 hoc
1245 986 1316 1039 ita
1340 986 1515 1038 visum
1542 995 1650 1050 est,
1673 986 1723 1038 vi
1757 967 1839 1040 me
1869 986 1994 1039 inde
2019 985 2270 1040 deturba.
2304 1004 2322 1035 ι

757 1078 839 1131 Illi
891 1094 1041 1142 vero,
1097 1094 1160 1132 ne
1213 1095 1376 1148 grave
1425 1079 1722 1148 quidquam
1779 1095 1974 1133 rursus
2025 1080 2326 1146 accideret,

755 1180 1087 1231 metuentes,
1113 1180 1225 1223 tum
1259 1171 1482 1240 quidem
1514 1187 1640 1226 eum
1694 1172 1745 1224 in
1795 1173 2072 1226 domicilio
2106 1189 2328 1227 manere

755 1263 900 1331 passi
945 1271 1092 1315 sunt.
1131 1263 1268 1317 Cum
1316 1244 1494 1316 autem
1549 1264 1664 1332 ipse
1703 1265 1754 1317 in
1787 1264 2107 1332 episcopatu
2141 1267 2326 1334 quiete

756 1363 964 1422 ageret,
1003 1358 1094 1424 qui
1125 1356 1364 1425 partium
1401 1359 1520 1427 ejus
1553 1366 1730 1420 erant,
1779 1360 1846 1411 ab
1894 1358 2147 1419 ecclesia,
2183 1359 2328 1412 unde

755 1450 910 1518 i-jecti
950 1447 1186 1511 fuerant,
1223 1449 1568 1513 secedentes,
1600 1449 1766 1504 ferias
1801 1450 2093 1504 Paschales
2129 1451 2184 1503 in
2220 1467 2324 1519 pu-

758 1541 903 1594 llico
933 1542 1171 1605 lavacm,
1200 1543 1288 1595 cui
1323 1542 1780 1596 Constantianum
1815 1558 2015 1596 nomen
2056 1552 2157 1608 est,
2186 1544 2330 1597 cele-

759 1635 983 1686 brarunt
1009 1635 1107 1702 ('5).
1134 1635 1266 1687 Cum
1299 1636 1499 1703 quibus
1526 1635 1766 1704 episcOpi
1803 1634 1981 1698 multi,
2008 1644 2064 1689 et
2099 1635 2324 1704 presby-

759 1727 896 1790 teri,
934 1727 1138 1790 aliique
1177 1727 1532 1780 ecclesiastici
1574 1727 1820 1788 ordinis,
1861 1728 1928 1780 ab
1973 1743 2038 1780 eo
2080 1738 2328 1795 tempore

755 1820 921 1874 variis
946 1819 1000 1872 in
1025 1820 1161 1874 locis
1189 1831 1495 1875 conventus
1525 1831 1767 1889 agentes,
1790 1820 2057 1875 Joanniue
2081 1830 2208 1873 sunt
2235 1834 2327 1873 co-

756 1911 1082 1981 gnominati.
1123 1911 1288 1966 Sacra
1325 1927 1456 1966 vero
1482 1927 1545 1966 ea
1593 1922 1776 1974 nocte,
1809 1927 1970 1981 quam
2019 1912 2329 1966 luculentus

757 2001 977 2056 Pascha:
1010 2001 1266 2056 feriarum
1302 2002 1421 2055 dies
1458 2003 1839 2071 consequitur,
1885 2003 2185 2071 imperator
2212 2003 2327 2072 epi-

757 2097 941 2166 scopis
967 2097 1307 2160 convocatis,
1348 2095 1479 2164 quid
1517 2094 1663 2149 facto
1697 2111 1835 2164 opus
1873 2105 2042 2160 esset,
2075 2107 2130 2150 et
2167 2113 2232 2149 an
2265 2111 2327 2150 ea

758 2205 881 2259 qua:
913 2191 992 2244 sic
1035 2202 1374 2260 gererentur,
1408 2191 1518 2245 Deo
1555 2190 1751 2258 placita
1783 2197 1987 2253 essent,
2022 2192 2328 2258 interroga-

759 2282 856 2334 vit.
889 2281 992 2347 Qui
1041 2297 1148 2334 uno
1191 2296 1284 2334 ore
1317 2281 1480 2335 simul
1512 2297 1704 2335 omnes
1747 2281 2126 2334 exehmarunt
2163 2297 2174 2330 :
2216 2299 2232 2330 ι
2274 2281 2330 2333 In

759 2375 938 2442 capita
971 2383 1154 2427 nostra
1198 2373 1479 2443 abrogatio
1526 2389 1620 2427 seu
1671 2372 2062 2427 condemnatio
2106 2372 2330 2427 Joannis

2436 637 2546 684 τες,
2577 621 2634 670 τὸ
2667 620 2768 689 μὲν
2795 619 2984 687 Πάσχα
3014 617 3092 685 τῷ
3117 617 3364 686 δημοσίῳ
3392 614 3629 684 λουτρῷ,
3651 609 3695 681 ᾧ
3728 616 4025 668 Κωνσταν-

2435 714 2617 763 τιαναὶ
2646 712 2840 777 ὄνομα,
2872 709 3162 762 ἐπετέλουν
3185 725 3200 742 ο
3243 709 3339 761 σὺν
3375 710 3562 769 αὐτοῖς
3585 708 3639 760 δὲ
3684 707 3871 760 πολλοὶ
3898 709 4024 760 ὲπῖ-

2438 822 2630 856 σκοποι
2663 806 2758 856 καὶ
2791 803 3176 874 πρεσϐύτεροι,
3228 803 3323 854 καὶ
3357 802 3507 855 ἄλλοι
3551 802 4019 871 ἑκκλησιαστικοῦ

2434 897 2712 966 τάγματος
2777 897 2835 961 ἐξ
2888 896 3099 949 ἐκείνου
3126 895 3227 958 τὰς
3277 894 3606 962 συναγωγᾶς
3634 897 3691 946 ὲν
3731 893 3758 945 δ
3785 896 4023 961 Cia-399:;

2433 991 2620 1052 τόποις
2689 991 3042 1057 ποιούμενοι,
3092 989 3397 1041 ’ῐωαννῖται
3455 987 4015 1058 προσηγορεύθησαν.

2433 1083 2584 1135 Κατὰ
2633 1082 2689 1134 δὲ
2737 1085 2835 1150 τὴν
2891 1083 3041 1151 ἱερὰν
3072 1083 3265 1144 νύκτα,
3300 1083 3365 1151 ἢν
3405 1082 3436 1148 ἡ
3478 1078 3572 1130 τοῦ
3623 1080 3812 1146 Πάσχα
3849 1078 4016 1140 εὐθὺς

2432 1155 2740 1242 διαδέχεται
2783 1173 3023 1240 φωτεινὴ
3055 1171 3240 1240 ἑορτὴ,
3267 1172 3294 1223 ὁ
3327 1169 3586 1238 βασιλεὺς
3634 1170 3759 1230 τοὺς
3798 1168 4021 1220 ἐπεσκό-

2432 1282 2567 1325 πους
2600 1264 2880 1332 ἁθροίσας,
2913 1263 2964 1315 τί
3016 1262 3124 1314 δέοι
3158 1263 3444 1329 πράττειν,
3479 1260 3689 1329 ἠρώτα,
3747 1264 3836 1311 κα·
3907 1301 3915 1308 .
3995 1259 4005 1306 ‘.

2431 1357 2693 1422 γινόμενα
2719 1357 2859 1410 κατὰ
2906 1354 3135 1422 γνώμην
3173 1355 3259 1423 εἴη
3297 1353 3437 1422 Θεῷ.
3494 1355 3556 1405 υἱ
3585 1354 3630 1406 δ’
3661 1353 3780 1420 ἅμα
3814 1354 4020 1410 πάντες

2436 1449 2533 1518 μιᾷ
2559 1451 2709 1517 φωνῇ
2747 1447 3169 1515 ὰνεφθέγξαντο,
3215 1467 3232 1498 ι
3266 1447 3394 1498 Ἐπὶ
3431 1449 3529 1505 τὰς
3576 1446 3825 1516 κεφαλὰς
3857 1445 4019 1514 ἡμῶν

2432 1542 2464 1610 ἡ
2501 1541 2751 1594 Ἰωάννου
2794 1542 2875 1610 εἴη
2925 1541 3272 1610 καθαίρεσις.
3315 1557 3332 1588 ι
3399 1541 3460 1591 Oi
3513 1537 3612 1605 τῆς
3661 1537 3879 1604 μερίδος
3906 1553 4016 1586 τοι·

2432 1633 2640 1702 γαροῦν
2669 1633 2944 1695 Ἰωάννου,
2973 1635 3030 1685 ὲν
3053 1633 3129 1701 τῷ
3153 1633 3433 1701 εἰρημένῳ
3456 1629 3671 1699 λουτρῷ
3697 1631 3796 1698 τὴν
3824 1627 4017 1679 ἐπιλύ-

2431 1743 2577 1795 χνιον
2603 1726 2702 1792 τῆς
2732 1725 2972 1794 Χριστοῦ
3023 1727 3378 1780 ἀναστάσεως
3427 1722 3812 1782 ἐπιτελοῦντες
3848 1721 4021 1788 πανήο

2431 1834 2610 1884 γυριν,
2641 1817 2710 1868 τά
2745 1817 3002 1869 πάνδεινα
3053 1817 3327 1884 πάσχουσι
3371 1815 3508 1883 πρὸς
3556 1815 3664 1865 τῶν
3727 1811 4017 1876 δυσμενῶν

2367 1887 2404 1939 Β
2446 1909 2694 1961 Ἰωάννου
2759 1909 2850 1959 καί
2885 1925 3044 1960 τινων
3099 1909 3355 1962 ἀτάκτων
3411 1906 3754 1974 ἐπιθεμένων
3803 1905 4013 1964 αὐτοῖς.

2450 2003 2613 2054 Ἀλλὰ
2643 2004 2693 2054 τί
2722 2003 2804 2053 δεῖ
2834 2001 3016 2067 λέγειν
3047 2001 3210 2066 αὐτὰ,
3240 2002 3356 2053 ὲνδν
3388 2001 3475 2052 διὰ
3512 2000 3610 2066 τῆς
3645 1997 3854 2049 ἐκείνου
3881 2012 4018 2063 χρυ-

2431 2096 2528 2162 σῆς
2553 2093 2799 2163 γλώττης
2853 2093 3229 2161 ἀκριϐέστατα
3277 2093 3546 2152 διελθεῖνς
3607 2089 3878 2148 Γενναέως
3906 2089 4014 2152 γὰρ

2434 2188 2673 2249 ὑποστὰς
2702 2188 2769 2240 τὰ
2800 2190 2973 2250 δεινὰ,
3003 2191 3098 2242 καὶ
3126 2188 3441 2256 φιλαληθῶς
3491 2188 3631 2239 αὐτὰ
3665 2187 4012 2251 δεηγήσετιι.

2435 2279 2524 2346 Τῷ
2563 2279 2787 2348 Ῥώμης
2814 2282 2925 2350 γὰρ
2949 2280 3235 2349 ὲπισκόπῳ
3282 2279 3632 2348 Ίννοκεντίῳ,
3663 2281 3724 2329 τα
3759 2294 4016 2346 πεπραγσ

2440 2373 2577 2443 μένα
2611 2375 2660 2425 οἱ
2689 2374 2888 2442 δηλῶν,
2914 2376 3007 2425 καὶ
3035 2374 3209 2426 ταῦτα
3253 2373 3616 2442 προστίθησιν
3640 2388 3651 2400 °

759 2470 1102 2524 redundet.»
1137 2470 1293 2541 391
1344 2469 1654 2524 Sectatores
1703 2485 1868 2539 porro
1912 2469 2138 2523 Joannis
2207 2470 2260 2523 in
2327 2486 2394 2524 eo
2471 2469 2616 2540 quod
2676 2470 2916 2524 diximus
2976 2472 3197 2523 lavacro
3257 2470 3524 2522 illustrem
3597 2467 4018 2522 resurrectionis

757 2563 966 2617 Christi
1012 2564 1076 2618 ad
1128 2565 1376 2618 lucernas
1421 2573 1747 2633 peragentes
1806 2574 2159 2626 conventum,
2222 2579 2485 2633 perquam
2551 2565 2788 2633 graviter
2847 2580 2875 2617 a
2918 2565 3146 2618 Joannis
3217 2564 3474 2624 inimicis,
3522 2563 3916 2629 dissplutisque
3950 2574 4004 2614 et

772 2659 1034 2726 improlis
1063 2658 1409 2726 quibusdam,
1445 2655 1537 2725 qui
1564 2671 1659 2709 eos
1690 2656 1891 2723 agressi
1919 2657 2158 2718 fuerant,

2232 2668 2358 2709 sunt
2401 2659 2634 2723 accepti.
2699 2657 2816 2721 Qua
2847 2657 2914 2710 de
2952 2673 3009 2711 re
3044 2657 3174 2725 quid
3206 2673 3345 2726 opus
3371 2667 3457 2711 est
3495 2658 3702 2720 dicere,
3736 2672 3860 2709 cum
3893 2673 4013 2710 cam

774 2755 896 2820 ejus
927 2755 1098 2821 ipsius
1128 2768 1292 2806 aurea
1362 2751 1544 2821 lingua
1612 2752 2021 2806 accuratissime
2066 2766 2498 2805 commemorare
2539 2751 2742 2805 liccat?
2793 2753 2895 2817 Qui
2936 2752 3084 2805 enim
3131 2767 3397 2821 generose
3436 2767 3496 2804 ca
3567 2751 3706 2803 mala
3763 2752 4013 2820 peitnlit,

774 2863 903 2902 vere
924 2862 1140 2915 quoque
1174 2861 1240 2898 ea
1271 2844 1493 2897 relcret.
1561 2840 1733 2911 Igitur
1770 2843 1834 2895 ad
1902 2842 2282 2897 Innocentium
2354 2841 2506 2896 urbis
2539 2842 2722 2896 Romae
2751 2843 3092 2912 episcopum,
3135 2844 3201 2897 de
3257 2845 3424 2898 rebus
3452 2843 3565 2897 suis
3594 2845 3863 2907 scribens,
3897 2843 4018 2898 hasc

763 2956 983 3009 quoque
1012 2938 1263 2992 addidit:

1342 3052 1566 3109 CAPUT
1609 3051 1746 3106 XIX.

3034 3049 3286 3102 ΚΕΦᾹΛ.
3329 3049 3429 3105 ΙΘ’.

761 3145 998 3215 Epistola
1047 3146 1148 3197 divi
1191 3143 1580 3220 Chrysostoini,
1620 3159 1706 3220 _ea_
1740 3145 1947 3220 qum-hei
2001 3145 2322 3206 acciderunt,
2355 3163 2398 3220 α

2355 3163 2398 3220 ο
2447 3142 2774 3220 Ἐπιστολὴ
2812 3158 2936 3220 eoo~
2978 3143 3631 3220 Oeloo_va0’oardyov,
3683 3142 4016 3220 omﬁioiwja

829 3229 1259 3276 commemorans,
1290 3225 1337 3266 ct
1364 3219 1425 3266 de
1452 3213 1516 3266 iis
1543 3215 1629 3283 qui
1662 3213 1706 3266 ei
1731 3213 1896 3265 exsilii
1927 3222 2157 3281 tempore
2188 3231 2322 3284 pra:-

826 3298 906 3340 διο
939 3287 1100 3354 fuere.

834 3417 854 3449 ι
892 3397 1175 3462 Quomolo
1206 3411 1332 3449 vero
1376 3395 1594 3448 tandem
1630 3411 1750 3463 qua
1784 3396 1862 3450 sic
1901 3407 2018 3450 acta
2067 3409 2232 3462 sunt,
2267 3408 2322 3453 et

762 3490 1080 3559 tragtediam
1150 3503 1365 3541 omnem
1430 3489 1587 3556 longe
1637 3500 1939 3557 superant,
2011 3491 2322 3557 explicem?

758 3585 887 3649 Qum
928 3587 1104 3634 oratio
1134 3596 1196 3633 ea
1236 3580 1558 3633 |'CCt'l|SC€|l?
1591 3579 1719 3644 Qua:
1751 3596 1912 3634 aures
1944 3583 2057 3633 sine
2093 3582 2320 3637 horrore

759 3673 1073 3743 excipiant?
1124 3674 1258 3726 Cum
1288 3674 1434 3724 enim
1468 3686 1569 3725 nos
1607 3687 1669 3724 ea
1709 3686 1828 3739 quae
1858 3683 2019 3724 antea
2046 3673 2317 3737 diximus,

756 3765 1258 3837 prmtenderemus,’
1300 3762 1549 3816 militaris
1591 3777 1784 3816 manus
1820 3762 2137 3826 confertim,
2196 3766 2317 3834 ipso

759 3858 939 3927 magni
980 3854 1207 3911 Sabbati
1251 3853 1341 3906 die
1367 3853 1478 3918 jam
1512 3852 1578 3907 ad
1612 3869 1897 3923 vesperam
1941 3865 2221 3922 vergente,
2264 3857 2318 3910 in

757 3948 1020 4004 ecclesias
1067 3946 1401 4014 irrumpens,
1450 3945 1660 3997 clerum
1720 3961 1827 3998 una
1881 3946 2167 4001 nobiscum
2223 3963 2320 4018 per

755 4043 866 4094 vim
902 4041 1094 4112 eiecit,
1129 4047 1186 4091 et
1225 4038 1392 4090 armis
1421 4039 1796 4092 sanctuarium
1841 4039 2317 4094 circumvallatum

754 4142 875 4197 ut;
925 4140 980 4184 et
1035 4129 1293 4182 mulieres
1343 4143 1409 4182 eo
1467 4135 1709 4197 tempore
1765 4129 1816 4181 in
1868 4131 2074 4183 adibus
2125 4133 2314 4198 sacris,

755 4231 978 4292 propter
1013 4220 1342 4289 baptismum
1378 4221 1625 4273 vesnbus
1649 4221 1953 4289 depositis,
1992 4223 2174 4285 nudu‘,
2204 4240 2315 4290 pra:

757 4315 954 4366 timore
1003 4313 1188 4382 gravis
1237 4311 1510 4382 ejusmodi
1566 4311 1942 4380 itnpressionis
1990 4315 2313 4383 profugere;

754 4421 932 4472 neque
965 4405 1046 4458 eis
1086 4405 1375 4458 honestum
1425 4419 1586 4456 suum
1621 4403 1903 4469 habitum,
1939 4405 2031 4473 qui
2084 4405 2317 4462 feminas

2503 3213 2634 3278 περὶ
2673 3207 2758 3264 ὧν
2785 3210 2944 3274 αὐτῷ
2975 3207 3228 3276 συνέϐη,
3262 3213 3360 3266 καὶ
3404 3207 3529 3278 toi};
3563 3215 3694 3281 περὶ
3731 3216 3922 3266 αὑτὸν
3949 3207 4018 3267 ἐν

2502 3282 2582 3347 τῷ
2617 3281 2726 3347 τῆς
2751 3283 2991 3348 ἐξωμίας
3027 3283 3228 3351 καιρῷ.

2507 3413 2525 3445 ι
2561 3395 2680 3455 Πῶς
2718 3394 2784 3447 ἂν
2821 3394 2886 3446 τὰ
2909 3394 3144 3448 ἐνταῦθα
3182 3395 3557 3464 διηγησαίμην
3604 3396 3789 3449 λοιπὸν
3825 3401 4014 3451 πᾶσαν

2430 3488 2829 3556 ὕπερδαὶνοντι
2893 3487 3238 3555 τραγῳδίανς
3294 3487 3389 3548 Τίς
3441 3489 3581 3539 αὐτὰ
3630 3493 4011 3559 παραστήσειε

2428 3581 2582 3648 λόγος
2617 3598 2629 3642 ;
2694 3579 2829 3632 Ποία
2866 3583 3036 3647 χωρὶς
3097 3580 3302 3647 φρέκης
3338 3578 3546 3644 δέξεται
3589 3583 3767 3651 dmi};
3816 3585 4013 3650 Ἠμὼν

2428 3672 2536 3741 γάρ
2573 3670 2764 3734 ταῦτα,
2818 3670 3066 3739 καθάπερ
3101 3670 3410 3738 ἔμπροσθεν
3461 3668 3636 3738 εἶπον,
3691 3681 4011 3743 προτεινόν-

2427 3781 2555 3828 των,
2591 3763 2787 3830 άθρόον
2820 3762 3168 3828 στρατιωτῶν
3215 3764 3421 3831 πλῆθος
3469 3761 3618 3833 αὐτῷ
3670 3768 3747 3835 τῷ
3779 3767 4012 3837 μεγάλῳ

2429 3854 2690 3922 Σαϐϐάτῳ
2721 3856 2856 3922 πρὸς
2891 3854 3126 3920 ἑσπέραν
3171 3854 3360 3906 λοιπὶν
3393 3855 3490 3922 τῆς
3525 3858 3741 3925 ἡμέρας
3789 3861 4014 3927 ἐπειγοο

2431 3946 2621 4015 μένης,
2654 3948 2772 4008 ταῖς
2809 3946 3132 4014 ἐκκλησίαις
3167 3948 3580 4011 ἐπεισελθόντες
3609 3991 3623 4012 ,
3676 3951 3767 4002 τὸν
3800 3950 4013 4021 κλῆρον

2426 4036 2643 4090 ἅπαντα
2666 4037 2753 4087 τὸν
2786 4038 2882 4088 σὺν
2911 4038 3043 4106 ἡμῖν
3071 4039 3208 4107 πρὸς
3239 4040 3359 4105 βίαν
3388 4040 3669 4105 ἐξέϐαλον,
3698 4046 3794 4094 καὶ
3817 4047 4009 4109 ὅπλοις

2425 4129 2486 4178 τὸ
2521 4127 2672 4196 βῆμα
2711 4132 3143 4196 περιεστοίχιστο
3168 4145 3180 4156 ·
3239 4130 3335 4182 καὶ
3367 4135 3630 4195 γυναῖκες
3664 4136 3773 4185 τῶν
3806 4139 4013 4204 εὑκτη-

2431 4220 2560 4288 ρὶων
2606 4220 2771 4271 οῐκων
2825 4219 2960 4288 πρὸς
3008 4220 3068 4271 τὸ
3115 4219 3400 4285 βάπτισμα
3431 4224 3844 4292 ἀποδυσάμεναι
3881 4232 4010 4280 κατ’

2426 4312 2586 4363 αὑτὸν
2616 4311 2707 4362 τὸν
2737 4313 2953 4379 καιρὸν,
2985 4315 3191 4379 γυμναὶ
3223 4314 3422 4378 ἔφυγον
3455 4318 3562 4368 ἀπὸ
3592 4318 3680 4369 τοῦ
3717 4322 3882 4385 φόϐου
3911 4326 4010 4390 τῆς

2425 4406 2668 4473 χαλεπῆς
2701 4405 2906 4472 ταύτης
2938 4406 3152 4472 ἐφόδου,
3186 4408 3308 4459 οὐδὲ
3345 4409 3442 4476 τὴν
3466 4412 3786 4478 πρέπουσαν
3819 4431 4010 4480 γυναι-

756 4505 989 4555 inaxime
1020 4501 1198 4565 decet,
1241 4517 1458 4554 sumere
1484 4541 1497 4564 ,
1526 4516 1698 4568 seque
1733 4502 1956 4556 amicire
1991 4505 2313 4568 permissum
2351 4524 2400 4584 ο
2429 4507 2433 4544 ί

2301 4523 2313 4556 ι
2351 4524 2400 4584 ο
2429 4497 2507 4560 ξὶν
2540 4497 2956 4566 εὐσχημοσύνην
2989 4515 3445 4568 συγχωρούμεναι
3490 4504 3829 4572 περιθέσθαι.
3865 4509 3975 4559 Πολ

752 4603 857 4645 est.
895 4591 1070 4642 Multae
1095 4606 1221 4643 vero
1257 4591 1576 4643 vulneribus
1613 4592 1775 4644 etiam
1809 4593 2046 4660 acceptis
2078 4596 2314 4661 CXpulSL'

753 4694 907 4737 sunt.
941 4682 1180 4734 Lavaera
1224 4683 1338 4750 ipsa
1370 4683 1630 4748 sanguine
1661 4683 1890 4748 repleta,
1929 4693 1985 4736 et
2013 4686 2154 4737 sacri
2189 4686 2314 4738 lati-

752 4790 846 4827 ces
887 4788 1165 4841 purpureo
1206 4774 1482 4840 sanguinis
1513 4777 1694 4827 colore
1741 4772 1951 4827 iniecti.
2005 4773 2206 4828 Verum
2248 4791 2314 4828 ne

753 4865 806 4917 itt
863 4863 965 4917 hoc
997 4863 1216 4931 quidem
1274 4879 1513 4916 a‘runina
1569 4864 1682 4916 hmo
1748 4865 2014 4918 constitit.
2069 4867 2174 4919 Sed
2225 4868 2312 4920 ubi

753 4965 937 5009 sancta
980 4965 1110 5008 sunt
1147 4957 1409 5024 reposita,
1442 4972 1504 5008 eo
1540 4957 1740 5008 milites
1775 4957 2039 5024 ingressi;
2077 4975 2309 5025 quorum

753 5045 1025 5110 nonnulli,
1060 5045 1221 5098 sicuti
1268 5046 1600 5112 accepimus,
1636 5046 1964 5100 Christianis
1999 5049 2169 5103 sacris
2204 5049 2310 5102 itii-

755 5141 872 5194 tiati
917 5155 1023 5192 non
1073 5149 1267 5203 erant;
1313 5150 1365 5191 et
1399 5139 1618 5199 penitus
1653 5141 1836 5192 omnia
1874 5141 2312 5207 perlustrarunt,

753 5243 805 5285 ct
850 5232 1230 5288 sanetissinuts
1271 5231 1471 5285 Christi
1523 5234 1763 5300 sanguis,
1821 5234 1872 5284 in
1909 5243 2060 5285 tanto
2105 5234 2311 5288 sedi-cet

756 5325 1016 5385 tnniultu,
1060 5326 1109 5375 in
1153 5339 1342 5376 eorum
1384 5325 1478 5390 qui
1520 5324 1646 5375 dicti
1685 5333 1831 5385 sunt,
1873 5327 2106 5376 militum
2142 5328 2312 5377 vcsti-

825 5474 900 5542 (1)
932 5475 1075 5542 Ἐγὼ
1110 5477 1258 5542 παρὰ
1313 5476 1406 5526 τοῦ
1440 5477 1689 5543 Σωτῆρος
1733 5477 2032 5543 ἱερατεύειν
2065 5477 2309 5544 κληθεὶς,

753 5545 814 5626 σὺ
841 5545 1057 5626 μεθήσω
1087 5546 1175 5595 τὸν
1199 5546 1405 5626 θρόνον.
1438 5546 1496 5596 Εἰ
1520 5546 1575 5626 δὲ
1611 5549 1693 5598 oo‘i.
1723 5549 1880 5598 τούτο
1906 5551 2044 5599 κατὰ
2066 5550 2312 5617 γνώμην,

754 5608 799 5667 ὦ
836 5608 1080 5682 βασιλεῦ,
1119 5608 1250 5684 προς
1289 5615 1410 5681 βίαν
1435 5633 1501 5683 με
1525 5617 1743 5678 ἓξωσον.

827 5685 902 5757 (2)
935 5687 1076 5738 Idem
1106 5687 1331 5757 verbum
1366 5689 1646 5753 usurpavit
1674 5686 1991 5739 Ambrosius
2023 5690 2163 5757 apud
2203 5691 2309 5745 Va-

753 5754 1103 5809 lentiniarum
1126 5756 1397 5825 junioretn
1429 5757 1520 5807 lib.
1552 5771 1645 5813 xit.
1683 5773 1804 5825 cap.
1877 5759 1955 5810 |‘J.

823 5826 897 5894 (ὅ)
928 5826 1192 5894 Tempore
1217 5826 1449 5895 paschali
1476 5843 1744 5894 pratcipue
1776 5829 1898 5884 olim
1929 5831 2308 5882 Calui-humani

2424 4589 2512 4639 λαὶ
2541 4589 2596 4640 δὲ
2628 4589 2720 4640 καὶ
2769 4590 3064 4658 τραύματα
3103 4590 3388 4658 λαὸοὖσαι,
3445 4595 3838 4658 ἐξεϐάλλοντο·
3906 4605 4008 4652 καὶ

2423 4679 2654 4746 αἵματος
2685 4682 2738 4732 αἱ
2795 4680 3176 4751 κολυμὸἦθραι
3236 4685 3591 4755 ἐπληροῦντο,
3633 4693 3728 4741 καὶ
3772 4707 3840 4742 τα
3879 4696 4007 4762 isp'z

2424 4771 2531 4822 ἀπὸ
2557 4772 2663 4822 τῶν
2698 4773 2949 4840 αἱμάτων
2981 4775 3321 4839 ἐφοινίσσετο
3346 4780 3584 4846 νάματα.
3622 4783 3730 4834 Καὶ
3762 4785 3880 4835 οὐδὲ
3917 4789 4008 4838 ἐκ-

2423 4863 2594 4916 ταῦθα
2631 4866 2874 4933 εἱστήκει
2908 4867 2967 4918 τὸ
3012 4867 3216 4919 δεινόν·
3268 4870 3388 4921 ἀλλ’
3421 4872 3550 4924 ἔνθα
3581 4875 3645 4925 τὰ
3680 4877 3812 4942 ἆγια
3860 4881 4002 4932 ἁπέ-

2423 4972 2603 5007 κειντο
2636 4957 2970 5020 εἰσελθόντες
3005 4961 3054 5011 oi
3107 4963 3457 5029 στρατιῶται,
3507 4959 3581 5018 ὧν
3617 4968 3770 5026 ἔνιοι,
3816 4970 4004 5035 καθὼς

2422 5047 2762 5116 ἐπέγνωμεν,
2795 5051 2889 5102 καὶ
2919 5049 3157 5120 ἀμύητοι
3204 5048 3366 5121 ἦσαν,
3403 5056 3581 5109 πάντα
3614 5075 3670 5108 τε
3704 5061 3892 5128 ἑώρων
3932 5068 4004 5113 τὰ

2426 5139 2590 5201 ἔνδον,
2624 5143 2717 5192 καὶ
2763 5142 2823 5192 τὴ
2854 5143 3156 5208 ἁγιώτατον
3189 5145 3282 5196 τού
3332 5147 3572 5214 Χριστοῦ
3624 5143 3784 5219 αἷμα,
3819 5153 3890 5213 ὡς
3943 5158 4004 5205 έν

2423 5234 2657 5300 τοσούτῳ
2691 5233 2922 5301 θορύϐῳ,
2973 5237 3050 5294 si;
3097 5239 3162 5288 τὰ
3215 5239 3321 5290 τῶν
3381 5245 3796 5310 προειρημένων
3826 5261 4002 5311 6:91-

2423 5323 2629 5372 τιωτών
2668 5326 2854 5391 ἱματια
2885 5329 3121 5395 ἑξεχεὲτν
3143 5343 3156 5356 ⁸
3188 5332 3368 5393 καίὼς
3396 5337 3450 5383 ἐν
3481 5335 3830 5403 αἰχμαλωσίᾳ
3865 5336 4001 5405 βαρ-

2423 5479 2865 5548 baptizabantur.
2920 5499 3015 5550 per
3053 5484 3449 5538 hebdomadam
3502 5498 3690 5550 telam,
3733 5489 3894 5540 sicuti
3941 5501 3998 5542 ct

2425 5568 2519 5618 per
2553 5553 2904 5618 septimanam
2937 5555 3304 5617 l'entecostes,
3331 5557 3528 5610 Beatus
3553 5560 3856 5611 Bhenanus
3888 5561 3994 5612 huc

2423 5622 2756 5682 observavit,
2819 5626 2870 5675 in
2909 5623 3138 5676 Tertull.
3176 5627 3557 5679 adnotationes
3597 5631 3878 5681 scribens;
3941 5641 3998 5682 et

2426 5700 2693 5764 ti'slnttlur
2753 5693 2854 5745 hoc
2908 5709 3052 5746 nunc
3085 5709 3302 5763 quoque
3355 5698 3646 5751 eantilena:
3686 5701 3994 5764 solemnes,

2427 5762 2607 5829 hymni
2652 5772 2703 5814 et
2745 5765 3083 5829 precationes
3108 5762 3383 5820 Ecclesiae.
