4248 6446
735 440 881 510 1007

1956 453 2378 515 NICEPHORI
2422 454 2759 514 CALLISTI

3849 457 3986 523 1008

735 561 956 623 functo,
1005 560 1245 629 episcopi
1289 557 1672 617 Occidentales
1722 579 1832 620 non
1880 569 2032 636 prius
2058 569 2296 637 Ᾱῐςψιί,
2341 581 2379 633 Α

2341 581 2379 633 Α
2414 568 2760 630 ἐπισκόποις.
2794 567 2937 619 ’Λλλ’
2971 567 3076 620 οὐδ’
3111 568 3405 639 Ἀρσάκιον
3440 568 3531 620 τὸν
3571 570 3778 624 ἐκείνου
3813 571 3989 625 διάδο-

733 653 1013 712 Orientis,
1060 653 1320 720 Bospori,
1358 662 1415 707 et
1457 653 1703 709 Thraciae
1732 658 2018 727 episcopos
2047 661 2111 713 ad
2153 677 2304 713 eoin-

732 744 1045 797 mnnionem
1091 759 1244 797 suam
1287 743 1664 808 admiserunt,
1701 762 1863 814 quam
1898 763 2097 801 nomen
2129 749 2300 802 divini

731 837 878 891 illius
924 836 1021 889 viri
1061 837 1112 888 in
1162 843 1502 890 mortuorum
1556 837 1946 906 episcoporum
1993 841 2297 910 catalogum

730 931 991 983 retulere.
1029 928 1134 981 Sed
1189 943 1366 997 neque
1415 929 1703 981 Arsacium
1754 944 2130 985 successorem
2179 932 2301 1000 ejus

728 1025 811 1077 vel
854 1022 1277 1092 compellatione
1324 1021 1436 1075 sola
1466 1021 1670 1092 dignati
1715 1031 1862 1076 sunt.
1901 1022 2044 1088 Quin
2076 1032 2130 1077 et
2162 1025 2300 1077 Atti-

729 1136 877 1181 cum,
933 1116 1027 1186 qui
1077 1114 1304 1169 Arsaeio
1363 1115 1695 1169 substitutus
1746 1126 1861 1178 est,
1904 1125 1959 1170 et
1997 1117 2299 1184 legationes

729 1211 930 1264 inultas
976 1208 1040 1262 ad
1087 1223 1183 1261 eos
1226 1206 1402 1267 misit,
1449 1221 1703 1275 szepeque
1735 1221 1829 1275 per
1863 1207 2296 1276 paciﬁcationem

2408 677 2499 730 χον
2533 658 2695 727 ψιλῆς
2742 659 2871 721 γοῦν
2908 660 3265 730 προσρήσεως
3306 661 3659 727 κατηξίωσαν
3688 675 3701 690 ’
3739 662 3856 715 ἀλλ’
3879 665 3992 716 οὐδ’

2419 750 2697 816 ’Λττικδν,
2733 751 2788 814 ὃς
2830 752 2950 820 μετ’
2979 753 3270 822 Ἀρσάκιον
3299 752 3547 821 ἐγεγόνει
3575 770 3588 784 ο
3625 755 3715 806 καὶ
3754 756 3864 821 γάρ
3897 758 3991 808 καὶ

2404 843 2594 896 τοῦτον
2632 843 2803 897 πολλὰ
2839 845 3350 914 πρεσϐευσάμενον,
3385 845 3649 908 πολλάκις
3686 846 3742 898 δὲ
3776 846 3879 914 τῆς
3913 850 3989 898 εἰ·

2405 936 2572 1003 ρήνης
2603 937 2789 1003 τυχεῖν
2821 932 3129 998 ἀξιώσαντα
3150 975 3164 998 ,
3202 936 3381 1005 χρόνῳ
3417 935 3596 1004 πολλῷ
3634 939 3990 1006 προσήκαντο

2405 1024 2668 1095 ὕστερον,
2703 1029 2802 1097 τὴν
2835 1026 2929 1080 τοῦ
2972 1027 3212 1096 μεγάλου
3255 1029 3635 1097 προσηγορίαν
3665 1030 3777 1089 τοῖς
3822 1029 3987 1096 ἱεροῖς

2403 1117 2679 1189 διπτύχοις
2715 1121 3103 1192 ἐγγράψαντα,
3137 1121 3214 1184 ὡς
3253 1121 3450 1190 μικρὸν
3483 1122 3770 1190 προϊόντες
3807 1120 3984 1187 δηλώ-

2411 1229 2470 1264 σο
2479 1229 2600 1281 μεν.

728 1306 1011 1360 conciliari
1059 1306 1140 1359 eis
1189 1303 1436 1366 studuit,
1472 1302 1634 1370 longo
1670 1311 1794 1369 post
1827 1310 2076 1372 tempore
2112 1316 2502 1374 susceperunt,
2555 1307 2646 1362 ubi
2680 1309 2859 1380 magni
2885 1308 2986 1364 viri
3054 1323 3254 1363 nomen
3280 1310 3452 1364 sacris
3518 1308 3724 1364 tabulis
3790 1307 3988 1362 inscri-

727 1400 836 1469 psit
860 1440 873 1462 ,
921 1399 1080 1453 sicuti
1118 1397 1280 1467 paulo
1315 1405 1436 1464 post
1463 1395 1730 1448 dicemus.

1203 1513 1367 1584 399
1411 1512 1635 1567 CAPUT
1669 1511 1834 1567 xxui

729 1611 805 1664 De
851 1610 1024 1678 Tigrio
1084 1609 1416 1677 presbytero,
1448 1612 1513 1678 _ct
1571 1603 1822 1674 Eutropio
1897 1608 2103 1670 lectore,
2151 1618 2197 1661 et
2237 1625 2298 1661 ea

796 1675 925 1748 quia
952 1675 1166 1749 propter
1215 1675 1385 1746 ipsum
1436 1675 1574 1740 {acta
1626 1686 1700 1726 est
1752 1681 1804 1730 in
1854 1684 2050 1732 somnis
2100 1680 2296 1733 Sisinio

794 1767 1007 1804 τιειοηε.

2991 1514 3239 1570 ΚΕΦΔΛ.
3278 1517 3404 1570 ΚΓ.

2404 1611 2540 1676 Περὶ
2606 1609 2712 1662 τοῦ
2756 1608 3166 1674 πρεσϐυτέρου
3213 1610 3465 1675 Tn-plov,
3503 1610 3600 1662 καί
3645 1611 3984 1677 Εὑτροπίου

2473 1679 2576 1732 τοῦ
2606 1679 3023 1746 ἀναγνώστου,
3069 1681 3166 1730 καὶ
3209 1679 3318 1733 τοῦ
3347 1678 3444 1732 διὰ
3503 1680 3722 1734 τοῦτον
3749 1683 3984 1750 drama-

2470 1767 2597 1814 τος.

799 1865 874 1917 ΕΟ
928 1872 1169 1931 tempore
1222 1863 1460 1917 maximo
1507 1866 1746 1918 excitato
1795 1873 1982 1924 metu,
2033 1865 2289 1932 quoniam
2333 1929 2368 1939 ³
2470 1864 2476 1879 '

2333 1929 2368 1939 ﬁ
2470 1861 2785 1929 Τηνικαῦτα
2801 1860 2856 1913 δὲ
2878 1862 3142 1928 μεγίστου
3166 1861 3335 1929 φόϐου
3359 1864 3767 1934 ἀνηρτημένον,
3791 1868 3981 1939 ἐπειδὴ

728 1955 941 2026 plebem
992 1956 1233 2024 quietam
1295 1956 1556 2026 deinceps
1612 1973 1708 2025 per
1763 1956 2091 2010 seditionem
2155 1955 2291 2007 nihil
2332 1929 2405 2006 B:

2332 1929 2369 1981 Β
2399 1957 2490 2007 καὶ
2522 1955 2550 2004 ὁ
2582 1954 2750 2021 δῆμος
2783 1953 3047 2020 λωφήσας
3081 1952 3242 2022 δῆλος
3274 1949 3344 2023 ἦν
3379 1929 3588 2025 pii-tati
3616 1929 3810 2011 λοιποῦ
3847 1929 3981 2014 31a.-

728 2059 1002 2099 moturam
1048 2059 1166 2098 esse
1199 2047 1514 2110 constabat,
1545 2049 1697 2102 urbis
1743 2049 2031 2116 praefectus
2066 2047 2294 2117 Optatus
2399 2067 2405 2094 ε

2399 2044 2604 2108 σιάζειν
2628 2085 2643 2109 ,
2679 2047 2707 2096 ὀ
2743 2044 2839 2112 τῆς
2883 2045 3094 2105 πόλεως
3140 2045 3383 2115 ὕπαρχος
3406 2089 3419 2111 ,
3463 2049 3732 2113 Ὀπτάτος
3771 2051 3941 2119 ὖνομα
3965 2093 3980 2116 ,

728 2138 947 2207 publice
994 2153 1092 2205 pro
1135 2137 1428 2201 tribunali,
1479 2139 1546 2192 de
1596 2140 1850 2192 incendio
1887 2139 2019 2203 hoc,
2069 2149 2124 2193 et
2175 2155 2294 2206 qum
2397 2138 2405 2187 ί

2397 2137 2632 2205 δημοσίᾳ
2672 2134 3051 2204 προκαθίσας,
3091 2135 3254 2204 δῆθεν
3288 2140 3355 2190 τὰ
3393 2140 3524 2206 περὶ
3560 2141 3659 2210 τῆς
3699 2146 3983 2211 πυρκαῖᾶς

727 2227 1154 2297 roitllagraverat
1185 2239 1408 2281 senatus
1433 2228 1607 2290 curia,
1641 2229 1997 2296 qua-stionem
2022 2230 2292 2291 exercuit,
2397 2246 2404 2281 τ

2397 2231 2491 2281 καὶ
2526 2227 2620 2278 τοῦ
2651 2227 2747 2295 τῆς
2783 2229 3108 2296 γερουσίας,
3142 2231 3320 2281 είτουν
3352 2229 3446 2281 τοῦ
3481 2231 3871 2302 βουλευτηρίου
3906 2237 3985 2288 οῖ-

729 2321 1038 2388 mnltosqne
1075 2335 1141 2372 eo
1182 2319 1282 2372 sub
1321 2329 1585 2387 prretextu
1635 2321 1873 2388 graviter
1924 2321 2095 2375 torsit.
2140 2321 2293 2386 Quod
2398 2338 2406 2370 :

2398 2338 2528 2383 κου,
2565 2319 2819 2386 ἐξήταζε.
2859 2319 3095 2381 Πολλοὺς
3133 2320 3191 2372 δέ
3230 2323 3295 2390 τῇ
3332 2325 3606 2390 προφάσει
3639 2326 3832 2378 τούτου
3871 2328 3982 2380 δει·

728 2415 869 2466 enim
905 2412 1348 2481 superstitionem
1389 2411 1633 2465 ercam
1685 2415 2066 2481 profitebatur,
2114 2415 2165 2467 in
2200 2430 2296 2467 no-
2397 2428 2405 2444 ε

2397 2412 2502 2473 νὼς
2557 2413 2987 2480 ἐτιμωρήσατο’
3041 2413 3111 2465 τὰ
3159 2413 3268 2480 γάρ
3309 2411 3579 2482 Ἑλλήνων
3631 2419 3986 2486 πρεσϐεύων,

726 2508 854 2558 stris
889 2505 1044 2558 malis
1081 2504 1245 2557 veluti
1290 2505 1510 2559 delicias
1551 2517 1904 2570 consectans,
1949 2520 2001 2560 et
2037 2508 2293 2561 ceciesia-
2397 2521 2403 2550 ι

2397 2501 2586 2570 ὥσπερ
2628 2504 2739 2565 τοῖς
2785 2503 3078 2570 ἡμετέροις
3134 2506 3325 2566 κακοῖς
3371 2506 3682 2574 ἐντρυφῶν,
3729 2512 3823 2562 καὶ
3865 2515 3990 2574 ταῖς

727 2598 875 2651 sticis
905 2597 1155 2650 cladibus
1200 2595 1465 2659 illudens,
1511 2613 1637 2652 casu
1675 2614 1740 2651 eo
1787 2599 2202 2664 delectabatur;
2241 2609 2294 2654 et
2398 2593 2404 2642 ί

2398 2591 2885 2661 ἐκκλησιαστικαῖς
2935 2593 3253 2660 ἐπεγγελῶν
3307 2599 3636 2664 συμφοραῖς,
3693 2599 3987 2669 armis;

727 2688 1111 2756 presbyterum
1161 2687 1474 2753 quemdam,
1524 2688 1610 2739 cui
1663 2703 1861 2740 nomen
1906 2699 2024 2741 erat
2053 2688 2291 2756 Tigrins,
2399 2704 2404 2732 ε

2399 2679 2512 2750 εἶχε
2554 2684 2615 2734 τὸ
2660 2685 2963 2748 συμπεσόν.
3013 2685 3122 2735 Καὶ
3166 2685 3229 2752 δὴ
3279 2703 3398 2738 τινα
3447 2689 3846 2758 πρεσϐύτερον,
3895 2695 3991 2745 Τί-

727 2779 957 2847 :irripuit
989 2797 1000 2831 ι
1039 2778 1204 2846 eique
1240 2779 1486 2831 vestibus
1521 2778 1800 2841 detractis,
1836 2780 1983 2833 nudo
2021 2780 2204 2850 ﬂagris
2239 2784 2292 2835 in
2400 2788 2404 2797 '

2400 2787 2552 2838 γριον
2585 2769 2793 2837 ὄνομα,
2831 2770 3146 2836 συλλαϐὼν,
3183 2773 3470 2842 ὑφαιρεῖτό
3505 2793 3562 2828 τε
3596 2779 3698 2847 τὴν
3735 2781 3943 2849 ἐσθῆτα
3968 2824 3984 2844 ,

729 2883 879 2937 tergo
915 2871 1100 2939 plagas
1141 2869 1325 2923 intulit
1356 2887 1368 2922 :
1403 2879 1458 2923 et
1489 2886 1730 2939 eonstpie
1784 2872 2058 2925 hominem
2105 2887 2298 2926 exear-
2400 2878 2406 2889 '

2400 2861 2591 2930 γυμνῴ
2619 2878 2674 2912 τε
2703 2861 2848 2914 κατὰ
2878 2863 3044 2914 νώτου
3077 2863 3251 2931 ἐπῆγε
3283 2867 3380 2927 τας
3413 2868 3695 2936 μάστιγας
3719 2886 3733 2900 ⁸
3766 2874 3861 2924 καὶ
3893 2876 3991 2925 ἐπὶ

730 2964 997 3027 nilicavit,
1031 2964 1204 3017 donec
1237 2963 1455 3016 articuli
1492 2964 1608 3032 ejus
1643 2965 2011 3018 solverentur.
2052 2965 2298 3019 Manibus
2399 2971 2407 2987 ‘

2399 2955 2556 3006 τόσον
2587 2956 2839 3022 ῂκὶσατο,
2870 2955 2972 3018 ἕως
3004 2950 3065 3007 οὗ
3099 2958 3294 3026 ἐκείνῳ
3325 2959 3543 3030 διελύθη
3576 2966 3644 3014 τα
3679 2966 3861 3036 ἄρθρα
3891 2984 3906 2997 ο
3939 2970 3993 3019 οῖ

729 3054 876 3107 enim
909 3053 1251 3122 pedibusque
1283 3063 1431 3106 arcte
1462 3055 1696 3117 vinctus,
1725 3071 1883 3122 quam
1915 3057 2147 3111 maxime
2181 3057 2294 3110 licri
2399 3063 2406 3076 ‘

2399 3061 2456 3096 τε
2490 3046 2599 3114 γὰρ
2636 3046 2794 3107 πόδες
2827 3046 2919 3098 καὶ
2951 3048 3005 3099 αἱ
3037 3051 3218 3118 χεῖρες
3253 3051 3518 3119 ἀσφαλῶς
3550 3053 3947 3123 δεσμευθεῖσαι
3976 3101 3993 3122 ,

730 3142 929 3210 potuit,
963 3141 1236 3194 distentus
1267 3152 1370 3194 cst.
1399 3141 1618 3211 'l‘igrius
1651 3158 1781 3196 vero
1813 3145 1913 3197 iste
1942 3161 2140 3214 genere
2169 3147 2295 3200 bar-
2401 3138 2407 3186 ί

2401 3137 2485 3202 ἐφ’
2511 3138 2635 3189 ὅσον
2680 3137 2826 3205 ἐξῆν,
2867 3139 3210 3193 διετείνοντο.
3244 3141 3305 3193 ’0
3350 3143 3407 3194 δὲ
3453 3144 3679 3214 Τίγριος
3723 3142 3884 3212 οὗτος
3931 3152 3993 3203 τὸ

730 3236 896 3288 barns
930 3233 1148 3302 quidem
1179 3242 1232 3287 et
1267 3234 1579 3296 eunuchus,
1615 3250 1721 3288 non
1748 3236 1816 3289 ab
1847 3237 1960 3305 ipsa
1991 3239 2293 3304 nativitate,
2324 3262 2364 3318 ς
2403 3253 2407 3299 t

2324 3262 2364 3318 ε
2403 3231 2502 3300 μὲν
2543 3231 2701 3297 γένος
2747 3231 3022 3300 βάρϐαρος
3066 3229 3156 3304 ἦν,
3204 3234 3458 3305 εὐνοῦχος
3502 3238 3559 3289 δέ
3598 3239 3697 3290 οὐκ
3738 3241 3849 3292 ἀπὸ
3891 3261 3993 3310 γα-

729 3327 854 3380 luit.
899 3326 966 3379 Et
1012 3326 1270 3394 quoniam
1323 3325 1375 3378 in
1427 3326 1586 3379 herili
1633 3326 1827 3390 domo,
1888 3343 1986 3396 pro
2031 3345 2097 3381 eo
2133 3342 2294 3398 atque

731 3419 943 3478 debuit,
979 3417 1298 3470 servitutem
1331 3418 1542 3482 serviit,
1581 3419 1976 3486 praaclariurem
2012 3436 2170 3489 quam
2200 3437 2296 3489 pro

732 3514 874 3564 servi
917 3524 1076 3580 captu
1122 3509 1338 3563 laudem
1379 3510 1482 3563 sibi
1537 3512 1894 3580 comparavit.
1950 3513 2296 3583 Quapropter

731 3605 986 3657 libertate
1013 3604 1268 3665 donatus,
1302 3612 1528 3672 propter
1564 3619 1778 3657 morum
1812 3605 2207 3660 humanitatem
2245 3617 2297 3658 et

731 3694 1089 3756 modestiam,
1141 3695 1314 3746 multo
1368 3696 1744 3748 intercedente
1788 3708 2034 3765 tempore
2073 3699 2136 3750 ad
2173 3715 2298 3768 pre-

731 3788 937 3857 sbyteri
970 3798 1193 3839 evectus
1235 3797 1317 3839 est
1357 3786 1701 3855 dignitatem.
1751 3787 1878 3842 Erat
1917 3805 2148 3859 namque
2187 3806 2292 3842 mo-

732 3881 960 3932 deratus
1006 3877 1325 3940 admodum,
1369 3887 1423 3930 et
1469 3878 1839 3946 aequabilitate
1885 3881 2004 3932 vita:
2049 3881 2293 3948 insignis.

734 3971 871 4040 Erga
915 3971 1246 4039 indigentes,
1281 3971 1323 4023 si
1366 3971 1488 4039 quis
1528 3972 1688 4036 alius,
1726 3981 1779 4024 et
1813 3972 1925 4040 ipse
1967 3973 2118 4026 valde
2155 3989 2302 4026 com-

735 4063 965 4122 modus,
1011 4072 1065 4115 et
1115 4061 1169 4114 in
1222 4062 1465 4129 hospites
1513 4063 1605 4130 qui
1656 4062 1721 4114 ad
1762 4080 1886 4116 cuin
1924 4065 2296 4125 divertissent,

734 4156 1025 4224 benignus.
1056 4154 1260 4208 Deinde
1290 4155 1587 4220 Eutropius
1613 4155 1774 4208 etiam
1801 4155 1974 4208 lector
1997 4156 2209 4224 produc
2241 4171 2301 4208 t.s

733 4256 838 4308 est,
887 4258 1010 4297 eum
1062 4243 1219 4312 quasi
1275 4243 1644 4298 incendiatius
1690 4260 1784 4311 per
1833 4245 2042 4298 indices
2090 4247 2302 4301 delatus

734 4338 948 4390 luisset.
986 4335 1050 4388 Et
1098 4336 1332 4403 primum
1377 4336 1596 4403 quidem
1645 4336 1784 4390 boiis
1815 4337 2067 4391 distentis
2102 4340 2300 4406 smpius

736 4436 914 4479 tortus
941 4435 1045 4489 est,
1094 4435 1281 4494 postea
1327 4437 1507 4480 autem
1542 4427 1588 4478 ci
1633 4426 1865 4480 lustilius
1898 4439 1951 4480 et
1980 4428 2147 4482 clavis
2179 4445 2300 4482 ossa

737 4519 1099 4580 comminuta,
1149 4517 1365 4586 ungulis
1423 4519 1617 4570 deinde
1671 4520 1948 4580 Inen'tbra,
2000 4522 2206 4584 latera,
2249 4533 2302 4576 et

2407 3322 2606 3389 στράςο
2661 3321 2856 3390 δυνατῇ
2907 3322 2961 3373 δὲ
3012 3323 3159 3393 οἰκία
3210 3324 3600 3390 δεδουλευκὼς,
3648 3329 3724 3390 ὡς
3780 3331 3990 3399 χρεὼν,

2406 3411 2679 3481 ἐπῃνέθη,
2723 3413 2881 3476 δόξαν
2922 3415 2980 3465 οὐ
3027 3415 3167 3466 κατὰ
3210 3414 3396 3468 δοῦλον
3436 3421 3816 3485 κτησάμενος·
3864 3422 3997 3475 ὅθεν

2407 3505 2689 3575 ἐλευθερία
2724 3507 3002 3575 τιμηθεὶς,
3035 3507 3113 3578 τῷ
3147 3507 3242 3563 τοῦ
3279 3509 3488 3578 τρόπου
3525 3513 3765 3564 ἐπιεικεῖ
3809 3514 3995 3584 πολλῷ

2405 3595 2483 3664 τῷ
2507 3597 2660 3666 μέσῳ
2682 3600 2859 3668 χρόνῳ
2883 3601 2976 3652 καὶ
3000 3602 3077 3661 εὶς
3106 3601 3483 3670 πρεσϐυτέρου
3512 3603 3783 3672 προῆλθεν
3805 3605 3993 3669 ἀξίαν.

2407 3685 2517 3742 Ἦν
2546 3690 2600 3742 δὲ
2635 3690 2694 3741 τδ
2727 3684 2858 3760 ἦθος
2897 3693 3116 3761 μέτριος
3154 3693 3251 3744 καὶ
3288 3693 3700 3757 ἐπιεικέστατος
3730 3712 3744 3727 ο
3779 3695 3902 3747 λίαν
3935 3698 3998 3750 δὲ

2407 3781 2592 3846 δεξιῶς
2626 3778 2739 3851 εἶχε
2770 3782 2896 3851 περὶ
2925 3786 3048 3845 τοὺς
3081 3782 3371 3851 δεομένους
3403 3785 3562 3852 εἴπερ
3590 3803 3671 3847 τις
3703 3787 3800 3839 καὶ
3831 3790 3887 3839 εἴ
3913 3806 3997 3851 τις

2409 3875 2765 3945 ἐπιξενωυείη
2810 3876 2982 3946 αὐτῷ.
3033 3877 3173 3944 Πρδς
3217 3875 3282 3945 δὴ
3327 3877 3504 3947 τούτῳ
3548 3880 3644 3930 καὶ
3686 3880 3996 3948 Εὑτρὸπιος

2409 3965 2766 4036 ἁναγνώστης
2804 3970 3077 4037 προήγετο
3102 4005 3115 4028 ,
3149 3970 3562 4036 καταμηνυθεὶς
3598 3972 3896 4039 ἐπαφεῖναι
3935 3979 3998 4026 τὸ

2411 4055 2543 4124 πῦρ.
2596 4059 2703 4108 Καὶ
2749 4057 2814 4124 δὴ
2860 4057 3053 4124 πρῶτα
3103 4057 3201 4126 μὲν
3246 4060 3452 4127 βοείαις
3497 4066 3997 4131 κατατεινομὲ.αις

2413 4149 2668 4217 συχ.ιάκις
2711 4149 2965 4218 ᾐκίζετο·
3009 4149 3204 4203 ἔπειτα
3251 4151 3428 4215 ξύλοις
3475 4155 3569 4205 καὶ
3616 4155 3879 4223 ῥοπάλοις
3925 4160 4000 4208 τὰ

2411 4241 2543 4292 ὀστᾶ
2582 4239 2874 4292 συνεθλᾱτο
2900 4255 2913 4270 ⁸
2949 4238 3130 4304 ὄνυξιν
3169 4242 3263 4294 ἐπὶ
3295 4243 3508 4304 τούτοις
3543 4245 3609 4294 τὰ
3657 4245 3798 4314 μέλη
3843 4246 3999 4309 ἐξαί-

2413 4349 2566 4395 νετο,
2606 4333 2844 4401 πλευρὰς
2880 4351 2938 4385 τε
2977 4336 3068 4386 καὶ
3107 4335 3335 4402 παρειάς
3361 4350 3374 4363 ⁸
3413 4336 3565 4396 τέλος
3605 4337 3820 4403 πυρσὸν
3855 4342 3997 4392 ἀνα-

2415 4426 2615 4491 φθέντα
2650 4425 2895 4478 κάτωθεν
2930 4427 3239 4493 ὑπεδέχετο.
3279 4427 3366 4488 Ὠς
3394 4426 3453 4480 δὲ
3489 4427 3658 4496 μηδὲν
3688 4424 3832 4484 εἶναι
3865 4433 3999 4483 διω-

2420 4519 2673 4585 μολόγει,
2717 4519 2856 4586 μετὰ
2891 4522 2987 4582 τὰς
3026 4522 3322 4589 εἰρημένας
3363 4522 3631 4588 βασάνους
3668 4525 3731 4590 τῇ
3774 4527 4006 4594 φρουρᾷ

735 4611 969 4664 tnaxillce
1002 4613 1252 4672 concisre,
1287 4621 1567 4678 postremo
1598 4609 1866 4665 ﬂammam
1903 4629 2185 4667 accensam
2223 4619 2304 4667 in-
2334 4616 2379 4673 D
2409 4627 2412 4656 τ

2334 4616 2379 4673 Ῐ)
2409 4609 2792 4672 κατεκλείετο,
2834 4611 2928 4662 καὶ
2963 4610 3134 4662 ταῦτα
3169 4611 3287 4673 νέος
3326 4613 3421 4663 καὶ
3453 4613 3790 4680 ἁπαλόχρως
3831 4616 3968 4681 μάλι
3991 4643 4004 4652 -

735 4701 950 4755 l'crioris
1003 4702 1252 4768 corporis
1295 4701 1545 4768 partibus
1595 4704 1638 4754 is
1691 4703 1924 4770 excepit.
1982 4705 2157 4773 Atque
2209 4707 2297 4758 tibi
2410 4726 2412 4745 ι

2410 4718 2507 4752 στα
2550 4701 2643 4755 ὧν.
2677 4703 2848 4754 Ὀπου
2892 4703 2957 4773 δὴ
3007 4703 3397 4755 συσσαπέντων
3441 4703 3592 4772 αὒτῷ
3630 4705 3740 4755 τῶν
3786 4707 3999 4772 μελῶν,

734 4794 871 4846 nihil
921 4803 1002 4844 est.
1036 4793 1343 4854 confessus,
1388 4803 1502 4858 post
1540 4808 1633 4846 eos
1681 4794 1770 4862 qui
1827 4795 1954 4847 dicti
1999 4811 2124 4849 sunt
2176 4813 2301 4850 eru-
2408 4820 2411 4844 ι

2408 4796 2618 4847 ἁπεεῖίω
2671 4794 2807 4862 μετὰ
2860 4795 3056 4863 βραχύ.
3098 4793 3239 4860 Ἐγὼ
3287 4795 3330 4847 δ’
3360 4795 3462 4846 οὐκ
3514 4796 3736 4863 ὀκνήσω
3793 4799 3888 4848 καὶ
3935 4799 4004 4849 τξ

735 4888 908 4938 ciatus
938 4886 1194 4938 custodia:
1223 4885 1470 4938 inclusus
1501 4894 1602 4949 est,
1629 4901 1750 4938 cum
1782 4887 1999 4954 juvenis
2024 4900 2075 4941 et
2113 4900 2303 4943 tenero

2412 4887 2624 4952 cquiv
2660 4889 2750 4937 ἐπὶ
2784 4887 2958 4954 τούτῳ
2998 4886 3133 4952 δναρ
3168 4889 3231 4952 τῇ
3280 4890 3572 4954 συγγραφῇ
3616 4889 4001 4954 παραδοῦναι.

736 4977 970 5029 maxime
1006 4989 1233 5043 corpore
1269 4987 1432 5027 esset.
1471 4973 1569 5027 Ubi
1605 4976 1769 5027 etiam
1808 4979 2077 5045 correptis
2119 4989 2306 5046 putrc-
2409 4974 2413 5024 Ι

2409 4973 2632 5040 Σισινῗῳ
2669 4974 2774 5040 γὰρ
2805 4973 3201 5042 τῷέπισκὸπῳ
3236 4973 3553 5027 καθεύδοντι
3588 4977 3727 5046 ἁνήρ
3761 4995 3845 5040 τις
3877 4980 4005 5030 ἐδά-

736 5069 864 5120 dine
891 5066 1176 5124 membris.
1215 5066 1366 5118 brevi
1399 5065 1561 5117 vitam
1595 5066 1753 5119 liniit.
1785 5067 1985 5121 Verum
2019 5069 2306 5122 enimvero
2411 5084 2413 5090 '

2411 5081 2497 5116 κει
2551 5065 2951 5131 παρίστασθαι,
3008 5066 3195 5118 κάλλει
3248 5065 3342 5118 καὶ
3395 5066 3618 5134 μεγέθει
3670 5069 4004 5138 διαφανής·

736 5176 897 5230 grave
940 5158 1074 5212 mihi
1113 5173 1217 5210 non
1257 5157 1444 5223 luerit,
1481 5159 1753 5211 somnium
1792 5175 2008 5228 quoque
2045 5161 2189 5229 quod
2240 5163 2305 5215 de
2412 5189 2413 5192 η

2412 5160 2583 5226 σεμνῇ
2619 5157 2671 5208 δὲ
2708 5158 2772 5226 τῇ
2810 5157 3041 5226 ἀναϐολῇ
3081 5157 3421 5228 κεχρημένος
3459 5153 3559 5230 ἦν,
3600 5160 3752 5227 παρὰ
3790 5164 3850 5212 τὸ
3893 5163 4008 5214 Ou-

735 5269 800 5304 eo
829 5249 1048 5315 accidit,
1087 5248 1330 5301 historize
1368 5248 1495 5300 huic
1529 5257 1792 5301 attcxere.
1829 5250 2030 5302 Sisinio
2070 5265 2304 5318 namque

2413 5249 2728 5317 σιαστὴριον
2759 5248 2849 5300 τοῦ
2884 5247 2988 5301 νεὼ
3011 5289 3024 5310 ,
3059 5249 3115 5312 ὃς
3148 5249 3406 5318 Στεφάνῳ
3441 5251 3622 5302 avster
3657 5252 3733 5320 τῷ
3769 5270 4004 5321 πρωτο-

736 5349 992 5413 episcopo
1029 5341 1327 5396 dormienti
1363 5344 1619 5394 assistere
1679 5342 1827 5394 visus
1855 5351 1936 5394 est
1967 5343 2048 5394 vir
2085 5343 2304 5410 quidam

2417 5340 2678 5410 μάρτυρι.
2718 5339 2915 5409 Ἐῲκει
2967 5341 3023 5393 δέ
3075 5341 3396 5410 ἀδημονεῖν,
3455 5343 3538 5394 ὅτι
3595 5342 3672 5414 μὴ
3729 5346 4014 5416 ἀνδράσιν

737 5439 910 5491 forma
944 5444 1000 5487 ct
1033 5435 1364 5503 proceritate
1399 5433 1616 5494 illustri,
1657 5433 1842 5485 habitu
1880 5434 2040 5485 etiam
2075 5435 2307 5486 honesto
2413 5467 2414 5478 ι

2413 5433 2636 5499 ἀγαθοῖς
2667 5433 2909 5501 ἐντύχοι,
2941 5435 3032 5485 καὶ
3062 5433 3234 5486 ταῦτα
3263 5435 3456 5487 τούτου
3490 5435 3651 5505 χάριν
3681 5438 3867 5488 πᾶσαν
3898 5442 4014 5507 τὴν

737 5540 790 5580 et
823 5526 972 5597 gravi
997 5565 1010 5587 ,
1047 5525 1110 5576 ad
1149 5533 1390 5578 sanctam
1429 5524 1681 5578 sacrilicii
1715 5540 1900 5586 aram,
1939 5525 2123 5591 templi
2158 5525 2303 5592 quod

740 5605 1020 5686 Stephano
1047 5617 1431 5686 protonmrtyri
1464 5616 1704 5670 dicatum
1728 5627 1831 5669 est.
1860 5615 2021 5686 400
2049 5615 2309 5669 Conster-

741 5723 863 5765 nata
898 5726 1028 5764 vcro
1069 5711 1433 5764 admiratione
1484 5718 1661 5763 mente
1695 5726 1818 5762 eum
1867 5726 1987 5762 esse
2033 5712 2308 5778 apparuit,

743 5805 886 5873 quod
939 5807 1083 5858 viros
1132 5805 1302 5858 bonos
1338 5819 1444 5856 non
1493 5803 1784 5864 invenerit,
1821 5803 1978 5871 cujus
2021 5804 2096 5855 rei
2145 5803 2313 5871 gratia

749 5908 912 5950 totam
962 5897 1423 5965 perambulaverit
1474 5897 1709 5949 urbem:
1761 5906 1810 5950 et
1862 5895 2003 5964 quod
2062 5895 2114 5949 in
2166 5904 2311 5947 tanta

2416 5526 2569 5577 πόλιν
2598 5526 2999 5595 περιεληλυθώς
3027 5541 3039 5554 ·
3075 5527 3166 5578 ἐπὶ
3194 5528 3386 5579 σπάνει
3417 5527 3474 5579 δὲ
3502 5531 3746 5599 τοσαύτῃ
3781 5530 4017 5597 ἀνδρῶν

2415 5617 2633 5683 ἀγαθῶν
2668 5617 2826 5686 μόνον
2855 5617 3094 5685 διαφανῆ
3125 5614 3264 5668 εἶναι
3296 5617 3623 5688 Εὑτρόπιον.
3666 5619 3758 5670 Ἐν
3791 5621 4017 5691 ἐκκλῄ-

2421 5709 2496 5774 gs:
2531 5709 2585 5760 δέ
2618 5709 2908 5776 γενόμενον
2937 5709 3014 5777 τῷ
3049 5710 3351 5777 καινοτέρῳ
3384 5709 3481 5773 τῆς
3513 5709 3692 5776 ὅψεως
3723 5713 3816 5762 τὸν
3849 5713 4018 5765 2.35-

2421 5819 2550 5862 νιον,
2583 5801 2934 5867 διαναστῆναί
2970 5818 3025 5852 τε
3060 5800 3281 5865 εὐθέως,
3317 5801 3410 5853 καί
3439 5816 3548 5852 τινι
3581 5802 3690 5852 τῶν
3724 5801 3818 5854 ὑπ’
3845 5804 4015 5873 αὐτῷ

2422 5891 2806 5963 πρεσϐυτέρων
2849 5892 2905 5944 τδ
2949 5891 3082 5963 ὄναρ
3131 5891 3605 5962 ἐκδιηγήσασθαι,
3648 5892 3902 5946 κελεύειν
3948 5911 4014 5947 τε
