4248 6446
767 461 899 527 ιθιι

1984 465 2405 529 NICEPHORI
2443 466 2789 529 CALLISTI

3876 463 4012 525 101%

762 587 932 654 nique
979 589 1334 656 pecuniarum
1388 593 1737 655 renuntiasti.
1789 601 1849 646 ut
1892 606 1982 647 eas
2030 595 2094 646 de
2136 602 2333 647 cancro
2364 593 2393 646 Α

2433 588 2607 651 οὕτως
2639 589 2697 642 εῦ
2733 587 3032 658 πράξοντες
3060 605 3073 618 ·
3137 587 3323 641 οἴκτου
3372 604 3427 639 τε
3468 587 3582 656 ἅμα
3620 583 3716 638 καὶ
3766 583 3867 651 τῆς
3919 586 4011 636 ἐπὶ

759 679 928 732 veluti
964 681 1134 734 divini
1163 681 1302 750 julis
1327 681 1515 746 factas,
1540 685 1746 739 rectius
1773 687 1978 755 majore
2012 701 2136 739 cum
2163 685 2330 754 :cqui-

759 778 870 823 tate
903 770 1210 840 dispenscs,
1251 775 1652 844 obnoxiamque
1693 787 1744 832 te
1776 778 1972 832 rationi
2017 779 2326 838 reddenda),

758 861 804 914 si
843 864 974 929 quid
1004 864 1071 916 de
1099 866 1181 919 eis
1213 879 1412 934 praeter
1445 870 1713 923 rationem
1751 870 1952 923 factum
1987 870 2170 933 fuerit,
2207 885 2327 924 esse

759 951 917 1006 scias.
980 953 1166 1023 Itaque
1225 957 1636 1022 liberalitatem,
1676 960 1720 1014 si
1782 962 1914 1013 mihi
1981 961 2324 1030 obsequeris.

756 1043 1064 1109 petentium
1111 1046 1414 1114 indigentia
1469 1053 1732 1105 metieris.
1786 1054 1978 1107 Plures
2024 1056 2169 1107 enim
2221 1055 2327 1110 hoc

762 1134 926 1187 modo
958 1135 1350 1201 abundabunt,
1385 1148 1438 1194 et
1475 1142 1912 1196 misericordiam
1947 1146 2108 1198 simul
2134 1155 2184 1199 et
2213 1146 2324 1201 dis-

758 1223 1094 1288 pensationis
1131 1240 1351 1290 curam,
1389 1244 1551 1296 quam
1589 1230 1640 1282 in
1703 1230 1891 1285 divina
1928 1235 2156 1300 pecunia
2195 1251 2327 1287 con-

755 1313 962 1366 sectari
989 1318 1269 1380 convenit,
1299 1321 1676 1382 conseri-abis,
1708 1325 2324 1392 compensationemth

754 1415 811 1459 et
845 1405 1077 1474 grat‘am
1112 1419 1506 1476 congruentem
1544 1417 1917 1481 consequeris.
1958 1434 1976 1464 ι
2013 1415 2091 1470 Ex
2127 1431 2192 1469 eo
2223 1417 2324 1485 igi-

758 1505 846 1546 tur
893 1505 1135 1565 tempore
1171 1498 1222 1550 in
1253 1499 1425 1552 solam
1461 1513 1774 1557 sanctorum
1809 1521 1991 1559 curam
2028 1521 2162 1574 opes
2196 1523 2322 1563 suas

754 1589 1071 1658 impendere
1096 1596 1401 1658 constituit,
1428 1606 1482 1651 et
1506 1598 1718 1652 liberali
1744 1615 1904 1653 manu
1933 1601 2150 1655 virtutis
2175 1617 2322 1655 ama-

756 1693 903 1739 tores
953 1701 1240 1754 prosccuta
1288 1699 1404 1753 est,
1458 1691 1747 1759 largitione
1797 1696 2141 1748 convcnienti
2195 1711 2319 1749 cum

754 1775 1035 1832 hilaritate
1066 1794 1181 1832 usa.
1221 1781 1296 1834 Ac
1329 1783 1527 1835 multos
1555 1783 1643 1837 illa
1673 1785 1889 1852 quidem
1919 1786 2056 1840 alios
2097 1797 2320 1856 promer

753 1869 1113 1923 excellentem
1167 1872 1590 1940 hospitalitatem
1638 1876 1943 1930 liberaliter
1986 1888 2041 1932 et
2085 1880 2317 1950 benigne

753 1960 1005 2028 excepit,
1058 1961 1109 2015 in
1160 1963 1351 2030 primis
1393 1974 1573 2018 autem
1619 1967 1672 2020 in
1707 1968 2030 2036 Tlieopliilo,
2076 1973 2315 2027 amicum

756 2048 904 2101 illum
945 2059 1000 2104 et
1040 2053 1265 2106 charum
1310 2056 1418 2107 Deo
1462 2072 1580 2110 esse
1632 2071 1767 2121 rata,
1815 2064 2312 2130 magnanimitatem

755 2152 906 2191 suam
956 2143 1230 2195 ostendit:
1267 2147 1514 2212 quamvis
1558 2157 1611 2200 et
1657 2148 1770 2216 ipsa
1821 2150 2222 2216 improbitatem
2261 2165 2320 2209 et

753 2233 1113 2286 contumelias
1161 2234 1358 2304 l:nguaa
1401 2237 1522 2305 ejus
1575 2256 1682 2292 non
1730 2242 1950 2309 effugit,
1998 2246 2068 2299 ob
2099 2261 2315 2302 causam

758 2324 931 2384 illam,
966 2327 1108 2393 quod
1142 2337 1196 2379 et
1226 2326 1316 2379 Dei
1353 2341 1598 2383 amantes
1633 2330 1776 2384 viros
1813 2333 1932 2387 illos
1964 2337 2313 2391 Ammonium

755 2423 810 2467 et
841 2413 1108 2469 lsidorum
1144 2416 1380 2486 hospitio
1411 2422 1642 2489 excepit,
1678 2422 1866 2492 eisque
1898 2425 2128 2495 benigne
2162 2427 2315 2484 fecit.

755 2504 823 2558 Et
853 2521 976 2559 cum
1021 2509 1112 2576 qui
1146 2510 1234 2576 pie
1277 2511 1574 2564 secundum
1617 2513 1785 2568 Deum
1816 2517 2097 2580 viverent,
2129 2537 2319 2576 omnes

757 2596 1079 2662 honoravit,
1140 2599 1500 2672 ﬂagrantique
1557 2605 1742 2659 animo
1800 2607 1922 2663 illos
1985 2615 2316 2682 competenti

755 2703 883 2742 cura
912 2688 1160 2758 dignata,
1193 2695 1271 2745 eis
1314 2693 1599 2748 inservivit
1631 2713 1642 2744 τ
1680 2706 1792 2750 ιυιη
1841 2703 2112 2768 praecipue
2148 2704 2318 2775 Chry-

755 2790 996 2834 sostomo
1033 2782 1176 2836 Patri
1212 2783 1423 2837 addicta
1459 2795 1511 2837 et
1542 2785 1826 2840 familiaris
1879 2805 2042 2857 quam
2077 2795 2314 2848 maxime

755 2870 888 2934 fuit,
927 2882 1035 2925 tota
1067 2888 1130 2927 ex
1168 2873 1314 2928 illius
1346 2887 1479 2928 nutu
1512 2887 1567 2931 et
1603 2893 1697 2932 ore
1732 2882 1975 2947 pendens
1998 2926 2011 2947 ,
2048 2893 2103 2937 et
2137 2895 2317 2941 vestes

757 2971 917 3031 atque
947 2964 1129 3018 cibum
1164 2979 1358 3018 crassa:
1391 2965 1553 3036 hujus
1582 2971 1826 3023 materiae
1854 2983 2132 3038 expertem
2153 3016 2165 3034 ,
2198 2976 2318 3030 cul—

759 3062 978 3122 tumque
1035 3055 1184 3109 illiilli
1239 3072 1338 3124 pro
1388 3071 1455 3111 eo
1501 3070 1666 3126 atque
1711 3059 1897 3114 decuit
1943 3062 2044 3116 rite
2096 3080 2314 3130 parans,

755 3144 916 3215 402
943 3161 1042 3200 nec
1064 3162 1177 3200 non
1206 3146 1260 3200 in
1288 3147 1410 3203 aliis
1439 3149 1608 3203 rebus
1634 3151 1889 3205 omnibus
1910 3153 1959 3206 ei
1991 3153 2315 3220 inserviens,

757 3246 812 3290 et
846 3237 1247 3305 quodammodo
1279 3239 1505 3309 perinde
1543 3251 1708 3310 atque
1739 3242 1939 3298 Thecla
1971 3245 2141 3300 altera
2175 3248 2318 3302 Pau-
2349 3281 2393 3342 ε

759 3329 870 3383 lum
901 3344 1261 3400 consequens.
1317 3333 1577 3388 Sedenim
1601 3335 1832 3390 incendii
1869 3336 2028 3404 hujus
2060 3350 2320 3405 praetequ

759 3431 815 3474 et
862 3422 978 3490 ipsa
1017 3431 1128 3476 tum
1169 3422 1234 3476 ad
1269 3424 1508 3493 praefecti
1556 3426 1794 3480 tribunal
1849 3427 2114 3482 constitit.
2151 3430 2327 3497 Atque

761 3514 855 3567 illo
913 3514 1326 3585 interrogante,
1365 3535 1382 3568 ι
1418 3517 1546 3586 quid
1595 3518 1665 3570 ita
1723 3517 1940 3571 tandem
1985 3517 2330 3574 Christiano-

762 3622 882 3659 rum
926 3608 1214 3662 ecclesiam
1277 3609 1676 3664 incendisset?
1729 3628 1748 3661 ι
1807 3613 2112 3680 composito
2161 3613 2327 3682 placi-

763 3698 940 3764 doque
973 3698 1138 3750 animi
1183 3706 1329 3751 statu
1359 3699 1449 3752 illa
1476 3740 1491 3765 ,
1527 3717 1545 3750 ι
1587 3699 1701 3753 Non
1736 3701 1836 3753 hoc
1859 3743 1872 3765 ,
1907 3703 2011 3766 ait,
2042 3718 2074 3756 o
2102 3718 2324 3772 praeses,

764 3789 888 3843 vitae
923 3805 1058 3843 meat
1094 3789 1405 3844 institutum
1428 3793 1538 3845 'cst.
1575 3791 1945 3847 Substantiam
1977 3796 2146 3858 enim,
2178 3797 2324 3865 quod

765 3885 878 3954 ipse
905 3900 1123 3954 quoque
1149 3885 1315 3949 nosti,
1346 3901 1516 3940 meam
1551 3901 1658 3940 non
1684 3889 1933 3956 exiguam
1965 3889 2081 3943 fere
2110 3907 2324 3947 omnem

767 3977 820 4030 in
852 3991 1133 4030 sacrorum
1169 3977 1418 4031 fanorum
1467 3980 1917 4033 instaurationem
1967 3981 2252 4051 insumpsi.
2301 4002 2320 4034 ι

765 4066 867 4122 Ubi
901 4083 1030 4121 vero
1057 4067 1144 4121 ille
1170 4067 1514 4123 subobscure
1544 4084 1602 4123 se
1634 4070 1778 4122 illius
1806 4071 1968 4122 vitam
1997 4073 2135 4125 scire
2164 4074 2328 4142 signi-

769 4160 994 4219 licaret,
1058 4157 1378 4226 Olympias,
1440 4178 1458 4210 ι
1531 4159 1767 4214 Proinde
1832 4161 2034 4231 judicis
2103 4179 2324 4233 munus,

768 4252 966 4321 inquit,
1016 4251 1286 4320 relinque,
1332 4253 1775 4320 accusatorisque
1820 4270 2106 4322 personam
2148 4273 2324 4320 sume,

764 4354 820 4401 et
865 4347 1004 4401 alius
1048 4348 1209 4401 nobis
1253 4348 1415 4402 detur
1454 4348 1642 4418 judex.
1681 4368 1699 4401 ι
1736 4351 1906 4402 Porro
1935 4353 2188 4418 quoniam
2223 4353 2328 4404 cri-

766 4455 889 4493 men
932 4440 1204 4509 objectum
1255 4440 1583 4493 tcsdmoniis
1619 4439 1942 4494 confirmare
1985 4457 2090 4494 non
2125 4443 2325 4507 potuit,

765 4539 996 4596 eaniqtie
1023 4529 1262 4600 legitime
1296 4545 1524 4598 arguere
1557 4547 1662 4584 non
1694 4532 1865 4595 licuit,
1895 4532 1960 4586 ad
1989 4532 2091 4586 alia
2122 4534 2322 4587 sensim

2430 683 2543 743 τοῖς
2577 681 2780 743 θεῖκοῖς
2819 681 3070 751 χρήμασι
3103 677 3666 744 κατεσπουδασμένης
3689 679 3785 728 καὶ
3805 676 4012 727 οἰκονο-

2434 773 2598 842 μικῆς
2633 773 2916 842 φροντίδος
2949 771 3233 844 ἐπιτεύξῃ,
3293 770 3612 838 ἀνηκούσης
3650 768 4008 836 εὐτυχήσασα

2430 865 2684 934 ἀμοιϐῆς.
2723 884 2740 917 ι
2821 865 2910 931 Ἐξ
2971 863 3186 916 ἐκείνου
3242 862 3426 915 τοίνυν
3459 863 3539 923 είς
3565 861 3664 923 τὰς
3695 860 3805 912 τῶν
3835 858 4010 926 ἁγίων

2430 957 2726 1024 θεραπείας
2760 955 2930 1026 μόνας
2955 954 3218 1007 ἐκκενοῦν
3245 953 3388 1020 ἔγνω
3411 969 3426 985 ο
3462 951 3739 1020 φιλοτίμῳ
3770 969 3830 1003 τε
3858 950 4008 1019 χειρὶ

2427 1052 2552 1112 τοὺς
2583 1051 2682 1120 τῆς
2732 1050 2934 1117 ἀρετῆς
2989 1047 3230 1114 ἐραστὰς
3283 1044 3513 1113 ἐξένιζε,
3569 1047 3661 1098 καὶ
3699 1045 4006 1113 θεραπείας

2427 1142 2580 1211 ἠξίου
2616 1143 2714 1210 τῆς
2745 1141 3057 1210 ἀνηκούσης
3099 1139 3220 1208 μεθ’
3255 1139 3594 1207 ἱλαρότητος.
3633 1137 3870 1198 Πολλοὺς
3905 1135 4006 1204 μὲν

2425 1232 2519 1286 οῦν
2546 1236 2638 1286 καὶ
2660 1233 2853 1295 ἄλλους
2878 1233 2967 1284 διά
3000 1233 3062 1283 τὸ
3093 1231 3282 1297 περιὸν
3315 1231 3414 1298 τῆς
3450 1228 3759 1297 φιλοξενίας
3795 1227 4004 1293 φιλοτξο

2428 1341 2546 1390 μως
2605 1321 2910 1388 ἐδεξιοῦτο·
2965 1321 3103 1374 ἀλλά
3136 1321 3201 1390 δὴ
3238 1321 3333 1373 καὶ
3388 1320 3479 1372 ἐπὶ
3506 1319 3777 1386 Θεοφίλῳ,
3811 1319 3905 1371 ἔξιτε
3939 1318 4002 1385 δὴ

2427 1415 2582 1482 φίλον
2625 1415 2850 1484 οἰομένη
2911 1414 3072 1476 Θεοῦ,
3122 1415 3183 1467 τὸ
3225 1412 3611 1484 μεγαλόψυχον
3642 1410 4000 1474 ἐπεδείξατω

2425 1509 2526 1560 κᾶν
2560 1508 2794 1561 είσάπαν
2831 1508 2927 1560 καὶ
2953 1506 3090 1573 αὕτη
3121 1507 3180 1560 τὸ
3211 1507 3405 1573 ίταμδν
3436 1504 3534 1571 τῆς
3587 1504 3803 1556 ἐκείνου
3833 1501 4010 1570 γλώτ-

2422 1615 2519 1667 της
2551 1599 2646 1652 καὶ
2674 1599 3004 1670 ἐφύϐριστον
3035 1599 3134 1652 οῦκ
3184 1596 3520 1664 ἀπέδρασεν,
3555 1597 3739 1650 αἰτίαν
3773 1595 4005 1665 σχοῦσα,

2420 1691 2501 1742 ὅτι
2536 1691 2630 1742 καὶ
2690 1690 2817 1752 τοὺς
2867 1689 3140 1757 θεοφιλεῖς
3173 1691 3420 1753 ἐκείνους
3480 1688 3680 1758 ἄνδρας
3705 1689 3833 1749 τοὶς
3876 1689 4007 1755 περὶ

2434 1779 2744 1846 ’Λμμώνιον
2795 1779 2890 1832 καὶ
2935 1778 3206 1848 Ἰσίδωρον
3256 1778 3580 1844 ἐπιξενοῦσα
3607 1773 3667 1828 εὖ
3699 1777 3989 1845 ἔπραττεν.

2421 1869 2636 1932 Πάντας
2670 1869 2768 1937 μὲν
2794 1867 2886 1922 οῦν
2911 1871 3040 1932 τοὺς
3067 1870 3210 1939 κατά
3259 1870 3407 1924 Θεὸν-
3424 1870 3636 1931 ζῶντας
3683 1869 3870 1934 ἐτίμα,
3903 1867 4001 1918 31‘-

2422 1958 2643 2026 θερμῶς
2668 1958 2915 2028 ἐκήδετο,
2950 1959 3046 2011 καὶ
3071 1959 3168 2027 τῆς
3191 1958 3506 2028 ἀνηκούσης
3532 1957 3794 2028 προνοίας
3821 1956 4006 2025 ἠξίουο

2427 2049 2504 2116 τῷ
2534 2050 2588 2101 δὲ
2626 2050 2996 2118 Χρυσοστὸμῳ
3025 2052 3198 2120 Πατρὶ
3249 2051 3620 2120 διαφερόντως
3654 2049 3800 2115 μάλα
3832 2063 4008 2115 προσ-

2427 2141 2627 2205 έκειτο,
2657 2143 2749 2193 καὶ
2783 2143 3022 2212 συνήθης
3081 2143 3242 2213 είπερ
3275 2161 3360 2206 τις
3387 2139 3474 2213 ἦν,
3530 2141 3626 2210 ὅλη
3658 2141 3758 2208 τῆς
3793 2138 4009 2191 ἐκείνου

2427 2236 2519 2286 καὶ
2555 2236 2725 2304 ῥοπῆς
2749 2238 2844 2287 καὶ
2875 2237 3125 2303 γλώσσης
3159 2237 3361 2302 ἑαυτὴν
3394 2237 3774 2304 ἐξαρτήσασα.
3809 2234 4010 2303 ίμάτιά

2423 2341 2483 2377 τε
2518 2327 2611 2377 καὶ
2649 2326 2810 2380 ἀῦλον
2835 2327 3053 2396 ἐκείνην
3093 2327 3306 2396 τροφήν
3360 2343 3421 2378 τε
3454 2327 3547 2378 καὶ
3586 2326 3892 2394 θεραπείαν
3932 2326 4011 2385 ὡς

2427 2417 2572 2479 εἰκὸς
2607 2416 3029 2488 εὑτρεπίζουσα,
3061 2419 3157 2472 καὶ
3181 2418 3351 2471 τᾶλλα
3385 2418 3564 2470 πάντα
3593 2416 3880 2485 γινομένη.
3912 2417 4011 2467 καὶ

2425 2510 2628 2572 τρόπον
2658 2511 2849 2578 ἕτερον
2895 2511 3076 2564 Θέκλα
3102 2529 3185 2574 τις
3213 2505 3326 2565 οἷον
3369 2512 3503 2580 ἄλλη
3539 2511 3614 2580 τῷ
3645 2510 3844 2579 Παύλῳ
3879 2513 4010 2575 ἐτε-

2430 2597 2662 2664 πομένη.
2697 2599 2776 2668 Τῇ
2809 2600 2864 2653 δέ
2912 2603 3188 2669 προφίισει
3235 2600 3334 2652 τοῦ
3388 2601 3683 2668 φλέγοντος
3715 2602 3809 2654 καὶ
3861 2601 4007 2667 αὕτη

2425 2687 2748 2755 τηνικαῦτα,
2803 2690 2882 2759 τῷ
2939 2691 3033 2742 τοῦ
3087 2691 3334 2760 ὑπάρχου
3392 2692 3698 2759 παρίστατο
3771 2692 4006 2772 βήματι.

2438 2775 2730 2842 Ἐρομένου
2771 2777 2816 2829 δ’
2852 2771 3063 2830 ἐκείνου
3118 2781 3170 2831 τί
3220 2781 3282 2848 δή
3343 2795 3471 2831 ποτε
3507 2781 3608 2849 τὴν
3659 2782 4009 2849 Χριστιανῶν

2428 2867 2728 2934 ἐκκλησίαν
2801 2869 3179 2938 ἐμπρήσειεν,
3232 2870 3414 2938 ἐκείνη
3501 2872 3756 2940 ἠρεμαίῳ
3824 2873 4010 2941 ψυχῆς

2426 2960 2829 3028 καταστήματι,
2863 2984 2881 3011 ι
2915 2964 3027 3033 Οὐχ
3054 2961 3220 3032 αὕτη,
3244 2958 3288 3016 ὦ
3320 2964 3550 3033 ἐπαρχε,
3583 2966 3709 3032 ἔφη,
3744 2965 3842 3033 τῆς
3865 2966 4010 3032 ἐμῆς

2427 3048 2608 3120 βιοτῆς
2641 3053 2672 3120 ἡ
2708 3053 3052 3121 προαίρεσις.
3086 3053 3195 3124 Τὴν
3227 3055 3336 3123 γὰρ
3377 3056 3517 3125 ἐμὴν
3564 3055 3754 3108 οὐσίαν
3793 3057 4005 3124 πολλὴν

2425 3159 2488 3210 γε
2527 3139 2713 3208 οὖσαν,
2749 3147 3042 3200 ἐπίστασαι
3075 3149 3130 3200 δὲ
3162 3150 3258 3202 καὶ
3297 3151 3482 3212 αὐτὸς,
3524 3153 3711 3220 σχεδὸν
3743 3152 3804 3204 τὸ
3842 3154 4003 3207 πλεῖ-

2427 3252 2570 3297 στον,
2610 3238 2690 3301 είς
2723 3238 3025 3293 ἀνανέωσιν
3057 3242 3221 3309 ἱερῶν
3256 3242 3438 3312 σηκῶν
3469 3244 3850 3312 ἐκδαπανῆσαι
3873 3248 4001 3311 ἐγε-

2431 3345 2573 3382 νετο.
2607 3348 2625 3382 ι
2658 3329 2766 3383 Τοῦ
2797 3332 2844 3383 δ’
2865 3333 3106 3403 αίσχρῶς
3129 3333 3480 3403 αίνιξαμένου
3516 3337 3610 3388 τὸν
3636 3339 3854 3407 ἐκείνης
3890 3339 4009 3407 βίον

2426 3422 2648 3486 εἰδέναι,
2687 3443 2706 3476 ι
2748 3424 2959 3478 Οὐκοῦν
2995 3427 3153 3492 ἀφεὶς
3192 3426 3456 3490 δικάζειν,
3491 3423 3668 3490 εἷπεν,
3703 3431 3784 3490 είς
3813 3431 4010 3498 σχῆμα

2427 3516 2764 3586 κατηγορίας
2801 3518 3092 3586 μετάϐηθι,
3125 3520 3216 3572 καὶ
3247 3519 3408 3583 ἀλλος
3446 3521 3606 3587 ἡμῶν
3644 3521 3856 3574 ἐσεῖται
3886 3540 4011 3591 κρι⁸

2426 3605 2543 3672 τῆς.
2593 3623 2613 3658 ι
2653 3605 2804 3658 Ἐπεὶ
2838 3608 2884 3659 δ’
2916 3608 3237 3678 ἀμάρτυρον
3272 3605 3383 3679 εἶχε
3413 3609 3472 3661 τὸ
3501 3608 3778 3677 ἔγκλημα,
3803 3617 3901 3664 καὶ
3947 3615 4010 3665 ἐν

2425 3694 2551 3765 δίκῃ
2587 3696 2900 3766 μέμφεσθαι
2950 3699 3052 3751 οὐκ
3108 3698 3260 3767 ἐνῆν,
3301 3701 3386 3768 ἐφ’
3439 3699 3607 3770 ἔτερα
3650 3702 3835 3769 ἠρέμα
3871 3720 4009 3769 μετα

2429 3786 2650 3841 έϐαινε·
2717 3791 2811 3841 καὶ
2861 3790 3174 3858 συμϐούλου
3227 3792 3393 3846 τόπον
3441 3792 3634 3863 ὥσπερ
3690 3794 4007 3863 ἀναλαϐὼν,

2428 3881 2817 3949 κατεμέμφετο
2866 3883 3060 3953 ὅτιπερ
3101 3884 3356 3937 Ἰωάννου
3427 3884 3707 3954 ἐξέχοιτο,
3759 3890 3857 3942 καὶ
3918 3888 4010 3941 διὰ

2427 3972 2586 4024 τοῦτο
2616 3972 2716 4041 τὴν
2740 3973 2838 4040 τῆς
2862 3974 3064 4034 Ἐκκλη
3078 3976 3196 4038 σίας
3220 3981 3509 4029 κοινωνίαν
3529 3979 3590 4030 οὐ
3624 3979 4010 4047 καταδέχοιτο,

2427 4065 2548 4123 ἐξὸν
2582 4064 2875 4134 μεταμέλῳ
2932 4069 3310 4135 χρησαμένην,
3365 4068 3714 4137 ἀπηλλάχθαι
3745 4075 4016 4141 πραγμά-

2399 4163 2552 4204 "cuiu.
2600 4152 2662 4204 Ἠ
2705 4152 2760 4204 δὲ
2821 4151 3089 4221 μακαρία,
3127 4170 3144 4202 ι
3177 4154 3250 4222 μὴ
3308 4153 3466 4222 θέμις
3522 4152 3664 4208 εἶναι
3723 4158 3881 4225 ἔλεγε
3911 4159 4013 4231 τὴν

2425 4243 2660 4314 δημοσίᾳ
2715 4244 3082 4308 συκοφαντίαν
3125 4246 3464 4306 ὑποστᾶσαν.
3519 4247 3591 4316 μὴ
3624 4249 3816 4314 μέντοι
3849 4251 4013 4302 δικα-

2430 4335 2635 4403 στηρίῳ
2693 4335 3104 4400 διελεγίθεῖσαν
3165 4340 3279 4399 τοῖς
3340 4341 3867 4408 κατηγορημένοις.
3928 4346 4015 4405 είς

2427 4429 2593 4498 ἄλλην
2623 4429 2924 4494 ἀπολογίαν
2967 4432 3312 4499 μεταχωρεῖν
3370 4433 3632 4500 μέμψεων
3663 4434 4010 4490 ἀνευθῦνων,

2440 4517 2580 4570 Ἀλλ’
2616 4519 2669 4570 εἴ
2701 4535 2781 4570 σοι
2809 4520 2973 4579 δοκεῖ,
3000 4515 3079 4581 οἷς
3115 4537 3182 4584 με
3215 4520 3407 4586 πρώην
3432 4520 3769 4590 ἐγράψαντο,
3814 4524 4015 4576 κέλευε

765 4618 1056 4688 pmfectus
1098 4622 1332 4675 transiit.
1364 4623 1431 4676 Et
1456 4623 1606 4691 quasi
1640 4623 1935 4676 consiliarii
1981 4624 2158 4676 locum
2201 4640 2323 4678 sns-
2355 4639 2393 4691 ι]

2431 4613 2760 4678 συνηγόρους
2789 4609 3225 4678 προστήσασθαι.
3259 4611 3318 4662 Ei
3357 4613 3452 4676 γάρ
3482 4628 3545 4679 με
3572 4611 3795 4678 βιάσαιο
3828 4631 4019 4683 παρα-ο

768 4711 1034 4780 cepisset,
1063 4727 1182 4765 eam
1235 4713 1606 4781 reprehendit,
1639 4714 1777 4783 quod
1830 4714 2053 4768 Jnnnnis
2089 4717 2326 4769 necessi-

770 4799 1013 4854 tudinem
1061 4801 1359 4866 rctineret,
1394 4810 1450 4855 et
1476 4812 1761 4869 promerea
1791 4800 2051 4854 Ecclesia:
2088 4815 2331 4854 conmm-

771 4891 989 4945 nionem
1033 4907 1140 4945 noo
1193 4894 1481 4962 reciperet.
1517 4908 1641 4946 cum
1685 4893 1734 4947 ei
1787 4892 2128 4958 τοεὶριειέοιιιῐ
2168 4892 2328 4947 facile

769 4991 952 5048 esset,
999 4984 1220 5054 negotio
1269 4985 1626 5053 molestiaque
1664 4983 1814 5037 omni
1852 4984 2095 5037 liberari.
2133 4985 2328 5037 Verum

771 5073 928 5128 beata
962 5073 1052 5128 illa
1094 5073 1246 5128 nefas
1279 5090 1399 5128 esse
1431 5075 1588 5136 dixit,
1642 5089 1760 5128 eam
1806 5089 1926 5142 qum
1971 5075 2188 5144 publice
2234 5090 2330 5144 per

773 5164 1183 5234 sycophantiam
1217 5165 1428 5226 delata.
1457 5174 1508 5219 et
1543 5165 1596 5218 in
1629 5165 1838 5234 judicio
1869 5165 1935 5218 de
1966 5166 2196 5220 crimine
2227 5169 2328 5218 ob-

766 5258 915 5327 jecto
953 5273 1054 5309 non
1100 5259 1350 5312 convicta
1391 5265 1556 5324 esset,
1603 5257 1669 5311 ad
1714 5258 1942 5311 alterius
1986 5258 2085 5320 rei,
2122 5274 2241 5326 quae
2275 5259 2326 5310 iu

771 5349 980 5404 crimen
1018 5359 1181 5419 atque
1221 5350 1484 5421 judicium
1532 5364 1641 5403 non
1685 5352 1958 5409 venisset,
1994 5365 2212 5404 causam
2245 5351 2328 5402 di-

770 5439 1001 5495 cendam
1037 5443 1289 5496 transire.
1332 5461 1350 5493 ‹
1386 5441 1540 5508 Quod
1581 5443 1626 5496 si
1669 5443 1803 5503 tibi,
1853 5443 2046 5510 inquit,
2095 5443 2327 5506 videtur,

766 5531 900 5603 jube
931 5549 1018 5587 me
1046 5543 1307 5602 patronos
1335 5535 1638 5602 producere
1669 5533 1962 5589 criminum
1992 5549 2181 5588 eorum
2212 5550 2330 5603 quae

772 5624 1024 5693 proxime
1053 5625 1185 5679 mihi
1221 5635 1349 5680 sunt
1378 5626 1661 5681 intentata.
1693 5626 1825 5680 Nam
1856 5627 1900 5680 si
1927 5641 2120 5694 cogere
2153 5626 2324 5689 voles,

774 5726 835 5771 ut
879 5733 966 5772 me
1008 5727 1200 5773 contra
1243 5721 1390 5789 leges
1431 5721 1651 5790 synaxis
1689 5729 1744 5772 et
1773 5728 2076 5773 conventus
2105 5733 2229 5771 cum
2263 5719 2330 5772 iis

768 5823 909 5878 quos
949 5810 1170 5865 minime
1220 5810 1377 5866 decet
1417 5811 1739 5881 participem
1782 5809 1976 5864 faciam
2009 5826 2022 5862 :
2060 5808 2326 5863 facturam

769 5913 858 5954 Ine
899 5914 1008 5956 non
1040 5916 1160 5958 esse
1204 5904 1364 5966 scito,
1392 5917 1512 5965 quae
1543 5902 1623 5958 eis
1651 5902 1829 5957 facere
1859 5903 2183 5971 permissum
2217 5917 2324 5957 non

2430 4702 2609 4769 νόμως
2641 4702 2912 4764 συνάξεων
2945 4703 3313 4771 συμμετέχειν
3340 4700 3422 4764 οἷς
3460 4705 3520 4756 οὺ
3548 4703 3747 4772 χρεὼν,
3783 4706 3896 4757 ἴσθι
3932 4709 4016 4775 μὴ

2430 4795 2739 4863 πράξουσαν
2765 4793 2800 4846 ἃ
2851 4794 2924 4864 μὴ
2955 4798 3167 4864 ἐφεῖται
3207 4794 3287 4859 οἷς
3316 4798 3566 4850 εὐσεϐεῖν
3618 4798 3894 4866 αἵρεσις.»
3948 4801 4018 4853 Ὀ

2432 4885 2677 4954 ὕπαρχος
2702 4885 2748 4938 δ’
2771 4887 2864 4942 οῦν
2897 4889 2970 4950 ὡς
2997 4889 3138 4956 ἔγνω
3166 4891 3240 4960 μὴ
3277 4890 3566 4944 πείσεσθαι
3596 4895 3658 4960 τῇ
3699 4892 4020 4964 Ἐκκὶησίᾳ

2431 4982 2728 5046 κοινωνεῖν,
2762 4981 2878 5033 τότε
2911 4982 3009 5050 μὲν
3035 4983 3197 5050 δῆθεν
3233 4984 3386 5051 ἠφίει
3411 4985 3748 5053 συνηγόρους
3781 4987 3973 5054 εὑρεῖν
4002 5005 4016 5017 ο

2430 5070 2620 5122 ἄλλοτε
2652 5072 2707 5123 δὲ
2739 5072 2815 5140 τῷ
2846 5074 3184 5142 δικαστηρίῳ
3212 5074 3570 5142 παραγαγὼν,
3620 5078 3848 5143 χρυσίου
3878 5077 4024 5129 πολ-

2430 5163 2522 5214 λοῦ
2549 5163 2936 5227 κατεδίκαζενο
2973 5165 3221 5233 οίὸμενος
3254 5166 3364 5234 γὰρ
3396 5161 3463 5234 ἦν
3496 5165 3584 5218 διά
3625 5165 3801 5218 ταῦτα
3837 5185 4025 5236 μετα-

2432 5255 2622 5306 θέσθαι
2661 5259 2757 5324 τῆς
2814 5255 2995 5324 δόξης.
3045 5257 3260 5326 Ἐκείνη
3319 5257 3376 5310 δὲ
3421 5258 3600 5310 ταῦτα
3658 5259 3795 5325 παρ’
3849 5261 4024 5312 οὐδὲν

2430 5347 2782 5418 λογισαμένη,
2818 5350 2878 5402 οὐ
2913 5351 3053 5403 κατά
3077 5367 3126 5402 τι
3167 5349 3263 5402 τοῦ
3302 5350 3505 5403 σκοποῦ
3551 5352 3863 5420 καθυφῆκε.
3905 5354 4024 5407 Διά

2429 5459 2511 5493 τοι
2537 5441 2694 5493 τοῦτο
2743 5445 2838 5493 καὶ
2895 5443 2991 5511 τὴν
3043 5443 3461 5495 Κωνσταντίνου
3521 5442 3783 5507 λιποῦσα,
3817 5446 3918 5512 τὴν
3953 5446 4026 5497 ἐν

2431 5535 2653 5600 Κυζίκῳ
2677 5534 2957 5603 διατριϐὴν
2991 5534 3399 5599 κατησπάζετο.
3434 5531 3544 5587 Εἶτ’
3583 5537 3801 5589 ἐκεῖθεν
3828 5538 4028 5605 ὑπερ-

2429 5629 2585 5696 ορίαν
2613 5627 2792 5694 φυγὴν
2824 5629 2881 5678 ἐν
2927 5630 2991 5695 τῇ
3029 5628 3270 5679 Βιθυνῶν
3323 5627 3674 5700 Νικομηδείᾳ
3708 5630 4026 5682 κατεδικά-

2429 5720 2581 5782 ζετοο
2615 5718 2865 5785 ἀφθόνως
2894 5718 2950 5771 δὲ
2999 5719 3066 5772 τὰ
3105 5719 3341 5792 χρειώδη
3376 5720 3602 5791 Ἰωάννῃ
3635 5723 3695 5774 ἐν
3725 5722 4023 5795 ὑπερορίᾳ

2426 5809 2662 5876 διάγοντι
2691 5813 2958 5878 ἔπεμπεν,
2993 5813 3068 5875 ὡς
3109 5815 3320 5866 ἐκεῖνον
3365 5816 3617 5868 ἐντεῦθεν
3655 5816 3878 5876 πολλοῖς
3953 5835 4020 5870 τε

2429 5904 2716 5974 ἐπαρκεῖν,
2741 5906 2834 5958 καὶ
2857 5907 2954 5959 οὐκ
2975 5905 3188 5974 ὀλίγους
3213 5907 3521 5978 ὠνούμενον
3547 5909 3647 5978 τῆς
3679 5910 3788 5962 τῶν
3819 5908 4018 5963 'lszzi-
