4248 6446
288 402 418 469 1021

1223 414 1822 476 ECCLESIASTIC/E
1863 417 2249 480 HISTORIA!
2285 424 2414 482 LIB
2473 425 2641 488 ΧΙΙῘ.

3395 424 3537 487 1022

285 539 405 574 πον.
455 522 618 576 Ἀλλὰ
647 525 737 577 toi.
767 524 863 578 τοῦ
899 525 1152 594 σώματος
1192 528 1326 593 ἡμῖν
1354 525 1862 591 ἀπαγορεύσαντος,
1892 527 1942 588 Α

1836 544 1862 589 ⁸,
1892 527 1942 588 Δ
1973 531 2223 590 homines
2252 537 2571 604 impetrant,
2607 548 2668 592 ιιι
2701 535 2754 589 in
2800 536 3160 590 ammniorem
3187 535 3513 590 viciniorem

283 615 380 664 καὶ
410 613 505 666 τοῦ
545 615 712 680 φόϐου
747 618 855 669 τῶν
895 618 1162 685 Ὶσαύρων
1209 621 1389 670 πάντα
1419 619 1866 687 πολιορκοῦντος,

281 705 386 774 τῆς
449 711 658 778 μικρᾶς
708 710 921 781 ταύτης
959 713 1054 765 καὶ
1085 710 1339 770 εὐτελοῦς
1369 712 1470 765 οὐκ
1521 712 1870 781 ἐπετύχομεν

282 796 531 866 χάριτος.
568 800 704 865 Δόξα
732 801 811 870 τῷ
835 801 959 871 Θεῷ
982 805 1078 856 καὶ
1127 803 1216 857 διὰ
1246 803 1408 857 τοῦτο
1432 818 1446 832 ·
1481 805 1542 856 οὐ
1577 804 1870 872 παυόμεθα

280 890 392 957 γὰρ
426 891 593 943 αὑτὸν
627 893 722 944 ἐπὶ
754 893 885 946 πᾶσι
921 894 1260 960 δοξάζοντες.
1298 895 1397 964 Ετη
1423 897 1484 950 τὸ
1503 897 1672 963 ὖνομα
1701 899 1867 950 αὑτοῦ

280 979 650 1050 εὐλογημένον
693 985 774 1047 είς
802 985 931 1048 τοὺς
983 985 1210 1050 αίῶνας.
1262 987 1408 1040 Ἰστε
1435 991 1541 1059 γὰρ
1575 989 1651 1052 ὡς
1687 991 1870 1042 πάντα

281 1069 536 1139 θορύῆων
559 1075 658 1127 καὶ
706 1077 952 1146 ταραχῆς
987 1079 1407 1147 πεπλήρωνταν
1451 1081 1544 1132 tul
1602 1083 1700 1150 οὐχ
1727 1082 1870 1149 ὺπέρ

281 1163 923 1231 κωναταντινουπὸλεως
972 1171 1079 1240 χρὴ
1140 1172 1301 1239 μόνον
1354 1173 1720 1239 παρακαλεῖν,
1753 1173 1868 1225 ἀλλ’

281 1252 426 1316 ὑπὲρ
457 1255 553 1322 τῆς
602 1257 932 1328 οἰκουμένης
967 1260 1222 1328 ἁπάσης*
1271 1262 1579 1332 ἐπειδήπερ
1615 1263 1867 1316 ἐντεῦθεν

280 1343 595 1412 ἀρξάμενον
626 1348 685 1399 τὸ
749 1332 957 1413 κακὸν,
991 1354 1247 1421 καθάπερ
1282 1354 1524 1424 εἴρηται,
1581 1354 1865 1425 πανταχοῦ

281 1437 382 1504 τῆς
413 1438 519 1506 γῆς
546 1439 646 1503 τὰς
699 1443 998 1510 ἐκκλησίας
1075 1445 1421 1512 λυμαίνεται.
1461 1447 1866 1516 Ἐὁδυμήκοντα

281 1532 466 1583 τοίνυν
499 1533 716 1602 ἡμέρας
745 1536 1127 1604 ἀναλώσαντες
1153 1540 1294 1593 κατὰ
1325 1540 1428 1610 τὴν
1454 1541 1590 1605 ὁδὸν,
1609 1541 1708 1610 ὀψέ
1735 1557 1866 1594 ποτε

281 1621 690 1694 ἀπηντήκαμεν
752 1629 833 1690 είς
894 1631 996 1699 τὴν
1057 1633 1396 1695 Κουκουσὺν,
1450 1634 1512 1686 τὺ
1557 1634 1740 1698 πάσης
1767 1635 1862 1704 τῆς

280 1715 612 1785 οἰκουμένης
676 1721 1020 1791 ἐρημότατον
1072 1725 1292 1796 χωρίον.
1351 1725 1514 1779 Ὅθεν
1553 1727 1864 1793 λογίζεσθαι

279 1808 347 1874 τῇ
387 1805 793 1878 Θαυμασιότητι
848 1815 1002 1883 ὑμῶν
1031 1816 1264 1879 ἔξεστιν,
1319 1819 1420 1871 ὅσα
1447 1819 1542 1870 καὶ
1571 1819 1737 1886 ἡλίκα
1767 1836 1862 1870 πε-

291 1897 572 1966 πόνθαμεν
603 1905 770 1966 κακὰ,
794 1908 1050 1972 πυρετοῖς
1071 1907 1367 1976 ἀφορήτοις
1397 1910 1741 1972 παλαίοντες,
1768 1909 1862 1961 καὶ

290 1987 443 2058 φόϐῳ
501 1990 792 2064 Ἰσαυρικῷ
828 1995 1303 2067 πολιορκούμενοι.
1357 2000 1468 2052 Kal.
1499 2000 1670 2053 ταῦτα
1697 2001 1862 2067 λέγω,

287 2081 391 2132 οὐκ
417 2082 587 2148 ἀξιῶν
629 2086 918 2155 ἐνοχλῆσαί
982 2107 1102 2142 τινα
1159 2092 1302 2146 ὥστε
1333 2092 1478 2162 ἡμᾶς
1521 2092 1862 2162 μεταστῆσαι

279 2171 556 2227 ἐντεῦθεν.
597 2175 672 2230 Τὸ
708 2182 817 2248 γὰρ
844 2181 1234 2248 χαλεπώτατον
1263 2183 1601 2254 διηνύσαμεν
1621 2184 1716 2252 τῆς
1742 2183 1863 2236 ὁδοῦ

276 2265 378 2333 τὴν
404 2266 812 2336 ταλαιπωρίαν.
845 2272 982 2324 Ἀλλ’
1016 2274 1162 2343 ὑμᾶς
1208 2275 1372 2345 χάριν
1403 2276 1558 2338 αἰτῶ,
1616 2276 1678 2327 τὸ
1731 2293 1860 2327 συν..

278 2355 422 2426 εχιῖις
451 2359 582 2427 ἡμῖν
609 2363 866 2430 γράφειν,
901 2365 995 2417 καὶ
1024 2366 1164 2436 ὑπὲρ
1206 2369 1316 2420 τῶν
1349 2369 1660 2436 ἐκςλησιῶν
1695 2387 1859 2438 (ερον-

276 2443 476 2505 τίζειν.
518 2465 536 2496 t
569 2448 676 2500 Καὶ
705 2446 864 2514 αὖθις
908 2453 1072 2505 πάλιν
1105 2456 1303 2522 φησίν·
1346 2476 1362 2506 ι
1403 2458 1557 2511 Ἐπεὶ
1590 2458 1686 2510 καὶ
1713 2459 1862 2526 ἡμᾶς

276 2535 462 2603 τρίτον
496 2537 616 2600 ἔτος
671 2544 730 2594 ἐν
782 2543 968 2613 ἐξορίᾳ
1019 2545 1419 2614 διατρίεοντας,
1468 2548 1634 2616 λιμῷ,
1662 2549 1858 2617 λοιμῷ,

278 2629 568 2698 πολέμοις,
630 2633 976 2703 πολιορκίαις
1027 2639 1333 2706 συνεχέσιν,
1397 2643 1607 2709 ἐρημία
1644 2642 1858 2706 ἁφὰτῳ,

279 2720 501 2786 θανάτῳ
557 2723 967 2793 καθημερινῷ,·
1001 2730 1301 2795 μαχαίραις
1366 2731 1721 2795 Ἰσαυρ.κατς,
1761 2735 1858 2802 οὐχ

281 2809 360 2872 ως
390 2809 550 2880 ἔτυχε
584 2814 901 2882 παρακαλεῖ
955 2816 1052 2870 καὶ
1100 2819 1512 2888 παραμυθεῖται
1548 2823 1608 2874 τὸ
1635 2824 1859 2892 διαρκὲς

278 2901 378 2952 καὶ
411 2901 643 2971 μόνιμον
677 2902 834 2970 ὑμῶν
863 2904 964 2974 τῆς
1014 2906 1312 2971 διαθέσεως
1334 2949 1347 2973 ,
1394 2913 1492 2978 τῆς
1542 2913 1855 2982 παρρησίας

277 2992 344 3044 τὸ
368 2993 610 3057 ἁκλινές.
643 2996 808 3050 Ὀυεν
830 2999 879 3050 εί
904 3000 998 3052 καὶ
1026 2999 1120 3053 τοῦ
1152 3002 1387 3069 ἐδάφους
1408 3003 1504 3056 καὶ
1529 3005 1639 3057 τῶν
1662 3009 1858 3076 τειχῶν

279 3083 382 3150 τῆς
419 3085 628 3150 πόλεως
664 3089 1070 3161 ἐκϐεϐλήμεθα,
1099 3093 1197 3162 τῆς
1230 3094 1287 3148 δέ
1323 3095 1528 3166 κυρίως
1555 3099 1767 3162 πόλεως
1797 3100 1857 3153 ού

1973 640 2080 694 que
2105 627 2282 681 locum
2319 627 2835 682 condentnaremnr.
2872 628 3072 682 Verum
3099 642 3224 681 cum
3254 636 3310 681 et
3343 641 3544 694 corpus

1972 731 2242 772 mrumnas
2269 718 2430 773 hasce
2465 720 2704 774 tolerare
2736 720 2986 788 deneget,
3015 729 3070 772 et
3097 728 3278 774 metus
3327 717 3544 774 Isauro-

1973 823 2093 862 rtttu
2123 811 2304 864 omnia
2335 810 2734 870 circumvallet.
2771 826 2992 880 parvam
3041 810 3182 864 hanc
3221 819 3280 865 et
3323 818 3540 862 tenuent

1971 901 2201 968 gratiam
2255 901 2508 957 obtinere
2544 920 2653 958 non
2707 918 3019 973 possumus.
3070 902 3152 956 Sit
3201 917 3269 956 eo
3322 914 3544 969 quoque

1972 995 2193 1050 nowine
2229 995 2336 1048 Deo
2376 995 2568 1064 gloria.
2621 996 2741 1050 Non
2793 995 2940 1050 enim
2984 993 3290 1064 gloriﬁcare
3327 1008 3452 1047 eum
3489 993 3542 1046 itt

1969 1089 2228 1141 omnibus
2252 1086 2581 1141 desinimus.
2605 1087 2688 1142 Sit
2718 1102 2918 1141 nomen
2949 1087 3068 1156 ejus
3098 1085 3445 1139 benedictum
3487 1083 3542 1137 itt

1972 1179 2193 1233 tta-cola.
2231 1178 2397 1233 Scitis
2434 1194 2696 1248 namque,
2748 1181 2865 1233 loca
2916 1179 3099 1232 omnia
3133 1175 3462 1230 tumultibus
3489 1183 3546 1228 et

1973 1270 2154 1324 turbis
2191 1283 2314 1323 esse
2347 1270 2505 1338 plena
2544 1286 2559 1322 :
2591 1285 2692 1323 nec
2731 1285 2832 1338 pro
2885 1266 3359 1336 Constantinopoli
3406 1266 3542 1329 sola,

1967 1359 2066 1413 sed
2128 1374 2228 1429 pro
2293 1361 2556 1414 universo
2599 1359 2735 1417 orbe
2771 1358 3023 1413 oratione
3064 1365 3114 1412 et
3157 1356 3544 1411 cohortatione

1966 1464 2105 1516 opus
2134 1458 2233 1502 est.
2281 1449 2408 1502 Inde
2436 1449 2584 1502 enim
2649 1449 2804 1502 initio
2833 1457 3075 1518 sumpto,
3109 1447 3272 1502 sicuti
3335 1446 3544 1500 dictum

1965 1551 2068 1603 est,
2107 1541 2317 1594 malum
2340 1542 2457 1594 loca
2481 1541 2663 1595 omnia
2691 1538 3020 1609 pervadens,
3058 1537 3320 1592 ecclesias
3353 1547 3546 1588 omnes

1970 1635 2172 1686 turbat.
2218 1633 2574 1701 Septuaginta
2603 1631 2798 1686 diebus
2828 1631 2883 1685 itt
2930 1630 3126 1684 itinere
3178 1624 3540 1694 consumptis,

1965 1725 2263 1792 aliquando
2294 1723 2518 1777 tandem
2567 1722 2846 1777 Cucusutn
2896 1722 3254 1791 pervenimus
3299 1737 3313 1774 :
3361 1718 3540 1772 locum

1967 1817 2136 1869 totius
2179 1816 2363 1881 orbis,
2417 1824 2642 1884 propter
2688 1815 3083 1878 solitudinem,
3136 1811 3540 1882 gravissimum.

1969 1906 2206 1961 Proinde
2234 1909 2538 1962 reverentia
2575 1916 2755 1962 vestra
2794 1907 3052 1976 colligere
3087 1913 3288 1974 poteSI,
3317 1917 3440 1970 quae
3489 1910 3545 1955 et

1967 2009 2172 2066 quanta
2213 1998 2607 2066 pertulerimus
2640 1998 2806 2060 mala,
2835 1994 3360 2051 insustentabilibus
3383 1993 3546 2046 febri-

1967 2089 2069 2142 bus
2130 2087 2452 2154 conﬂictati,
2510 2099 2566 2144 et
2626 2097 2773 2144 metu
2825 2087 3066 2142 lsaurico
3121 2084 3541 2141 circumvallati.

1963 2178 2141 2248 Atque
2169 2179 2283 2235 haec
2304 2180 2526 2248 quidem
2545 2179 2691 2241 dico,
2723 2195 2831 2234 non
2859 2179 3005 2248 quod
3035 2177 3197 2232 velim
3217 2190 3544 2244 quemquam

1965 2273 2223 2340 cuiquam
2276 2272 2570 2327 molestum
2619 2287 2765 2337 esse,
2799 2281 2857 2326 et
2899 2283 3084 2340 petere
3142 2279 3203 2323 ut
3253 2268 3360 2322 alio
3419 2268 3547 2325 inde

1966 2363 2282 2416 transferar.
2307 2363 2442 2416 Nam
2475 2363 2619 2431 quod
2654 2361 3013 2414 durissimum
3065 2359 3188 2419 fuit.
3213 2358 3312 2412 via:
3337 2357 3548 2412 scilicet

1963 2470 2286 2517 mrumnam,
2321 2455 2671 2522 pertulimus.
2712 2453 2817 2508 Sed
2860 2454 3007 2507 illant
3044 2469 3073 2506 a
3111 2451 3267 2506 vobis
3314 2451 3544 2520 gratiam

1964 2556 2113 2617 peto,
2144 2556 2204 2600 ut
2265 2548 2461 2601 crebro
2508 2549 2574 2600 ad
2629 2561 2730 2600 nos
2768 2545 3046 2606 scribatis,
3095 2554 3152 2598 et
3189 2541 3546 2597 ecclesiarum

1963 2653 2154 2691 curant
2190 2643 2414 2707 geratis.
2459 2657 2477 2687 ι
2534 2639 2599 2690 Et
2629 2652 2820 2690 rursus
2869 2636 3050 2704 inquit
3085 2652 3098 2687 :
3133 2651 3151 2683 ι
3186 2631 3549 2699 Quandoqui-

1962 2727 2086 2779 dem
2114 2739 2170 2779 et
2190 2742 2289 2780 nos
2319 2729 2538 2780 tertiunt
2575 2729 2683 2794 jam
2717 2740 2920 2779 annum
2970 2726 3024 2778 in
3055 2723 3250 2777 exsilio
3305 2730 3548 2790 agentes,

1962 2816 2018 2870 in
2077 2817 2239 2882 fante,
2297 2826 2474 2885 peste,
2539 2816 2720 2879 bellis,
2787 2814 3069 2871 continuis
3136 2812 3547 2869 obsidionibus.

1963 2909 2264 2963 solitudine
2311 2908 2642 2970 incredibili,
2695 2917 2870 2961 morte
2915 2905 3276 2975 quotidiana,
3323 2903 3551 2958 ensibus

1963 2998 2243 3064 Isauricis,
2296 3017 2402 3055 non
2447 3000 2803 3054 mediocriter
2847 3002 3056 3054 animat
3131 3007 3188 3052 et
3231 2995 3550 3051 consolatur

1961 3091 2274 3146 aﬂectionis
2319 3103 2514 3146 vestra:
2575 3091 2957 3154 abundantia,
3007 3100 3064 3145 et
3114 3088 3449 3148 constantia,
3493 3097 3549 3140 et

283 3178 738 3247 μιτῳκίσθημεν.
775 3181 838 3235 Εἰ
861 3184 971 3253 γὰρ
998 3184 1156 3254 ὑμεῖς
1190 3187 1224 3256 η
1257 3187 1431 3251 πόλις,
1471 3190 1592 3258 μεθ’
1627 3192 1778 3260 ὑμῶν
1803 3194 1859 3246 δὲ
1887 3203 1931 3260 c

1887 3203 1931 3260 ο
1969 3185 2180 3240 liducize
2211 3185 2501 3240 stabilitas.
2529 3185 2878 3253 Quapropter
2915 3185 3082 3237 etiam
3111 3181 3156 3235 si
3186 3180 3306 3235 solo
3329 3189 3386 3234 et
3409 3193 3547 3234 ma:-

283 3267 449 3335 ἡμεῖς
475 3269 562 3321 ἀεὶ
594 3271 692 3324 καὶ
725 3271 784 3325 ἐν
809 3273 963 3344 ὑμῖν,
995 3275 1220 3346 εὔδηλον
1249 3279 1332 3332 ὅτι
1357 3280 1454 3334 καὶ
1486 3281 1718 3336 ἐνταῦθα
1747 3284 1864 3338 διά-

284 3367 502 3424 γοντες,
534 3360 635 3430 τὴν
677 3362 832 3416 πόλιν
866 3365 1127 3436 οἰκοῦμεν
1167 3370 1404 3438 ἐκείνην.
1468 3373 1579 3426 Καὶ
1629 3375 1736 3443 γὰρ
1777 3378 1862 3430 ἐν·

281 3448 625 3537 διαιτώμεθα
680 3455 836 3526 ὑμῶν
890 3461 1012 3522 ταῖς
1067 3461 1306 3530 ψυχαῖς·
1373 3467 1467 3518 καὶ
1502 3466 1751 3537 ὃπουπὲρ
1798 3468 1865 3522 ἂν

284 3532 460 3608 ὦμεν,
512 3546 725 3609 πάντας
784 3548 928 3616 ὑμᾶς
960 3551 1086 3610 τοὺς
1130 3553 1397 3622 σφοδροὺς
1449 3557 1608 3626 ἡμῶν
1629 3532 1865 3627 ἐραστὰς

285 3630 384 3682 ἐπὶ
419 3631 662 3698 διανοίας
696 3639 1091 3708 περιςέροντες
1122 3641 1350 3714 ἄπιμεν.
1381 3663 1400 3697 ι

853 3926 1108 3981 ΚΕΦΔΛ.
1160 3929 1295 3984 KH'.

285 4014 432 4082 Περέ
495 4014 824 4086 Ἀροζακίοι)
880 4017 1251 4086 πατριάρχου
1298 4024 1868 4078 Κωνσταντινουπό-

356 4089 533 4163 deum,
591 4083 1023 4163 olocﬂr'aai
1209 4093 1350 4163 τοὺς
1401 4094 1534 4163 ,περὶ
1589 4095 1866 4163 Ἰωάννην

362 4156 575 4210 ἐδίωκε
600 4172 614 4187 ·
654 4158 751 4208 καὶ
775 4159 853 4222 ὼς
883 4157 1283 4226 ἐτελεύτησεν
1309 4162 1376 4212 ἐν
1392 4156 1631 4232 βραχεῖ.

357 4270 548 4324 Ταῦτα
601 4270 705 4339 μὲν
747 4272 802 4322 αἱ
839 4270 1154 4322 ἐπιστολαί·
1209 4272 1270 4322 ού
1321 4273 1501 4340 πο),λῴ
1530 4273 1587 4326 δὲ
1633 4274 1865 4346 ὕστερον

281 4365 679 4436 χειροτονεῖται
712 4365 808 4430 τῆς
841 4365 1256 4417 Κωνσταντίνου
1308 4365 1619 4435 ’Λρσάκιο;,
1656 4368 1866 4421 Νεκτα-

287 4461 409 4529 ρὶου
455 4457 552 4510 τοῦ
603 4457 710 4526 πρὸ
770 4458 1021 4510 Ἰωάννου
1083 4458 1183 4528 τὴν
1239 4460 1497 4528 τοιαύτην
1559 4462 1866 4532 ἐπισκοπὴν

1969 3277 2137 3331 nibus
2168 3278 2327 3347 ejecti
2359 3291 2571 3341 sumus,
2609 3290 2737 3330 vera
2765 3284 2944 3329 tamen
2975 3273 3204 3328 civitate
3226 3268 3404 3326 exacti
3437 3285 3548 3324 non

1971 3385 2184 3424 smnus.
2247 3369 2304 3425 Si
2363 3371 2511 3423 enim
2569 3383 2664 3421 vos
2719 3367 2999 3421 civitatem
3058 3364 3276 3427 facitis,
3336 3374 3393 3418 et
3450 3377 3555 3417 nos

1970 3458 2256 3514 vobiscum
2288 3474 2510 3527 semper
2538 3467 2592 3511 et
2629 3458 2685 3511 in
2710 3458 2869 3526 vobis
2897 3471 3111 3517 sumus,
3143 3454 3277 3509 satis
3306 3463 3546 3517 constat,

1969 3553 2136 3606 etiam
2186 3552 2314 3604 dum
2351 3550 2438 3603 hic
2478 3551 2710 3617 agimus,
2746 3549 2939 3602 urbem
2977 3562 3078 3602 nos
3110 3546 3256 3600 illam
3285 3545 3548 3600 incolere.

1969 3642 2028 3696 In
2056 3642 2258 3697 animis
2302 3642 2448 3696 ettim
2500 3640 2704 3694 vestris
2737 3654 3030 3694 versamur
3068 3657 3082 3693 :
3129 3650 3184 3692 et
3233 3636 3550 3704 ubicunque

1969 3746 2182 3796 sumus,
2215 3745 2407 3784 omnes
2437 3745 2536 3785 vos
2566 3729 2928 3783 vehementes
2959 3727 3134 3784 nostri
3174 3736 3449 3781 amatores
3493 3725 3550 3779 in

1969 3833 2154 3881 mente
2184 3834 2368 3878 nostra
2395 3822 2860 3878 circumferintus.
2891 3840 2911 3873 ι

2391 3933 2558 4006 409
2600 3933 2826 3988 CAPUT
2880 3933 3094 3988 xxvttt

1969 4028 2050 4084 De
2089 4028 2311 4083 Arsacia
2345 4029 2655 4096 patriarcha
2696 4025 3330 4095 Constantinopolitano.
3367 4025 3546 4094 qualis

2038 4101 2081 4152 is
2115 4099 2318 4167 fuerit:
2357 4107 2405 4150 et
2441 4106 2496 4150 ut
2531 4096 2760 4149 Joannis
2799 4105 3085 4150 sectatores
3124 4106 3425 4166 persecutus
3458 4097 3548 4159 sit,

2043 4177 2092 4221 et
2123 4167 2284 4237 paulo
2315 4176 2431 4239 post
2463 4178 2722 4220 mortuus.

2039 4279 2293 4348 Epistolze
2334 4279 2414 4333 sic
2459 4279 2684 4334 habent.
2722 4276 2841 4332 Non
2864 4278 3035 4331 multo
3055 4291 3184 4330 vero
3204 4277 3551 4346 postepisco-

1968 4388 2072 4443 pus
2102 4372 2745 4440 Constantinottolitanus
2781 4371 3077 4426 ordinatur
3113 4370 3407 4434 Arsacius,
3444 4370 3550 4422 Ne-

1970 4467 2150 4528 ctarii,
2187 4467 2280 4534 qui
2317 4473 2443 4520 ante
2492 4464 2760 4520 Joannem
2787 4465 3165 4533 episcopatum
3194 4479 3317 4516 eum
3355 4463 3546 4529 gessit,

283 4549 626 4609 διιθύναντος
659 4548 886 4616 ἀδελφός
909 4565 922 4579 ·
970 4550 1111 4619 ἀνὴρ
1153 4552 1325 4617 πρᾶος
1367 4549 1508 4604 εἶναι
1542 4552 1737 4616 δοκῶν,
1767 4557 1861 4606 καὶ
1897 4565 1937 4618 l)

1897 4565 1937 4618 Ι)
1968 4557 2267 4610 fraterzvir
2293 4555 2539 4624 placidus
2561 4555 2783 4624 quidem
2807 4554 3109 4624 judicatus,
3137 4562 3192 4608 et
3223 4569 3348 4622 erga
3379 4555 3545 4606 licunt

288 4645 422 4712 περὶ
477 4643 540 4694 τὸ
567 4644 724 4693 θεῖον
779 4642 1015 4710 μάλιστα
1071 4643 1328 4711 εὐλαϐής.
1373 4645 1626 4715 Ἀχρείαν
1677 4647 1734 4698 δὲ
1772 4647 1871 4716 τὴν

291 4738 425 4803 περὶ
477 4735 648 4787 αὑτοῦ
705 4734 865 4799 δόξαν
924 4734 1146 4787 ἐποίουν
1182 4737 1439 4806 κληρικοί
1488 4755 1653 4804 τινες,
1687 4738 1722 4791 ἃ
1773 4741 1871 4808 μὲν

285 4827 577 4880 ἐϐούλοντο
642 4827 903 4895 δρῶντες,
940 4827 1137 4895 ἐκείνῳ
1170 4827 1224 4879 δὲ
1277 4831 1375 4895 τὴν
1409 4830 1592 4880 αἰτίαν
1637 4831 1862 4900 ἐπιγρα-

286 4915 540 4984 φόμενοι.
576 4913 765 4980 Πολλῴ
789 4913 844 4964 δὲ
882 4915 1105 4983 χείρονα
1138 4915 1345 4982 μᾶλλον
1380 4916 1567 4968 τοῦτον
1596 4918 1768 4968 ἐποίει
1804 4917 1868 4970 τὰ

283 5008 551 5078 τηνικάδε
583 5007 874 5075 συμὸἀντα
903 5008 1032 5074 περὶ¹
1073 5008 1197 5070 τοὺς
1258 5008 1480 5079 Ἰωάννῃ
1530 5011 1866 5079 προσκειμέ-

287 5117 438 5164 νους.
486 5099 644 5151 Ἐπεὶ
675 5098 782 5168 γὰρ
811 5098 960 5168 αύτῷ
1007 5116 1066 5150 τε
1099 5099 1190 5152 καὶ
1219 5103 1288 5170 τῇ
1339 5102 1458 5153 κατ’
1486 5102 1645 5154 αὑτὸν
1670 5101 1868 5170 ἐκκλη-

287 5192 384 5262 σία
408 5194 693 5246 κοινωνεῖν
723 5193 756 5262 ἢ
791 5191 1147 5261 συνεύχεσθαι
1175 5193 1465 5260 ἀπηξίουν,
1508 5192 1542 5245 ἆ
1578 5210 1639 5245 τε
1670 5193 1733 5263 δὴ
1761 5193 1868 5244 τῶν

284 5284 335 5336 τ’
366 5283 674 5336 ἐπιϐούλων
722 5286 816 5336 καὶ
849 5283 1202 5351 συκοφαντῶν
1257 5283 1509 5334 Ἰωάννου
1557 5284 1869 5351 ἀναμεμιγ-

289 5379 472 5448 μένων
501 5378 707 5439 αὐτοῖς,
745 5377 868 5430 καο’
900 5376 1130 5438 ἑαυτοὺς
1163 5377 1219 5428 δὲ
1264 5375 1630 5445 ἐκκλησιαζον
1676 5375 1863 5443 ἁθροι-

286 5472 512 5539 ζὸμενοι
535 5486 548 5500 °
585 5471 688 5523 ἀνά
717 5486 775 5523 τε
803 5468 902 5532 τὰς
925 5472 1187 5538 ἐσχατιὰς
1218 5469 1314 5520 καὶ
1343 5469 1501 5526 στοας
1528 5467 1623 5534 τῆς
1659 5470 1866 5529 πόλεως

283 5562 481 5631 λόγους
515 5560 647 5632 περὶ
677 5559 872 5614 τούτου
899 5560 1178 5631 προσῆγεν
1217 5558 1489 5628 Ἀρκαὸίῳ
1517 5559 1596 5624 τῷ
1629 5558 1863 5628 βασιλεῖ.

285 5658 402 5713 Καὶ
423 5656 491 5726 δὴ
526 5635 917 5726 συνηγμένοις,
949 5651 1228 5723 πεμφθείς
1258 5669 1343 5713 τις
1373 5651 1587 5705 ἐκεῖθεν
1627 5652 1723 5704 καὶ
1766 5652 1866 5704 οὐκ

284 5751 490 5821 ἀγεννῆ
544 5750 794 5804 νεολαίαν
829 5750 1344 5821 προσεπαγὸμενος,
1392 5747 1451 5800 τὸ
1503 5744 1607 5816 μέν
1661 5745 1866 5810 πλῆθος

287 5845 545 5910 παίοντες
582 5845 762 5912 ξύλοις
801 5849 895 5902 καὶ
929 5843 1097 5908 λίθοις
1119 5883 1133 5910 ,
1165 5840 1380 5897 ἐκεῖθεν
1439 5840 1672 5911 ἡλαυνον
1699 5855 1714 5869 ο
1746 5838 1862 5892 ὅσοι

1975 4650 2208 4702 maxime
2233 4649 2537 4718 religiosus.
2559 4647 2757 4702 Gloria:
2781 4658 2963 4701 autem
2984 4647 3102 4716 ejus
3119 4645 3307 4715 clerici
3324 4645 3548 4713 quidam

1974 4741 2291 4803 obfuerunt,
2313 4740 2408 4809 qui
2440 4737 2713 4809 quidquid
2743 4739 2986 4800 voluere,
3040 4738 3314 4800 fecerunt,
3348 4748 3404 4790 et
3430 4736 3548 4789 cul-

1975 4850 2095 4904 pam
2129 4848 2347 4887 omnem
2382 4834 2435 4886 in
2465 4849 2590 4887 eum
2619 4832 2996 4887 contulerunt.
3037 4830 3379 4885 Deterior-ent
3412 4844 3546 4883 vero

1972 4943 2097 4981 eum
2170 4926 2345 4980 multo
2403 4926 2585 4980 fecere
2618 4939 2682 4978 ea
2733 4939 2856 4992 qua:
2904 4923 3133 4978 Joannis
3177 4921 3548 4977 sectatoribus

1971 5017 2246 5071 accidere.
2285 5015 2581 5086 Postquam
2620 5016 2766 5070 enim
2795 5031 2919 5070 cum
2945 5030 3011 5069 eo
3047 5024 3102 5070 et
3134 5030 3262 5070 cum
3307 5013 3548 5068 ecclesia

1971 5109 2111 5178 ejus.
2172 5109 2366 5177 inqua
2427 5110 2786 5163 insidiatores
2812 5118 2866 5163 ct
2915 5108 3266 5178 sycophaan
3321 5107 3552 5161 Joannis

1972 5201 2128 5256 multi
2159 5202 2280 5256 aliis
2309 5204 2557 5270 permisti
2590 5211 2800 5265 essent,
2832 5199 3247 5255 communicare
3289 5206 3345 5253 et
3377 5212 3542 5251 orare

1971 5293 2292 5355 noluerunt,
2317 5303 2375 5347 et
2400 5309 2532 5348 suos
2560 5293 2665 5347 sibi
2687 5302 2995 5348 conventus
3027 5292 3080 5346 in
3108 5290 3374 5344 extremis
3400 5290 3542 5343 locis

1970 5390 2025 5435 et
2057 5383 2362 5450 porticibus
2383 5384 2624 5437 civitatis
2652 5393 2904 5452 egerunt.
2963 5397 3074 5436 rem
3107 5396 3228 5435 cant
3277 5380 3343 5433 ad
3374 5383 3544 5434 Arca-

1971 5476 2122 5529 dittttt
2161 5475 2549 5544 imperatorem
2581 5476 2798 5532 detulit.
2857 5477 3048 5545 Itaque
3083 5475 3150 5528 ad
3182 5490 3279 5526 eos
3308 5489 3543 5542 congre-

1970 5577 2123 5638 gatos
2150 5568 2375 5638 quidam
2400 5584 2525 5622 cum
2547 5584 2655 5623 non
2677 5566 3078 5623 contemnenda
3110 5566 3344 5619 militum
3375 5579 3542 5619 manu

1971 5663 2195 5716 missus.
2229 5661 2309 5715 illi
2343 5661 2754 5715 multitudinem
2792 5659 3029 5714 fustibus
3057 5665 3114 5711 et
3143 5658 3287 5710 saxis
3317 5656 3540 5725 pulsan-

1970 5763 2071 5817 tes,
2094 5753 2220 5808 inde
2261 5753 2614 5823 depulerunt.
2650 5753 2974 5822 Quicunque
3004 5759 3185 5805 autem
3248 5750 3391 5802 inter
3419 5745 3539 5801 illos

1970 5844 2283 5900 ardentiore
2312 5859 2439 5915 erga
2470 5841 2734 5900 Joannctn
2770 5843 2974 5918 auitpo,
3011 5849 3065 5897 et
3086 5838 3244 5911 quasi
3281 5837 3533 5892 multitu-
