  <div class='ocr_page' id='page_1' title='image "/cluster/home/n/w/nwhite01/storage/ocr_20150623/146/nnc1.0046980610/546.png"; bbox 0 0 4248 6446; ppageno 0'>
   <div class='ocr_carea' id='block_1_1' title="bbox 271 417 407 478">
    <p class='ocr_par' dir='ltr' id='par_1_1' title="bbox 271 417 407 478">
     <span class='ocr_line' id='line_1_1' title="bbox 271 417 407 478; baseline -0.029 0"><span class='ocrx_word' id='word_1_1' title='bbox 271 417 407 478; x_wconf 67' lang='grc'><strong>1025</strong></span> 
     </span>
    </p>
   </div>
   <div class='ocr_carea' id='block_1_2' title="bbox 1193 399 2615 464">
    <p class='ocr_par' dir='ltr' id='par_1_2' title="bbox 1193 399 2615 464">
     <span class='ocr_line' id='line_1_2' title="bbox 1193 399 2615 464; baseline -0.003 0"><span class='ocrx_word' id='word_1_2' title='bbox 1193 402 1787 464; x_wconf 71' lang='grc' dir='ltr'><strong>Ε(ἶ(ἶιΕ81Α5ΤΙΟιΕ</strong></span> <span class='ocrx_word' id='word_1_3' title='bbox 1831 400 2215 461; x_wconf 71' lang='grc' dir='ltr'><strong>ΗΙΒΤΟΒῘΛΞ</strong></span> <span class='ocrx_word' id='word_1_4' title='bbox 2255 399 2399 459; x_wconf 76' lang='lat' dir='ltr'><strong>LIB.</strong></span> <span class='ocrx_word' id='word_1_5' title='bbox 2443 399 2615 461; x_wconf 81' lang='lat' dir='ltr'>XIII.</span> 
     </span>
    </p>
   </div>
   <div class='ocr_carea' id='block_1_3' title="bbox 3372 396 3508 462">
    <p class='ocr_par' dir='ltr' id='par_1_3' title="bbox 3372 396 3508 462">
     <span class='ocr_line' id='line_1_3' title="bbox 3372 396 3508 462; baseline 0 0"><span class='ocrx_word' id='word_1_6' title='bbox 3372 396 3508 462; x_wconf 69' lang='lat'><strong>1026</strong></span> 
     </span>
    </p>
   </div>
   <div class='ocr_carea' id='block_1_4' title="bbox 251 509 1928 594">
    <p class='ocr_par' dir='ltr' id='par_1_4' title="bbox 251 511 1928 594">
     <span class='ocr_line' id='line_1_4' title="bbox 251 511 1928 594; baseline -0.018 -8"><span class='ocrx_word' id='word_1_7' title='bbox 251 532 454 586; x_wconf 83' lang='grc' dir='ltr'>σιλείου</span> <span class='ocrx_word' id='word_1_8' title='bbox 508 523 782 594; x_wconf 73' lang='grc' dir='ltr'>ἀσκητικα</span> <span class='ocrx_word' id='word_1_9' title='bbox 832 539 974 582; x_wconf 83' lang='grc' dir='ltr'>τινες</span> <span class='ocrx_word' id='word_1_10' title='bbox 1013 518 1151 572; x_wconf 82' lang='grc' dir='ltr'><strong>ε’ναί</strong></span> <span class='ocrx_word' id='word_1_11' title='bbox 1206 535 1390 587; x_wconf 80' lang='grc' dir='ltr'>φασιν.</span> <span class='ocrx_word' id='word_1_12' title='bbox 1443 518 1553 584; x_wconf 77' lang='grc' dir='ltr'><strong>Οὐχ</strong></span> <span class='ocrx_word' id='word_1_13' title='bbox 1596 511 1745 579; x_wconf 62' lang='grc' dir='ltr'>οἶτος</span> <span class='ocrx_word' id='word_1_14' title='bbox 1777 515 1820 568; x_wconf 74' lang='grc' dir='ltr'>δ’</span> <span class='ocrx_word' id='word_1_15' title='bbox 1854 521 1928 574; x_wconf 71' lang='grc' dir='ltr'><strong>Α.</strong></span> 
     </span>
    </p>
   </div>
   <div class='ocr_carea' id='block_1_5' title="bbox 1831 509 3508 594">
    <p class='ocr_par' dir='ltr' id='par_1_5' title="bbox 1854 509 3508 580">
     <span class='ocr_line' id='line_1_5' title="bbox 1854 509 3508 580; baseline -0.001 -13"><span class='ocrx_word' id='word_1_16' title='bbox 1854 521 1896 574; x_wconf 80' lang='grc' dir='ltr'><strong>Α</strong></span> <span class='ocrx_word' id='word_1_17' title='bbox 1925 523 2008 567; x_wconf 90' lang='lat' dir='ltr'><strong>est</strong></span> <span class='ocrx_word' id='word_1_18' title='bbox 2024 513 2337 576; x_wconf 79' lang='lat' dir='ltr'><strong>translatus,</strong></span> <span class='ocrx_word' id='word_1_19' title='bbox 2361 521 2410 564; x_wconf 90' lang='lat' dir='ltr'><strong>et</strong></span> <span class='ocrx_word' id='word_1_20' title='bbox 2429 521 2649 580; x_wconf 90' lang='lat' dir='ltr'><strong>propter</strong></span> <span class='ocrx_word' id='word_1_21' title='bbox 2664 525 2824 579; x_wconf 86' lang='lat' dir='ltr'><strong>quem</strong></span> <span class='ocrx_word' id='word_1_22' title='bbox 2844 511 2894 564; x_wconf 93' lang='lat' dir='ltr'><strong>in</strong></span> <span class='ocrx_word' id='word_1_23' title='bbox 2918 509 3156 566; x_wconf 81' lang='lat' dir='ltr'><strong>Ecclesia</strong></span> <span class='ocrx_word' id='word_1_24' title='bbox 3177 509 3508 566; x_wconf 70' lang='lat' dir='ltr'><strong>offendicula</strong></span> 
     </span>
    </p>
   </div>
   <div class='ocr_carea' id='block_1_6' title="bbox 249 607 1824 678">
    <p class='ocr_par' dir='ltr' id='par_1_6' title="bbox 249 607 1824 678">
     <span class='ocr_line' id='line_1_6' title="bbox 249 607 1824 678; baseline -0.01 -2"><span class='ocrx_word' id='word_1_25' title='bbox 249 625 402 678; x_wconf 65' lang='grc' dir='ltr'>ἐστέν</span> <span class='ocrx_word' id='word_1_26' title='bbox 434 616 752 677; x_wconf 70' lang='grc' dir='ltr'>Εὑστάθιος,</span> <span class='ocrx_word' id='word_1_27' title='bbox 809 615 836 665; x_wconf 81' lang='grc' dir='ltr'>ὁ</span> <span class='ocrx_word' id='word_1_28' title='bbox 881 615 958 674; x_wconf 80' lang='grc' dir='ltr'>εις</span> <span class='ocrx_word' id='word_1_29' title='bbox 1006 610 1341 677; x_wconf 78' lang='grc' dir='ltr'><strong>Ἀντιόχειαν</strong></span> <span class='ocrx_word' id='word_1_30' title='bbox 1389 607 1614 677; x_wconf 78' lang='grc' dir='ltr'>ὕστερον</span> <span class='ocrx_word' id='word_1_31' title='bbox 1660 624 1824 674; x_wconf 78' lang='grc' dir='ltr'>μετα-</span> 
     </span>
    </p>
   </div>
   <div class='ocr_carea' id='block_1_7' title="bbox 249 699 1825 778">
    <p class='ocr_par' dir='ltr' id='par_1_7' title="bbox 249 699 1825 778">
     <span class='ocr_line' id='line_1_7' title="bbox 249 699 1825 778; baseline -0.015 -7"><span class='ocrx_word' id='word_1_32' title='bbox 249 719 374 778; x_wconf 70' lang='grc' dir='ltr'>ϐάς,</span> <span class='ocrx_word' id='word_1_33' title='bbox 396 715 466 767; x_wconf 82' lang='grc' dir='ltr'>δι’</span> <span class='ocrx_word' id='word_1_34' title='bbox 496 712 554 763; x_wconf 82' lang='grc' dir='ltr'>ὃν</span> <span class='ocrx_word' id='word_1_35' title='bbox 587 710 680 761; x_wconf 65' lang='grc' dir='ltr'>ναὶ</span> <span class='ocrx_word' id='word_1_36' title='bbox 714 709 780 759; x_wconf 69' lang='grc' dir='ltr'>τὰ</span> <span class='ocrx_word' id='word_1_37' title='bbox 809 705 950 758; x_wconf 74' lang='grc' dir='ltr'>κατά</span> <span class='ocrx_word' id='word_1_38' title='bbox 980 704 1247 756; x_wconf 85' lang='grc' dir='ltr'>Παυλῖνον</span> <span class='ocrx_word' id='word_1_39' title='bbox 1275 701 1369 753; x_wconf 74' lang='grc' dir='ltr'>καὶ</span> <span class='ocrx_word' id='word_1_40' title='bbox 1407 699 1710 751; x_wconf 74' lang='grc' dir='ltr'>Φλαϐιανὸν</span> <span class='ocrx_word' id='word_1_41' title='bbox 1734 701 1825 748; x_wconf 66' lang='grc' dir='ltr'><strong>γα).</strong></span> 
     </span>
    </p>
   </div>
   <div class='ocr_carea' id='block_1_8' title="bbox 249 787 1827 875">
    <p class='ocr_par' dir='ltr' id='par_1_8' title="bbox 249 787 1827 875">
     <span class='ocr_line' id='line_1_8' title="bbox 249 787 1827 875; baseline -0.013 -15"><span class='ocrx_word' id='word_1_42' title='bbox 249 811 527 875; x_wconf 67' lang='grc' dir='ltr'>Εὐάγριον</span> <span class='ocrx_word' id='word_1_43' title='bbox 561 805 623 870; x_wconf 80' lang='grc' dir='ltr'>τῇ</span> <span class='ocrx_word' id='word_1_44' title='bbox 673 798 976 867; x_wconf 76' lang='grc' dir='ltr'>Ἐκκλησία</span> <span class='ocrx_word' id='word_1_45' title='bbox 1009 793 1307 862; x_wconf 75' lang='grc' dir='ltr'>ἐπισυνέϐη</span> <span class='ocrx_word' id='word_1_46' title='bbox 1353 791 1646 844; x_wconf 78' lang='grc' dir='ltr'>σκάνδαλα.</span> <span class='ocrx_word' id='word_1_47' title='bbox 1697 788 1754 842; x_wconf 86' lang='grc' dir='ltr'><strong>Ὀ</strong></span> <span class='ocrx_word' id='word_1_48' title='bbox 1783 787 1827 840; x_wconf 78' lang='grc' dir='ltr'>δ’</span> 
     </span>
    </p>
   </div>
   <div class='ocr_carea' id='block_1_9' title="bbox 261 881 1828 958">
    <p class='ocr_par' dir='ltr' id='par_1_9' title="bbox 261 881 1828 958">
     <span class='ocr_line' id='line_1_9' title="bbox 261 881 1828 958; baseline -0.017 -6"><span class='ocrx_word' id='word_1_49' title='bbox 261 898 510 958; x_wconf 68' lang='grc' dir='ltr'>Ἄττικος</span> <span class='ocrx_word' id='word_1_50' title='bbox 548 898 622 956; x_wconf 83' lang='grc' dir='ltr'>εἰς</span> <span class='ocrx_word' id='word_1_51' title='bbox 659 893 854 958; x_wconf 77' lang='grc' dir='ltr'>ἄνδρας</span> <span class='ocrx_word' id='word_1_52' title='bbox 889 890 988 958; x_wconf 67' lang='grc' dir='ltr'>ἤδη</span> <span class='ocrx_word' id='word_1_53' title='bbox 1029 886 1274 946; x_wconf 80' lang='grc' dir='ltr'>τελέσας,</span> <span class='ocrx_word' id='word_1_54' title='bbox 1301 885 1434 951; x_wconf 68' lang='grc' dir='ltr'>πρὸς</span> <span class='ocrx_word' id='word_1_55' title='bbox 1463 883 1562 950; x_wconf 74' lang='grc' dir='ltr'><strong>τὴν</strong></span> <span class='ocrx_word' id='word_1_56' title='bbox 1594 881 1828 934; x_wconf 73' lang='grc' dir='ltr'>καθόλου</span> 
     </span>
    </p>
   </div>
   <div class='ocr_carea' id='block_1_10' title="bbox 261 971 1828 1057">
    <p class='ocr_par' dir='ltr' id='par_1_10' title="bbox 261 971 1828 1057">
     <span class='ocr_line' id='line_1_10' title="bbox 261 971 1828 1057; baseline -0.011 -15"><span class='ocrx_word' id='word_1_57' title='bbox 261 990 598 1057; x_wconf 78' lang='grc' dir='ltr'>Ἕκκλησάν</span> <span class='ocrx_word' id='word_1_58' title='bbox 621 985 902 1053; x_wconf 79' lang='grc' dir='ltr'>μετέθετο,</span> <span class='ocrx_word' id='word_1_59' title='bbox 930 980 996 1033; x_wconf 81' lang='grc' dir='ltr'>τὰ</span> <span class='ocrx_word' id='word_1_60' title='bbox 1018 975 1673 1032; x_wconf 74' lang='grc' dir='ltr'>Μακεδονίουὰποὸαλών.</span> <span class='ocrx_word' id='word_1_61' title='bbox 1706 971 1828 1041; x_wconf 70' lang='grc' dir='ltr'>Εἶχε</span> 
     </span>
    </p>
   </div>
   <div class='ocr_carea' id='block_1_11' title="bbox 250 1065 1828 1146">
    <p class='ocr_par' dir='ltr' id='par_1_11' title="bbox 250 1065 1828 1146">
     <span class='ocr_line' id='line_1_11' title="bbox 250 1065 1828 1146; baseline -0.01 -12"><span class='ocrx_word' id='word_1_62' title='bbox 250 1083 307 1134; x_wconf 83' lang='grc' dir='ltr'>δὲ</span> <span class='ocrx_word' id='word_1_63' title='bbox 342 1082 401 1131; x_wconf 66' lang='grc' dir='ltr'><strong>το</strong></span> <span class='ocrx_word' id='word_1_64' title='bbox 428 1080 670 1146; x_wconf 63' lang='grc' dir='ltr'>φρονεῖν,</span> <span class='ocrx_word' id='word_1_65' title='bbox 703 1075 762 1126; x_wconf 77' lang='grc' dir='ltr'>οὐ</span> <span class='ocrx_word' id='word_1_66' title='bbox 803 1074 1037 1143; x_wconf 81' lang='grc' dir='ltr'>μαθήσει</span> <span class='ocrx_word' id='word_1_67' title='bbox 1080 1073 1444 1138; x_wconf 82' lang='grc' dir='ltr'>κτησάμενος,</span> <span class='ocrx_word' id='word_1_68' title='bbox 1477 1066 1615 1121; x_wconf 71' lang='grc' dir='ltr'>ἀλλὰ</span> <span class='ocrx_word' id='word_1_69' title='bbox 1647 1065 1828 1134; x_wconf 80' lang='grc' dir='ltr'>φύσει.</span> 
     </span>
    </p>
   </div>
   <div class='ocr_carea' id='block_1_12' title="bbox 251 1157 1833 1236">
    <p class='ocr_par' dir='ltr' id='par_1_12' title="bbox 251 1157 1833 1236">
     <span class='ocr_line' id='line_1_12' title="bbox 251 1157 1833 1236; baseline -0.008 -11"><span class='ocrx_word' id='word_1_70' title='bbox 251 1174 344 1225; x_wconf 82' lang='grc' dir='ltr'>Διὸ</span> <span class='ocrx_word' id='word_1_71' title='bbox 372 1175 472 1222; x_wconf 82' lang='grc' dir='ltr'><strong>γὰν</strong></span> <span class='ocrx_word' id='word_1_72' title='bbox 503 1174 615 1231; x_wconf 87' lang='grc' dir='ltr'>τοῖς</span> <span class='ocrx_word' id='word_1_73' title='bbox 673 1170 975 1236; x_wconf 77' lang='grc' dir='ltr'><strong>πρακτέοις</strong></span> <span class='ocrx_word' id='word_1_74' title='bbox 1027 1164 1450 1234; x_wconf 73' lang='grc' dir='ltr'>ἐπηϐολώτατος</span> <span class='ocrx_word' id='word_1_75' title='bbox 1496 1157 1564 1232; x_wconf 79' lang='grc' dir='ltr'>ἦν</span> <span class='ocrx_word' id='word_1_76' title='bbox 1588 1178 1600 1192; x_wconf 88' lang='grc'><strong>·</strong></span> <span class='ocrx_word' id='word_1_77' title='bbox 1637 1161 1758 1212; x_wconf 76' lang='grc' dir='ltr'>λίαι</span> <span class='ocrx_word' id='word_1_78' title='bbox 1789 1159 1833 1212; x_wconf 79' lang='grc' dir='ltr'>δ’</span> 
     </span>
    </p>
   </div>
   <div class='ocr_carea' id='block_1_13' title="bbox 251 1253 1831 1329">
    <p class='ocr_par' dir='ltr' id='par_1_13' title="bbox 251 1253 1831 1329">
     <span class='ocr_line' id='line_1_13' title="bbox 251 1253 1831 1329; baseline -0.008 -14"><span class='ocrx_word' id='word_1_79' title='bbox 251 1264 647 1315; x_wconf 58' lang='grc' dir='ltr'>ἐπικοινλεῦσαι</span> <span class='ocrx_word' id='word_1_80' title='bbox 682 1263 776 1313; x_wconf 74' lang='grc' dir='ltr'><strong>καὶ</strong></span> <span class='ocrx_word' id='word_1_81' title='bbox 814 1261 1098 1329; x_wconf 79' lang='grc' dir='ltr'>διαδρᾶσαι</span> <span class='ocrx_word' id='word_1_82' title='bbox 1133 1256 1290 1320; x_wconf 79' lang='grc' dir='ltr'>αὖθις</span> <span class='ocrx_word' id='word_1_83' title='bbox 1323 1257 1618 1324; x_wconf 67' lang='grc' dir='ltr'>ἐπιϐουλὴν</span> <span class='ocrx_word' id='word_1_84' title='bbox 1645 1253 1831 1316; x_wconf 83' lang='grc' dir='ltr'>δεξιώ-</span> 
     </span>
    </p>
   </div>
   <div class='ocr_carea' id='block_1_14' title="bbox 252 1344 1836 1421">
    <p class='ocr_par' dir='ltr' id='par_1_14' title="bbox 252 1344 1836 1421">
     <span class='ocr_line' id='line_1_14' title="bbox 252 1344 1836 1421; baseline -0.011 -11"><span class='ocrx_word' id='word_1_85' title='bbox 252 1374 407 1416; x_wconf 84' lang='grc' dir='ltr'>τατος</span> <span class='ocrx_word' id='word_1_86' title='bbox 446 1371 457 1383; x_wconf 73' lang='grc'>⁸</span> <span class='ocrx_word' id='word_1_87' title='bbox 497 1357 654 1406; x_wconf 77' lang='grc' dir='ltr'>τόσον</span> <span class='ocrx_word' id='word_1_88' title='bbox 685 1355 738 1406; x_wconf 83' lang='grc' dir='ltr'>δὲ</span> <span class='ocrx_word' id='word_1_89' title='bbox 775 1353 833 1405; x_wconf 78' lang='grc' dir='ltr'>τὸ</span> <span class='ocrx_word' id='word_1_90' title='bbox 857 1349 987 1421; x_wconf 65' lang='grc' dir='ltr'>ἦθος</span> <span class='ocrx_word' id='word_1_91' title='bbox 1018 1350 1308 1417; x_wconf 66' lang='grc' dir='ltr'>ἐπαγωγὸν</span> <span class='ocrx_word' id='word_1_92' title='bbox 1342 1344 1507 1416; x_wconf 74' lang='grc' dir='ltr'>εἶχεν,</span> <span class='ocrx_word' id='word_1_93' title='bbox 1541 1348 1614 1407; x_wconf 86' lang='grc' dir='ltr'>ὼς</span> <span class='ocrx_word' id='word_1_94' title='bbox 1649 1345 1836 1412; x_wconf 69' lang='grc' dir='ltr'>σχεδὸν</span> 
     </span>
    </p>
   </div>
   <div class='ocr_carea' id='block_1_15' title="bbox 259 1437 1835 1516">
    <p class='ocr_par' dir='ltr' id='par_1_15' title="bbox 259 1437 1835 1516">
     <span class='ocr_line' id='line_1_15' title="bbox 259 1437 1835 1516; baseline -0.009 -16"><span class='ocrx_word' id='word_1_95' title='bbox 259 1452 394 1501; x_wconf 70' lang='grc' dir='ltr'>πᾶσι</span> <span class='ocrx_word' id='word_1_96' title='bbox 425 1447 828 1516; x_wconf 72' lang='grc' dir='ltr'><strong>κεχαρισμένος</strong></span> <span class='ocrx_word' id='word_1_97' title='bbox 878 1442 1040 1497; x_wconf 73' lang='grc' dir='ltr'>εἶναι.</span> <span class='ocrx_word' id='word_1_98' title='bbox 1075 1444 1154 1493; x_wconf 83' lang='grc' dir='ltr'><strong>Τὰ</strong></span> <span class='ocrx_word' id='word_1_99' title='bbox 1190 1443 1245 1494; x_wconf 82' lang='grc' dir='ltr'>δὲ</span> <span class='ocrx_word' id='word_1_100' title='bbox 1291 1441 1426 1508; x_wconf 76' lang='grc' dir='ltr'>πρὸς</span> <span class='ocrx_word' id='word_1_101' title='bbox 1465 1440 1588 1499; x_wconf 80' lang='grc' dir='ltr'>τοὺς</span> <span class='ocrx_word' id='word_1_102' title='bbox 1635 1437 1835 1503; x_wconf 83' lang='grc' dir='ltr'>ἐκκλη-</span> 
     </span>
    </p>
   </div>
   <div class='ocr_carea' id='block_1_16' title="bbox 260 1530 1836 1606">
    <p class='ocr_par' dir='ltr' id='par_1_16' title="bbox 260 1530 1836 1606">
     <span class='ocr_line' id='line_1_16' title="bbox 260 1530 1836 1606; baseline -0.006 -15"><span class='ocrx_word' id='word_1_103' title='bbox 260 1539 582 1600; x_wconf 77' lang='grc' dir='ltr'>σιαστικοὺς</span> <span class='ocrx_word' id='word_1_104' title='bbox 609 1538 800 1604; x_wconf 76' lang='grc' dir='ltr'>λόγους</span> <span class='ocrx_word' id='word_1_105' title='bbox 835 1536 1039 1606; x_wconf 71' lang='grc' dir='ltr'>ἀφελὴς</span> <span class='ocrx_word' id='word_1_106' title='bbox 1071 1530 1159 1605; x_wconf 73' lang='grc' dir='ltr'>ἦν,</span> <span class='ocrx_word' id='word_1_107' title='bbox 1191 1533 1285 1587; x_wconf 76' lang='grc' dir='ltr'>καὶ</span> <span class='ocrx_word' id='word_1_108' title='bbox 1318 1533 1593 1593; x_wconf 78' lang='grc' dir='ltr'>τοιούτους</span> <span class='ocrx_word' id='word_1_109' title='bbox 1640 1531 1836 1591; x_wconf 76' lang='grc' dir='ltr'>αὐτοὺς</span> 
     </span>
    </p>
   </div>
   <div class='ocr_carea' id='block_1_17' title="bbox 263 1624 1839 1698">
    <p class='ocr_par' dir='ltr' id='par_1_17' title="bbox 263 1624 1839 1698">
     <span class='ocr_line' id='line_1_17' title="bbox 263 1624 1839 1698; baseline -0.007 -15"><span class='ocrx_word' id='word_1_110' title='bbox 263 1630 555 1694; x_wconf 75' lang='grc' dir='ltr'>ἐξετίθετο,</span> <span class='ocrx_word' id='word_1_111' title='bbox 601 1629 740 1680; x_wconf 81' lang='grc' dir='ltr'>ὥστε</span> <span class='ocrx_word' id='word_1_112' title='bbox 793 1631 929 1698; x_wconf 75' lang='grc' dir='ltr'>μήτε</span> <span class='ocrx_word' id='word_1_113' title='bbox 968 1629 1117 1695; x_wconf 74' lang='grc' dir='ltr'>παρὰ</span> <span class='ocrx_word' id='word_1_114' title='bbox 1165 1625 1276 1678; x_wconf 78' lang='grc' dir='ltr'>τῶν</span> <span class='ocrx_word' id='word_1_115' title='bbox 1310 1624 1596 1692; x_wconf 82' lang='grc' dir='ltr'>ἀκροατῶν</span> <span class='ocrx_word' id='word_1_116' title='bbox 1641 1638 1839 1688; x_wconf 82' lang='grc' dir='ltr'>μετεγ-</span> 
     </span>
    </p>
   </div>
   <div class='ocr_carea' id='block_1_18' title="bbox 262 1714 1838 1790">
    <p class='ocr_par' dir='ltr' id='par_1_18' title="bbox 262 1714 1838 1790">
     <span class='ocr_line' id='line_1_18' title="bbox 262 1714 1838 1790; baseline -0.008 -15"><span class='ocrx_word' id='word_1_117' title='bbox 262 1723 599 1790; x_wconf 70' lang='grc' dir='ltr'>γράφεσίὶαι,</span> <span class='ocrx_word' id='word_1_118' title='bbox 631 1721 767 1789; x_wconf 76' lang='grc' dir='ltr'>μήτε</span> <span class='ocrx_word' id='word_1_119' title='bbox 806 1720 911 1789; x_wconf 78' lang='grc' dir='ltr'>μὴν</span> <span class='ocrx_word' id='word_1_120' title='bbox 939 1719 1285 1771; x_wconf 82' lang='grc' dir='ltr'>παντάπασιν</span> <span class='ocrx_word' id='word_1_121' title='bbox 1316 1717 1562 1785; x_wconf 80' lang='grc' dir='ltr'>ἀμοιρεῐν</span> <span class='ocrx_word' id='word_1_122' title='bbox 1591 1714 1838 1774; x_wconf 76' lang='grc' dir='ltr'><strong>παιδείας</strong></span> 
     </span>
    </p>
   </div>
   <div class='ocr_carea' id='block_1_19' title="bbox 1934 602 3511 666">
    <p class='ocr_par' dir='ltr' id='par_1_19' title="bbox 1934 602 3511 666">
     <span class='ocr_line' id='line_1_19' title="bbox 1934 602 3511 666; baseline -0.003 -8"><span class='ocrx_word' id='word_1_123' title='bbox 1934 605 2022 658; x_wconf 92' lang='lat' dir='ltr'><strong>illa</strong></span> <span class='ocrx_word' id='word_1_124' title='bbox 2083 605 2230 658; x_wconf 86' lang='lat' dir='ltr'><strong>inter</strong></span> <span class='ocrx_word' id='word_1_125' title='bbox 2290 604 2573 656; x_wconf 83' lang='lat' dir='ltr'><strong>Paulinum</strong></span> <span class='ocrx_word' id='word_1_126' title='bbox 2606 611 2658 656; x_wconf 92' lang='lat' dir='ltr'><strong>et</strong></span> <span class='ocrx_word' id='word_1_127' title='bbox 2684 602 2980 666; x_wconf 81' lang='lat' dir='ltr'><strong>Meletium,</strong></span> <span class='ocrx_word' id='word_1_128' title='bbox 3024 613 3078 656; x_wconf 89' lang='lat' dir='ltr'><strong>et</strong></span> <span class='ocrx_word' id='word_1_129' title='bbox 3107 603 3424 656; x_wconf 83' lang='lat' dir='ltr'><strong>Flavianum</strong></span> <span class='ocrx_word' id='word_1_130' title='bbox 3461 610 3511 655; x_wconf 84' lang='lat' dir='ltr'><strong>et</strong></span> 
     </span>
    </p>
   </div>
   <div class='ocr_carea' id='block_1_20' title="bbox 1935 695 3512 765">
    <p class='ocr_par' dir='ltr' id='par_1_20' title="bbox 1935 695 3512 765">
     <span class='ocr_line' id='line_1_20' title="bbox 1935 695 3512 765; baseline -0.001 -15"><span class='ocrx_word' id='word_1_131' title='bbox 1935 696 2227 765; x_wconf 76' lang='lat' dir='ltr'><strong>Eragrinm</strong></span> <span class='ocrx_word' id='word_1_132' title='bbox 2285 695 2565 748; x_wconf 66' lang='lat' dir='ltr'><strong>exstitere.</strong></span> <span class='ocrx_word' id='word_1_133' title='bbox 2597 695 2810 748; x_wconf 81' lang='lat' dir='ltr'><strong>Atticus</strong></span> <span class='ocrx_word' id='word_1_134' title='bbox 2842 695 2930 748; x_wconf 89' lang='lat' dir='ltr'><strong>ubi</strong></span> <span class='ocrx_word' id='word_1_135' title='bbox 2958 697 3097 748; x_wconf 89' lang='lat' dir='ltr'><strong>inter</strong></span> <span class='ocrx_word' id='word_1_136' title='bbox 3130 695 3276 749; x_wconf 81' lang='lat' dir='ltr'><strong>viros</strong></span> <span class='ocrx_word' id='word_1_137' title='bbox 3313 711 3512 749; x_wconf 79' lang='lat' dir='ltr'><strong>census</strong></span> 
     </span>
    </p>
   </div>
   <div class='ocr_carea' id='block_1_21' title="bbox 1931 786 3510 857">
    <p class='ocr_par' dir='ltr' id='par_1_21' title="bbox 1931 786 3510 857">
     <span class='ocr_line' id='line_1_21' title="bbox 1931 786 3510 857; baseline 0 -17"><span class='ocrx_word' id='word_1_138' title='bbox 1931 799 2036 849; x_wconf 87' lang='lat' dir='ltr'><strong>est,</strong></span> <span class='ocrx_word' id='word_1_139' title='bbox 2079 786 2376 842; x_wconf 72' lang='lat' dir='ltr'><strong>Macedonii</strong></span> <span class='ocrx_word' id='word_1_140' title='bbox 2409 788 2665 856; x_wconf 86' lang='lat' dir='ltr'><strong>opiuioue</strong></span> <span class='ocrx_word' id='word_1_141' title='bbox 2703 786 3009 857; x_wconf 88' lang='lat' dir='ltr'><strong>rejecta,ad</strong></span> <span class='ocrx_word' id='word_1_142' title='bbox 3037 787 3336 840; x_wconf 82' lang='lat' dir='ltr'><strong>Eeclesiam</strong></span> <span class='ocrx_word' id='word_1_143' title='bbox 3387 787 3510 840; x_wconf 83' lang='lat' dir='ltr'><strong>uni-</strong></span> 
     </span>
    </p>
   </div>
   <div class='ocr_carea' id='block_1_22' title="bbox 1937 877 3506 946">
    <p class='ocr_par' dir='ltr' id='par_1_22' title="bbox 1937 877 3506 946">
     <span class='ocr_line' id='line_1_22' title="bbox 1937 877 3506 946; baseline 0.001 -16"><span class='ocrx_word' id='word_1_144' title='bbox 1937 879 2199 931; x_wconf 69' lang='lat' dir='ltr'><strong>Vt-rsnlem</strong></span> <span class='ocrx_word' id='word_1_145' title='bbox 2221 895 2278 931; x_wconf 80' lang='lat' dir='ltr'><strong>se</strong></span> <span class='ocrx_word' id='word_1_146' title='bbox 2306 880 2559 942; x_wconf 80' lang='lat' dir='ltr'><strong>contulit,</strong></span> <span class='ocrx_word' id='word_1_147' title='bbox 2583 895 2686 932; x_wconf 91' lang='lat' dir='ltr'><strong>non</strong></span> <span class='ocrx_word' id='word_1_148' title='bbox 2713 891 2818 933; x_wconf 90' lang='lat' dir='ltr'><strong>tam</strong></span> <span class='ocrx_word' id='word_1_149' title='bbox 2847 877 3097 932; x_wconf 77' lang='lat' dir='ltr'><strong>doctrina</strong></span> <span class='ocrx_word' id='word_1_150' title='bbox 3121 893 3282 946; x_wconf 87' lang='lat' dir='ltr'><strong>quam</strong></span> <span class='ocrx_word' id='word_1_151' title='bbox 3313 889 3506 933; x_wconf 78' lang='lat' dir='ltr'><strong>mtura</strong></span> 
     </span>
    </p>
   </div>
   <div class='ocr_carea' id='block_1_23' title="bbox 1935 968 3506 1040">
    <p class='ocr_par' dir='ltr' id='par_1_23' title="bbox 1935 968 3506 1040">
     <span class='ocr_line' id='line_1_23' title="bbox 1935 968 3506 1040; baseline 0 -18"><span class='ocrx_word' id='word_1_152' title='bbox 1935 970 2178 1040; x_wconf 85' lang='lat' dir='ltr'><strong>prudens</strong></span> <span class='ocrx_word' id='word_1_153' title='bbox 2213 984 2228 1022; x_wconf 86' lang='lat'>:</span> <span class='ocrx_word' id='word_1_154' title='bbox 2265 981 2601 1038; x_wconf 84' lang='lat' dir='ltr'><strong>quapropter</strong></span> <span class='ocrx_word' id='word_1_155' title='bbox 2635 969 2686 1022; x_wconf 92' lang='lat' dir='ltr'><strong>in</strong></span> <span class='ocrx_word' id='word_1_156' title='bbox 2717 971 2882 1023; x_wconf 85' lang='lat' dir='ltr'><strong>rebus</strong></span> <span class='ocrx_word' id='word_1_157' title='bbox 2908 968 3133 1037; x_wconf 77' lang='lat' dir='ltr'><strong>agendis</strong></span> <span class='ocrx_word' id='word_1_158' title='bbox 3176 969 3332 1023; x_wconf 92' lang='lat' dir='ltr'><strong>facile</strong></span> <span class='ocrx_word' id='word_1_159' title='bbox 3361 971 3506 1036; x_wconf 84' lang='lat' dir='ltr'><strong>quod</strong></span> 
     </span>
    </p>
   </div>
   <div class='ocr_carea' id='block_1_24' title="bbox 1936 1060 3509 1129">
    <p class='ocr_par' dir='ltr' id='par_1_24' title="bbox 1936 1060 3509 1129">
     <span class='ocr_line' id='line_1_24' title="bbox 1936 1060 3509 1129; baseline 0.001 -16"><span class='ocrx_word' id='word_1_160' title='bbox 1936 1061 2110 1116; x_wconf 85' lang='lat' dir='ltr'><strong>voluit</strong></span> <span class='ocrx_word' id='word_1_161' title='bbox 2132 1069 2416 1115; x_wconf 81' lang='lat' dir='ltr'><strong>assecutus</strong></span> <span class='ocrx_word' id='word_1_162' title='bbox 2433 1070 2534 1123; x_wconf 85' lang='lat' dir='ltr'><strong>est,</strong></span> <span class='ocrx_word' id='word_1_163' title='bbox 2556 1060 2912 1115; x_wconf 81' lang='lat' dir='ltr'><strong>instruendis</strong></span> <span class='ocrx_word' id='word_1_164' title='bbox 2943 1060 3106 1114; x_wconf 84' lang='lat' dir='ltr'><strong>simul</strong></span> <span class='ocrx_word' id='word_1_165' title='bbox 3136 1069 3192 1114; x_wconf 81' lang='lat' dir='ltr'><strong>et</strong></span> <span class='ocrx_word' id='word_1_166' title='bbox 3242 1060 3509 1129; x_wconf 57' lang='lat' dir='ltr'><strong>effugien-</strong></span> 
     </span>
    </p>
   </div>
   <div class='ocr_carea' id='block_1_25' title="bbox 1937 1151 3509 1222">
    <p class='ocr_par' dir='ltr' id='par_1_25' title="bbox 1937 1151 3509 1222">
     <span class='ocr_line' id='line_1_25' title="bbox 1937 1151 3509 1222; baseline 0 -14"><span class='ocrx_word' id='word_1_167' title='bbox 1937 1155 2022 1208; x_wconf 92' lang='lat' dir='ltr'><strong>dis</strong></span> <span class='ocrx_word' id='word_1_168' title='bbox 2081 1153 2297 1207; x_wconf 82' lang='lat' dir='ltr'><strong>insidiis</strong></span> <span class='ocrx_word' id='word_1_169' title='bbox 2353 1152 2679 1205; x_wconf 74' lang='lat' dir='ltr'><strong>dexteritate</strong></span> <span class='ocrx_word' id='word_1_170' title='bbox 2714 1166 2871 1204; x_wconf 48' lang='lat' dir='ltr'><strong>m’ra.</strong></span> <span class='ocrx_word' id='word_1_171' title='bbox 2931 1151 3090 1222; x_wconf 66' lang='grc'><strong>411,</strong></span> <span class='ocrx_word' id='word_1_172' title='bbox 3148 1153 3206 1208; x_wconf 85' lang='lat' dir='ltr'><strong>In</strong></span> <span class='ocrx_word' id='word_1_173' title='bbox 3263 1153 3509 1209; x_wconf 87' lang='lat' dir='ltr'><strong>moribus</strong></span> 
     </span>
    </p>
   </div>
   <div class='ocr_carea' id='block_1_26' title="bbox 1937 1242 3509 1316">
    <p class='ocr_par' dir='ltr' id='par_1_26' title="bbox 1937 1242 3509 1316">
     <span class='ocr_line' id='line_1_26' title="bbox 1937 1242 3509 1316; baseline 0.001 -18"><span class='ocrx_word' id='word_1_174' title='bbox 1937 1248 2055 1316; x_wconf 85' lang='lat' dir='ltr'><strong>ejus</strong></span> <span class='ocrx_word' id='word_1_175' title='bbox 2090 1246 2172 1298; x_wconf 72' lang='lat' dir='ltr'><strong>IIIB</strong></span> <span class='ocrx_word' id='word_1_176' title='bbox 2213 1245 2434 1297; x_wconf 89' lang='lat' dir='ltr'><strong>fuerunt</strong></span> <span class='ocrx_word' id='word_1_177' title='bbox 2477 1243 2768 1303; x_wconf 66' lang='lat' dir='ltr'><strong>illecebrae.</strong></span> <span class='ocrx_word' id='word_1_178' title='bbox 2803 1252 2860 1296; x_wconf 94' lang='lat' dir='ltr'><strong>ut</strong></span> <span class='ocrx_word' id='word_1_179' title='bbox 2883 1242 2995 1297; x_wconf 92' lang='lat' dir='ltr'><strong>fere</strong></span> <span class='ocrx_word' id='word_1_180' title='bbox 3019 1244 3274 1297; x_wconf 91' lang='lat' dir='ltr'><strong>omnibus</strong></span> <span class='ocrx_word' id='word_1_181' title='bbox 3321 1256 3509 1313; x_wconf 71' lang='lat' dir='ltr'><strong>gratus</strong></span> 
     </span>
    </p>
   </div>
   <div class='ocr_carea' id='block_1_27' title="bbox 1939 1332 3514 1390">
    <p class='ocr_par' dir='ltr' id='par_1_27' title="bbox 1939 1332 3514 1390">
     <span class='ocr_line' id='line_1_27' title="bbox 1939 1332 3514 1390; baseline 0.001 -2"><span class='ocrx_word' id='word_1_182' title='bbox 1939 1345 1992 1389; x_wconf 88' lang='lat' dir='ltr'><strong>et</strong></span> <span class='ocrx_word' id='word_1_183' title='bbox 2019 1334 2219 1388; x_wconf 81' lang='lat' dir='ltr'><strong>eliarus</strong></span> <span class='ocrx_word' id='word_1_184' title='bbox 2239 1344 2404 1390; x_wconf 86' lang='lat' dir='ltr'><strong>esset.</strong></span> <span class='ocrx_word' id='word_1_185' title='bbox 2443 1332 2501 1386; x_wconf 93' lang='lat' dir='ltr'><strong>ln</strong></span> <span class='ocrx_word' id='word_1_186' title='bbox 2543 1333 2887 1387; x_wconf 85' lang='lat' dir='ltr'><strong>orationibus</strong></span> <span class='ocrx_word' id='word_1_187' title='bbox 2943 1334 3336 1389; x_wconf 80' lang='lat' dir='ltr'><strong>ecclesiasticis</strong></span> <span class='ocrx_word' id='word_1_188' title='bbox 3381 1337 3514 1390; x_wconf 85' lang='lat' dir='ltr'><strong>sim-</strong></span> 
     </span>
    </p>
   </div>
   <div class='ocr_carea' id='block_1_28' title="bbox 1944 1425 3517 1496">
    <p class='ocr_par' dir='ltr' id='par_1_28' title="bbox 1944 1425 3517 1496">
     <span class='ocr_line' id='line_1_28' title="bbox 1944 1425 3517 1496; baseline 0.003 -20"><span class='ocrx_word' id='word_1_189' title='bbox 1944 1429 2062 1496; x_wconf 79' lang='lat' dir='ltr'><strong>plex</strong></span> <span class='ocrx_word' id='word_1_190' title='bbox 2089 1428 2211 1491; x_wconf 83' lang='lat' dir='ltr'><strong>fuit,</strong></span> <span class='ocrx_word' id='word_1_191' title='bbox 2254 1441 2462 1494; x_wconf 84' lang='lat' dir='ltr'><strong>easque</strong></span> <span class='ocrx_word' id='word_1_192' title='bbox 2489 1425 2840 1486; x_wconf 87' lang='lat' dir='ltr'><strong>talesedidit.</strong></span> <span class='ocrx_word' id='word_1_193' title='bbox 2880 1435 2940 1479; x_wconf 92' lang='lat' dir='ltr'><strong>ut</strong></span> <span class='ocrx_word' id='word_1_194' title='bbox 2965 1441 3142 1494; x_wconf 89' lang='lat' dir='ltr'><strong>neque</strong></span> <span class='ocrx_word' id='word_1_195' title='bbox 3195 1426 3264 1479; x_wconf 90' lang='lat' dir='ltr'><strong>ab</strong></span> <span class='ocrx_word' id='word_1_196' title='bbox 3300 1428 3517 1481; x_wconf 86' lang='lat' dir='ltr'><strong>audito-</strong></span> 
     </span>
    </p>
   </div>
   <div class='ocr_carea' id='block_1_29' title="bbox 1942 1515 3513 1586">
    <p class='ocr_par' dir='ltr' id='par_1_29' title="bbox 1942 1515 3513 1586">
     <span class='ocr_line' id='line_1_29' title="bbox 1942 1515 3513 1586; baseline 0 -12"><span class='ocrx_word' id='word_1_197' title='bbox 1942 1524 2096 1575; x_wconf 81' lang='lat' dir='ltr'><strong>ribus</strong></span> <span class='ocrx_word' id='word_1_198' title='bbox 2148 1519 2675 1579; x_wconf 66' lang='lat' dir='ltr'><strong>trauscriberertu&#39;,</strong></span> <span class='ocrx_word' id='word_1_199' title='bbox 2728 1533 2908 1586; x_wconf 87' lang='lat' dir='ltr'><strong>neque</strong></span> <span class='ocrx_word' id='word_1_200' title='bbox 2967 1515 3197 1572; x_wconf 89' lang='lat' dir='ltr'><strong>omnino</strong></span> <span class='ocrx_word' id='word_1_201' title='bbox 3259 1517 3513 1574; x_wconf 92' lang='lat' dir='ltr'><strong>doctrina</strong></span> 
     </span>
    </p>
   </div>
   <div class='ocr_carea' id='block_1_30' title="bbox 1941 1611 3515 1680">
    <p class='ocr_par' dir='ltr' id='par_1_30' title="bbox 1941 1611 3515 1680">
     <span class='ocr_line' id='line_1_30' title="bbox 1941 1611 3515 1680; baseline -0.001 -14"><span class='ocrx_word' id='word_1_202' title='bbox 1941 1612 2253 1667; x_wconf 88' lang='lat' dir='ltr'><strong>liberaliore</strong></span> <span class='ocrx_word' id='word_1_203' title='bbox 2281 1621 2333 1665; x_wconf 92' lang='lat' dir='ltr'><strong>et</strong></span> <span class='ocrx_word' id='word_1_204' title='bbox 2359 1611 2628 1680; x_wconf 71' lang='lat' dir='ltr'><strong>elegantia</strong></span> <span class='ocrx_word' id='word_1_205' title='bbox 2656 1619 2920 1663; x_wconf 84' lang='lat' dir='ltr'><strong>carerent.</strong></span> <span class='ocrx_word' id='word_1_206' title='bbox 2949 1611 3015 1665; x_wconf 85' lang='lat' dir='ltr'><strong>Et</strong></span> <span class='ocrx_word' id='word_1_207' title='bbox 3046 1628 3171 1666; x_wconf 90' lang='lat' dir='ltr'><strong>cum</strong></span> <span class='ocrx_word' id='word_1_208' title='bbox 3192 1613 3275 1664; x_wconf 77' lang='lat' dir='ltr'><strong>vir</strong></span> <span class='ocrx_word' id='word_1_209' title='bbox 3303 1625 3515 1666; x_wconf 90' lang='lat' dir='ltr'><strong>summa</strong></span> 
     </span>
    </p>
   </div>
   <div class='ocr_carea' id='block_1_31' title="bbox 1943 1703 3517 1773">
    <p class='ocr_par' dir='ltr' id='par_1_31' title="bbox 1943 1703 3517 1773">
     <span class='ocr_line' id='line_1_31' title="bbox 1943 1703 3517 1773; baseline -0.001 -14"><span class='ocrx_word' id='word_1_210' title='bbox 1943 1706 2222 1773; x_wconf 79' lang='lat' dir='ltr'><strong>diligentia</strong></span> <span class='ocrx_word' id='word_1_211' title='bbox 2252 1716 2419 1768; x_wconf 80' lang='lat' dir='ltr'><strong>esset,</strong></span> <span class='ocrx_word' id='word_1_212' title='bbox 2458 1714 2826 1773; x_wconf 90' lang='lat' dir='ltr'><strong>opportunum</strong></span> <span class='ocrx_word' id='word_1_213' title='bbox 2862 1713 3074 1771; x_wconf 75' lang='lat' dir='ltr'><strong>tempus</strong></span> <span class='ocrx_word' id='word_1_214' title='bbox 3129 1713 3342 1764; x_wconf 73' lang='lat' dir='ltr'><strong>nactus,</strong></span> <span class='ocrx_word' id='word_1_215' title='bbox 3382 1703 3517 1757; x_wconf 87' lang='lat' dir='ltr'><strong>sub-</strong></span> 
     </span>
    </p>
   </div>
   <div class='ocr_carea' id='block_1_32' title="bbox 263 1795 1940 1906">
    <p class='ocr_par' dir='ltr' id='par_1_32' title="bbox 263 1805 1918 1906">
     <span class='ocr_line' id='line_1_32' title="bbox 263 1805 1918 1906; baseline -0.008 -38"><span class='ocrx_word' id='word_1_216' title='bbox 263 1813 576 1884; x_wconf 74' lang='grc' dir='ltr'>ἀνηκούσης</span> <span class='ocrx_word' id='word_1_217' title='bbox 607 1815 818 1880; x_wconf 80' lang='grc' dir='ltr'>λόγους.</span> <span class='ocrx_word' id='word_1_218' title='bbox 870 1810 1166 1879; x_wconf 83' lang='grc' dir='ltr'>Ἐπιμελὴς</span> <span class='ocrx_word' id='word_1_219' title='bbox 1203 1808 1247 1860; x_wconf 86' lang='grc' dir='ltr'>δ’</span> <span class='ocrx_word' id='word_1_220' title='bbox 1274 1808 1350 1868; x_wconf 71' lang='grc' dir='ltr'><strong>τίς</strong></span> <span class='ocrx_word' id='word_1_221' title='bbox 1371 1808 1537 1875; x_wconf 82' lang='grc' dir='ltr'>ἄκρον</span> <span class='ocrx_word' id='word_1_222' title='bbox 1571 1805 1667 1868; x_wconf 81' lang='grc' dir='ltr'>ὢν,</span> <span class='ocrx_word' id='word_1_223' title='bbox 1695 1807 1746 1857; x_wconf 79' lang='grc' dir='ltr'><strong>εῐ</strong></span> <span class='ocrx_word' id='word_1_224' title='bbox 1764 1820 1838 1869; x_wconf 85' lang='grc' dir='ltr'><strong>πη</strong></span> <span class='ocrx_word' id='word_1_225' title='bbox 1877 1849 1918 1906; x_wconf 70' lang='grc' dir='ltr'><strong><em>Β</em></strong></span> 
     </span>
    </p>
   </div>
   <div class='ocr_carea' id='block_1_33' title="bbox 1842 1795 3519 1906">
    <p class='ocr_par' dir='ltr' id='par_1_33' title="bbox 1877 1795 3519 1906">
     <span class='ocr_line' id='line_1_33' title="bbox 1877 1795 3519 1906; baseline -0.004 -54"><span class='ocrx_word' id='word_1_226' title='bbox 1877 1849 1918 1906; x_wconf 68' lang='grc' dir='ltr'><strong><em>Β</em></strong></span> <span class='ocrx_word' id='word_1_227' title='bbox 1947 1799 2074 1852; x_wconf 92' lang='lat' dir='ltr'><strong>inde</strong></span> <span class='ocrx_word' id='word_1_228' title='bbox 2103 1809 2350 1852; x_wconf 80' lang='lat' dir='ltr'><strong>oratores</strong></span> <span class='ocrx_word' id='word_1_229' title='bbox 2393 1797 2609 1851; x_wconf 71' lang='lat' dir='ltr'><strong>Graecos</strong></span> <span class='ocrx_word' id='word_1_230' title='bbox 2657 1795 2990 1850; x_wconf 85' lang='lat' dir='ltr'><strong>eelebriores</strong></span> <span class='ocrx_word' id='word_1_231' title='bbox 3031 1795 3260 1864; x_wconf 76' lang='lat' dir='ltr'><strong>legendo</strong></span> <span class='ocrx_word' id='word_1_232' title='bbox 3283 1810 3340 1848; x_wconf 89' lang='lat' dir='ltr'><strong>se</strong></span> <span class='ocrx_word' id='word_1_233' title='bbox 3366 1811 3519 1847; x_wconf 78' lang='lat' dir='ltr'><strong>exer-</strong></span> 
     </span>
     <span class='ocr_line' id='line_1_34' title="bbox 2021 1885 3483 1906; baseline 0 0"><span class='ocrx_word' id='word_1_234' title='bbox 2021 1891 2054 1906; x_wconf 78' lang='grc' dir='ltr'>ο.</span> <span class='ocrx_word' id='word_1_235' title='bbox 2123 1888 2166 1906; x_wconf 60' lang='grc' dir='ltr'>ην</span> <span class='ocrx_word' id='word_1_236' title='bbox 2244 1905 2249 1906; x_wconf 61' lang='lat'><strong><em>,</em></strong></span> <span class='ocrx_word' id='word_1_237' title='bbox 2308 1890 2322 1906; x_wconf 71' lang='grc' dir='ltr'><strong><em>ι</em></strong></span> <span class='ocrx_word' id='word_1_238' title='bbox 2446 1905 2451 1906; x_wconf 61' lang='lat'><strong><em>,</em></strong></span> <span class='ocrx_word' id='word_1_239' title='bbox 2499 1905 2507 1906; x_wconf 33' lang='grc' dir='ltr'><em>κ</em></span> <span class='ocrx_word' id='word_1_240' title='bbox 2618 1902 2727 1906; x_wconf 52' lang='grc' dir='ltr'><strong>---μ</strong></span> <span class='ocrx_word' id='word_1_241' title='bbox 2762 1888 2773 1906; x_wconf 81' lang='lat'>:</span> <span class='ocrx_word' id='word_1_242' title='bbox 2801 1887 2922 1906; x_wconf 56' lang='lat' dir='ltr'><strong>I2-.-</strong></span> <span class='ocrx_word' id='word_1_243' title='bbox 2963 1901 3053 1906; x_wconf 56' lang='grc' dir='ltr'><strong>Α---</strong></span> <span class='ocrx_word' id='word_1_244' title='bbox 3089 1885 3224 1906; x_wconf 75' lang='grc' dir='ltr'><strong>-.--.Ι;.</strong></span> <span class='ocrx_word' id='word_1_245' title='bbox 3291 1900 3402 1906; x_wconf 56' lang='grc' dir='ltr'><strong>Α---</strong></span> <span class='ocrx_word' id='word_1_246' title='bbox 3437 1885 3483 1906; x_wconf 71' lang='grc'><strong>-.3</strong></span> 
     </span>
    </p>
   </div>
   <div class='ocr_carea' id='block_1_34' title="bbox 265 1897 1843 1974">
    <p class='ocr_par' dir='ltr' id='par_1_34' title="bbox 265 1897 1843 1974">
     <span class='ocr_line' id='line_1_35' title="bbox 265 1897 1843 1974; baseline -0.008 -17"><span class='ocrx_word' id='word_1_247' title='bbox 265 1906 459 1973; x_wconf 73' lang='grc' dir='ltr'>καιρὸν</span> <span class='ocrx_word' id='word_1_248' title='bbox 507 1905 702 1974; x_wconf 73' lang='grc' dir='ltr'>ἐθήρα,</span> <span class='ocrx_word' id='word_1_249' title='bbox 736 1903 861 1964; x_wconf 73' lang='grc' dir='ltr'>τοὺς</span> <span class='ocrx_word' id='word_1_250' title='bbox 895 1903 1025 1971; x_wconf 76' lang='grc' dir='ltr'>παρ’</span> <span class='ocrx_word' id='word_1_251' title='bbox 1061 1901 1320 1968; x_wconf 75' lang='grc' dir='ltr'>Ἕλλησιν</span> <span class='ocrx_word' id='word_1_252' title='bbox 1345 1901 1434 1950; x_wconf 69' lang='grc' dir='ltr'>ἐπὶ</span> <span class='ocrx_word' id='word_1_253' title='bbox 1469 1897 1725 1966; x_wconf 74' lang='grc' dir='ltr'>ῥητορεία</span> <span class='ocrx_word' id='word_1_254' title='bbox 1755 1897 1843 1945; x_wconf 83' lang='grc' dir='ltr'>εύ-</span> 
     </span>
    </p>
   </div>
   <div class='ocr_carea' id='block_1_35' title="bbox 264 1985 1844 2067">
    <p class='ocr_par' dir='ltr' id='par_1_35' title="bbox 264 1985 1844 2067">
     <span class='ocr_line' id='line_1_36' title="bbox 264 1985 1844 2067; baseline -0.008 -17"><span class='ocrx_word' id='word_1_255' title='bbox 264 1999 678 2067; x_wconf 76' lang='grc' dir='ltr'>δοκιμησαντας</span> <span class='ocrx_word' id='word_1_256' title='bbox 739 1998 972 2064; x_wconf 80' lang='grc' dir='ltr'>ῥήτορας</span> <span class='ocrx_word' id='word_1_257' title='bbox 1013 1994 1244 2064; x_wconf 59' lang='grc' dir='ltr'>ἤσκητο.</span> <span class='ocrx_word' id='word_1_258' title='bbox 1296 1991 1409 2044; x_wconf 78' lang='grc' dir='ltr'>Καὶ</span> <span class='ocrx_word' id='word_1_259' title='bbox 1466 1991 1680 2054; x_wconf 75' lang='grc' dir='ltr'><strong>ἰδιώτης</strong></span> <span class='ocrx_word' id='word_1_260' title='bbox 1748 1985 1844 2056; x_wconf 83' lang='grc' dir='ltr'>μὲν</span> 
     </span>
    </p>
   </div>
   <div class='ocr_carea' id='block_1_36' title="bbox 262 2079 1839 2152">
    <p class='ocr_par' dir='ltr' id='par_1_36' title="bbox 262 2079 1839 2152">
     <span class='ocr_line' id='line_1_37' title="bbox 262 2079 1839 2152; baseline -0.008 -10"><span class='ocrx_word' id='word_1_261' title='bbox 262 2085 406 2143; x_wconf 78' lang='grc' dir='ltr'>εἶναι</span> <span class='ocrx_word' id='word_1_262' title='bbox 463 2089 669 2140; x_wconf 80' lang='grc' dir='ltr'>ἐδόκει·</span> <span class='ocrx_word' id='word_1_263' title='bbox 727 2087 787 2151; x_wconf 84' lang='grc' dir='ltr'><strong>ἐξ</strong></span> <span class='ocrx_word' id='word_1_264' title='bbox 840 2087 1070 2139; x_wconf 76' lang='grc' dir='ltr'><strong>ἐκείνων</strong></span> <span class='ocrx_word' id='word_1_265' title='bbox 1115 2084 1171 2136; x_wconf 81' lang='grc' dir='ltr'>δὲ</span> <span class='ocrx_word' id='word_1_266' title='bbox 1206 2083 1517 2152; x_wconf 77' lang='grc' dir='ltr'>μαρτυρίας</span> <span class='ocrx_word' id='word_1_267' title='bbox 1553 2079 1839 2149; x_wconf 79' lang='grc' dir='ltr'>παράγων,</span> 
     </span>
    </p>
   </div>
   <div class='ocr_carea' id='block_1_37' title="bbox 257 2171 1845 2245">
    <p class='ocr_par' dir='ltr' id='par_1_37' title="bbox 257 2171 1845 2245">
     <span class='ocr_line' id='line_1_38' title="bbox 257 2171 1845 2245; baseline -0.007 -13"><span class='ocrx_word' id='word_1_268' title='bbox 257 2181 353 2232; x_wconf 76' lang='grc' dir='ltr'>καὶ</span> <span class='ocrx_word' id='word_1_269' title='bbox 385 2178 514 2239; x_wconf 76' lang='grc' dir='ltr'>τοὺς</span> <span class='ocrx_word' id='word_1_270' title='bbox 569 2176 953 2245; x_wconf 69' lang='grc' dir='ltr'><strong>ἐπιστημόνως</strong></span> <span class='ocrx_word' id='word_1_271' title='bbox 1003 2175 1291 2244; x_wconf 80' lang='grc' dir='ltr'>μετιόντας</span> <span class='ocrx_word' id='word_1_272' title='bbox 1331 2172 1647 2224; x_wconf 81' lang='grc' dir='ltr'>ἐλάνθανεν.</span> <span class='ocrx_word' id='word_1_273' title='bbox 1697 2171 1845 2223; x_wconf 77' lang='grc' dir='ltr'>Ἑπιο</span> 
     </span>
    </p>
   </div>
   <div class='ocr_carea' id='block_1_38' title="bbox 260 2264 1842 2339">
    <p class='ocr_par' dir='ltr' id='par_1_38' title="bbox 260 2264 1842 2339">
     <span class='ocr_line' id='line_1_39' title="bbox 260 2264 1842 2339; baseline -0.004 -18"><span class='ocrx_word' id='word_1_274' title='bbox 260 2271 594 2339; x_wconf 83' lang='grc' dir='ltr'>μελέστατος</span> <span class='ocrx_word' id='word_1_275' title='bbox 652 2269 708 2320; x_wconf 79' lang='grc' dir='ltr'>δὲ</span> <span class='ocrx_word' id='word_1_276' title='bbox 767 2269 903 2337; x_wconf 83' lang='grc' dir='ltr'>πρὸς</span> <span class='ocrx_word' id='word_1_277' title='bbox 945 2269 1004 2320; x_wconf 78' lang='grc' dir='ltr'><strong>τὸ</strong></span> <span class='ocrx_word' id='word_1_278' title='bbox 1061 2267 1318 2336; x_wconf 76' lang='grc' dir='ltr'>ὁμόδοξον</span> <span class='ocrx_word' id='word_1_279' title='bbox 1376 2265 1452 2318; x_wconf 85' lang='grc' dir='ltr'>ὣν</span> <span class='ocrx_word' id='word_1_280' title='bbox 1505 2266 1600 2317; x_wconf 81' lang='grc' dir='ltr'>καὶ</span> <span class='ocrx_word' id='word_1_281' title='bbox 1658 2264 1842 2332; x_wconf 76' lang='grc' dir='ltr'>ηπιος,</span> 
     </span>
    </p>
   </div>
   <div class='ocr_carea' id='block_1_39' title="bbox 259 2353 1844 2430">
    <p class='ocr_par' dir='ltr' id='par_1_39' title="bbox 259 2353 1844 2430">
     <span class='ocr_line' id='line_1_40' title="bbox 259 2353 1844 2430; baseline -0.007 -17"><span class='ocrx_word' id='word_1_282' title='bbox 259 2365 371 2424; x_wconf 84' lang='grc' dir='ltr'>τοῖς</span> <span class='ocrx_word' id='word_1_283' title='bbox 407 2361 585 2422; x_wconf 80' lang='grc' dir='ltr'>ἄλλως</span> <span class='ocrx_word' id='word_1_284' title='bbox 636 2361 668 2430; x_wconf 87' lang='grc' dir='ltr'>ἢ</span> <span class='ocrx_word' id='word_1_285' title='bbox 728 2358 803 2421; x_wconf 83' lang='grc' dir='ltr'>ὡς</span> <span class='ocrx_word' id='word_1_286' title='bbox 855 2359 1052 2428; x_wconf 81' lang='grc' dir='ltr'>ἐκείνῳ</span> <span class='ocrx_word' id='word_1_287' title='bbox 1103 2357 1278 2410; x_wconf 88' lang='grc' dir='ltr'>ἐδόκει</span> <span class='ocrx_word' id='word_1_288' title='bbox 1325 2356 1584 2426; x_wconf 77' lang='grc' dir='ltr'>φρονοῦσι</span> <span class='ocrx_word' id='word_1_289' title='bbox 1617 2353 1844 2422; x_wconf 68' lang='grc' dir='ltr'>φοϐερὸς</span> 
     </span>
    </p>
   </div>
   <div class='ocr_carea' id='block_1_40' title="bbox 266 2449 1843 2523">
    <p class='ocr_par' dir='ltr' id='par_1_40' title="bbox 266 2449 1843 2523">
     <span class='ocr_line' id='line_1_41' title="bbox 266 2449 1843 2523; baseline -0.005 -19"><span class='ocrx_word' id='word_1_290' title='bbox 266 2454 504 2523; x_wconf 83' lang='grc' dir='ltr'>μάλιστα</span> <span class='ocrx_word' id='word_1_291' title='bbox 555 2450 642 2522; x_wconf 79' lang='grc' dir='ltr'>ἦν,</span> <span class='ocrx_word' id='word_1_292' title='bbox 677 2455 741 2505; x_wconf 92' lang='grc' dir='ltr'><strong>ἐκ</strong></span> <span class='ocrx_word' id='word_1_293' title='bbox 780 2451 874 2504; x_wconf 80' lang='grc' dir='ltr'><strong>τοῦ</strong></span> <span class='ocrx_word' id='word_1_294' title='bbox 911 2453 1110 2520; x_wconf 79' lang='grc' dir='ltr'>ρᾲστου</span> <span class='ocrx_word' id='word_1_295' title='bbox 1168 2467 1228 2502; x_wconf 89' lang='grc' dir='ltr'><strong>τε</strong></span> <span class='ocrx_word' id='word_1_296' title='bbox 1275 2449 1415 2517; x_wconf 75' lang='grc' dir='ltr'>ἔχων</span> <span class='ocrx_word' id='word_1_297' title='bbox 1463 2449 1578 2510; x_wconf 84' lang='grc' dir='ltr'>δέος</span> <span class='ocrx_word' id='word_1_298' title='bbox 1617 2449 1843 2510; x_wconf 78' lang='grc' dir='ltr'>ἐκείνοις</span> 
     </span>
    </p>
   </div>
   <div class='ocr_carea' id='block_1_41' title="bbox 261 2536 1845 2614">
    <p class='ocr_par' dir='ltr' id='par_1_41' title="bbox 261 2536 1845 2614">
     <span class='ocr_line' id='line_1_42' title="bbox 261 2536 1845 2614; baseline -0.006 -17"><span class='ocrx_word' id='word_1_299' title='bbox 261 2545 560 2614; x_wconf 70' lang='grc' dir='ltr'>ἐμϐάλλειν</span> <span class='ocrx_word' id='word_1_300' title='bbox 625 2545 788 2613; x_wconf 84' lang='grc' dir='ltr'>μόνον</span> <span class='ocrx_word' id='word_1_301' title='bbox 836 2542 1193 2612; x_wconf 78' lang='grc' dir='ltr'>βουλόμενος·</span> <span class='ocrx_word' id='word_1_302' title='bbox 1253 2543 1415 2593; x_wconf 75' lang='grc' dir='ltr'>πάὶιν</span> <span class='ocrx_word' id='word_1_303' title='bbox 1456 2540 1500 2590; x_wconf 82' lang='grc' dir='ltr'>δ’</span> <span class='ocrx_word' id='word_1_304' title='bbox 1533 2536 1599 2591; x_wconf 77' lang='grc' dir='ltr'><strong>αὖ</strong></span> <span class='ocrx_word' id='word_1_305' title='bbox 1650 2539 1845 2606; x_wconf 85' lang='grc' dir='ltr'>ἁθρόον</span> 
     </span>
    </p>
   </div>
   <div class='ocr_carea' id='block_1_42' title="bbox 265 2631 1846 2702">
    <p class='ocr_par' dir='ltr' id='par_1_42' title="bbox 265 2631 1846 2702">
     <span class='ocr_line' id='line_1_43' title="bbox 265 2631 1846 2702; baseline -0.003 -17"><span class='ocrx_word' id='word_1_306' title='bbox 265 2638 764 2702; x_wconf 63' lang='grc' dir='ltr'>μεταϐαλλόμενος,</span> <span class='ocrx_word' id='word_1_307' title='bbox 791 2637 926 2700; x_wconf 79' lang='grc' dir='ltr'>πρὸς</span> <span class='ocrx_word' id='word_1_308' title='bbox 957 2636 1018 2686; x_wconf 77' lang='grc' dir='ltr'>τὸ</span> <span class='ocrx_word' id='word_1_309' title='bbox 1066 2635 1240 2699; x_wconf 80' lang='grc' dir='ltr'>πρᾶον</span> <span class='ocrx_word' id='word_1_310' title='bbox 1282 2634 1644 2700; x_wconf 85' lang='grc' dir='ltr'>μεταχωρεῖν.</span> <span class='ocrx_word' id='word_1_311' title='bbox 1666 2631 1723 2682; x_wconf 85' lang='grc' dir='ltr'>Ὀ</span> <span class='ocrx_word' id='word_1_312' title='bbox 1749 2632 1846 2696; x_wconf 78' lang='grc' dir='ltr'>μὲν</span> 
     </span>
    </p>
   </div>
   <div class='ocr_carea' id='block_1_43' title="bbox 260 2718 1844 2792">
    <p class='ocr_par' dir='ltr' id='par_1_43' title="bbox 260 2718 1844 2792">
     <span class='ocr_line' id='line_1_44' title="bbox 260 2718 1844 2792; baseline -0.003 -17"><span class='ocrx_word' id='word_1_313' title='bbox 260 2718 355 2776; x_wconf 81' lang='grc' dir='ltr'>οὖν</span> <span class='ocrx_word' id='word_1_314' title='bbox 383 2724 627 2784; x_wconf 75' lang='grc' dir='ltr'>τοιοῦτος</span> <span class='ocrx_word' id='word_1_315' title='bbox 656 2720 742 2792; x_wconf 85' lang='grc' dir='ltr'>ἦν,</span> <span class='ocrx_word' id='word_1_316' title='bbox 777 2723 851 2784; x_wconf 84' lang='grc' dir='ltr'>ὡς</span> <span class='ocrx_word' id='word_1_317' title='bbox 881 2725 928 2774; x_wconf 84' lang='grc' dir='ltr'>οἱ</span> <span class='ocrx_word' id='word_1_318' title='bbox 957 2722 1122 2773; x_wconf 74' lang='grc' dir='ltr'>αὑτοῦ</span> <span class='ocrx_word' id='word_1_319' title='bbox 1159 2723 1355 2784; x_wconf 85' lang='grc' dir='ltr'>πεῖραν</span> <span class='ocrx_word' id='word_1_320' title='bbox 1391 2719 1675 2788; x_wconf 67' lang='grc' dir='ltr'>εἰληφότες</span> <span class='ocrx_word' id='word_1_321' title='bbox 1703 2719 1844 2770; x_wconf 77' lang='grc' dir='ltr'>ἱστό-</span> 
     </span>
    </p>
   </div>
   <div class='ocr_carea' id='block_1_44' title="bbox 265 2808 1848 2884">
    <p class='ocr_par' dir='ltr' id='par_1_44' title="bbox 265 2808 1848 2884">
     <span class='ocr_line' id='line_1_45' title="bbox 265 2808 1848 2884; baseline -0.006 -17"><span class='ocrx_word' id='word_1_322' title='bbox 265 2832 465 2884; x_wconf 89' lang='grc' dir='ltr'>ρησαν.</span> <span class='ocrx_word' id='word_1_323' title='bbox 499 2814 705 2867; x_wconf 77' lang='grc' dir='ltr'>Τούτου</span> <span class='ocrx_word' id='word_1_324' title='bbox 731 2814 776 2866; x_wconf 83' lang='grc' dir='ltr'>δ’</span> <span class='ocrx_word' id='word_1_325' title='bbox 807 2813 901 2864; x_wconf 84' lang='grc' dir='ltr'>ἐπὶ</span> <span class='ocrx_word' id='word_1_326' title='bbox 925 2812 1032 2864; x_wconf 80' lang='grc' dir='ltr'>τῶν</span> <span class='ocrx_word' id='word_1_327' title='bbox 1065 2813 1266 2865; x_wconf 71' lang='grc' dir='ltr'>οἰάκων</span> <span class='ocrx_word' id='word_1_328' title='bbox 1294 2810 1443 2873; x_wconf 68' lang='grc' dir='ltr'>ὄντος</span> <span class='ocrx_word' id='word_1_329' title='bbox 1475 2811 1572 2878; x_wconf 78' lang='grc' dir='ltr'>τῆς</span> <span class='ocrx_word' id='word_1_330' title='bbox 1619 2808 1848 2877; x_wconf 67' lang='grc' dir='ltr'>Ἐκκλη-</span> 
     </span>
    </p>
   </div>
   <div class='ocr_carea' id='block_1_45' title="bbox 266 2903 1845 2973">
    <p class='ocr_par' dir='ltr' id='par_1_45' title="bbox 266 2903 1845 2973">
     <span class='ocr_line' id='line_1_46' title="bbox 266 2903 1845 2973; baseline -0.003 -16"><span class='ocrx_word' id='word_1_331' title='bbox 266 2906 409 2970; x_wconf 82' lang='grc' dir='ltr'>σίας,</span> <span class='ocrx_word' id='word_1_332' title='bbox 451 2905 620 2967; x_wconf 85' lang='grc' dir='ltr'>πολύς</span> <span class='ocrx_word' id='word_1_333' title='bbox 644 2923 728 2964; x_wconf 84' lang='grc' dir='ltr'><strong>τις</strong></span> <span class='ocrx_word' id='word_1_334' title='bbox 756 2906 977 2971; x_wconf 78' lang='grc' dir='ltr'>ἐγένετο</span> <span class='ocrx_word' id='word_1_335' title='bbox 1023 2904 1130 2956; x_wconf 83' lang='grc' dir='ltr'><strong>τῶν</strong></span> <span class='ocrx_word' id='word_1_336' title='bbox 1175 2903 1397 2973; x_wconf 75' lang='grc' dir='ltr'>Ἰωάννῃ</span> <span class='ocrx_word' id='word_1_337' title='bbox 1431 2903 1845 2972; x_wconf 76' lang='grc' dir='ltr'>προσκειμένων</span> 
     </span>
    </p>
   </div>
   <div class='ocr_carea' id='block_1_46' title="bbox 261 2995 1846 3064">
    <p class='ocr_par' dir='ltr' id='par_1_46' title="bbox 261 2995 1846 3064">
     <span class='ocr_line' id='line_1_47' title="bbox 261 2995 1846 3064; baseline -0.004 -14"><span class='ocrx_word' id='word_1_338' title='bbox 261 2999 290 3050; x_wconf 81' lang='grc' dir='ltr'>ὁ</span> <span class='ocrx_word' id='word_1_339' title='bbox 321 2997 588 3063; x_wconf 71' lang='grc' dir='ltr'>διωγμὸς,</span> <span class='ocrx_word' id='word_1_340' title='bbox 621 2996 714 3048; x_wconf 79' lang='grc' dir='ltr'>τοῦ</span> <span class='ocrx_word' id='word_1_341' title='bbox 748 2995 1007 3048; x_wconf 76' lang='grc' dir='ltr'>πλείστου</span> <span class='ocrx_word' id='word_1_342' title='bbox 1048 2996 1250 3064; x_wconf 78' lang='grc' dir='ltr'>μέρους</span> <span class='ocrx_word' id='word_1_343' title='bbox 1289 2996 1386 3063; x_wconf 77' lang='grc' dir='ltr'>τῆς</span> <span class='ocrx_word' id='word_1_344' title='bbox 1430 2995 1504 3047; x_wconf 74' lang='grc' dir='ltr'>ἕω</span> <span class='ocrx_word' id='word_1_345' title='bbox 1557 2995 1650 3046; x_wconf 73' lang='grc' dir='ltr'><strong>καὶ</strong></span> <span class='ocrx_word' id='word_1_346' title='bbox 1681 2995 1846 3045; x_wconf 78' lang='grc' dir='ltr'>ἐσπε-</span> 
     </span>
    </p>
   </div>
   <div class='ocr_carea' id='block_1_47' title="bbox 265 3086 1844 3158">
    <p class='ocr_par' dir='ltr' id='par_1_47' title="bbox 265 3086 1844 3158">
     <span class='ocr_line' id='line_1_48' title="bbox 265 3086 1844 3158; baseline -0.003 -17"><span class='ocrx_word' id='word_1_347' title='bbox 265 3090 386 3158; x_wconf 77' lang='grc' dir='ltr'>ρίου</span> <span class='ocrx_word' id='word_1_348' title='bbox 419 3089 625 3157; x_wconf 79' lang='grc' dir='ltr'>λήξεως</span> <span class='ocrx_word' id='word_1_349' title='bbox 678 3089 1084 3157; x_wconf 80' lang='grc' dir='ltr'>ἐκτρεπομένου</span> <span class='ocrx_word' id='word_1_350' title='bbox 1135 3088 1236 3157; x_wconf 79' lang='grc' dir='ltr'><strong>τὴν</strong></span> <span class='ocrx_word' id='word_1_351' title='bbox 1267 3087 1562 3140; x_wconf 79' lang='grc' dir='ltr'>κοινωνίαν</span> <span class='ocrx_word' id='word_1_352' title='bbox 1595 3088 1691 3154; x_wconf 84' lang='grc' dir='ltr'>τῆς</span> <span class='ocrx_word' id='word_1_353' title='bbox 1725 3086 1844 3137; x_wconf 79' lang='grc' dir='ltr'>κατ’</span> 
     </span>
    </p>
   </div>
   <div class='ocr_carea' id='block_1_48' title="bbox 1947 1885 3519 1949">
    <p class='ocr_par' dir='ltr' id='par_1_48' title="bbox 1947 1885 3519 1949">
     <span class='ocr_line' id='line_1_49' title="bbox 1947 1885 3519 1949; baseline -0.004 -5"><span class='ocrx_word' id='word_1_354' title='bbox 1947 1891 2079 1945; x_wconf 89' lang='lat' dir='ltr'><strong>cuit.</strong></span> <span class='ocrx_word' id='word_1_355' title='bbox 2123 1888 2259 1942; x_wconf 87' lang='lat' dir='ltr'><strong>Tum</strong></span> <span class='ocrx_word' id='word_1_356' title='bbox 2293 1890 2513 1942; x_wconf 89' lang='lat' dir='ltr'><strong>demum</strong></span> <span class='ocrx_word' id='word_1_357' title='bbox 2535 1927 2551 1949; x_wconf 85' lang='lat'><strong>,</strong></span> <span class='ocrx_word' id='word_1_358' title='bbox 2609 1902 2731 1942; x_wconf 91' lang='lat' dir='ltr'><strong>cum</strong></span> <span class='ocrx_word' id='word_1_359' title='bbox 2762 1887 2928 1940; x_wconf 84' lang='lat' dir='ltr'><strong>idiota</strong></span> <span class='ocrx_word' id='word_1_360' title='bbox 2961 1901 3056 1938; x_wconf 90' lang='lat' dir='ltr'><strong>seu</strong></span> <span class='ocrx_word' id='word_1_361' title='bbox 3088 1885 3238 1938; x_wconf 78' lang='lat' dir='ltr'><strong>rudis</strong></span> <span class='ocrx_word' id='word_1_362' title='bbox 3287 1900 3407 1938; x_wconf 79' lang='lat' dir='ltr'><strong>esse</strong></span> <span class='ocrx_word' id='word_1_363' title='bbox 3437 1885 3519 1937; x_wconf 79' lang='lat' dir='ltr'><strong>vi-</strong></span> 
     </span>
    </p>
   </div>
   <div class='ocr_carea' id='block_1_49' title="bbox 1945 1976 3514 2041">
    <p class='ocr_par' dir='ltr' id='par_1_49' title="bbox 1945 1976 3514 2041">
     <span class='ocr_line' id='line_1_50' title="bbox 1945 1976 3514 2041; baseline -0.004 -5"><span class='ocrx_word' id='word_1_364' title='bbox 1945 1981 2190 2039; x_wconf 87' lang='lat' dir='ltr'><strong>deretur.</strong></span> <span class='ocrx_word' id='word_1_365' title='bbox 2253 1981 2569 2034; x_wconf 88' lang='lat' dir='ltr'><strong>testimonia</strong></span> <span class='ocrx_word' id='word_1_366' title='bbox 2616 1980 2685 2033; x_wconf 90' lang='lat' dir='ltr'><strong>ab</strong></span> <span class='ocrx_word' id='word_1_367' title='bbox 2715 1978 2822 2032; x_wconf 90' lang='lat' dir='ltr'><strong>illis</strong></span> <span class='ocrx_word' id='word_1_368' title='bbox 2877 1985 3186 2041; x_wconf 86' lang='lat' dir='ltr'><strong>mutuatus,</strong></span> <span class='ocrx_word' id='word_1_369' title='bbox 3218 1992 3315 2030; x_wconf 91' lang='lat' dir='ltr'><strong>eos</strong></span> <span class='ocrx_word' id='word_1_370' title='bbox 3343 1976 3514 2029; x_wconf 90' lang='lat' dir='ltr'><strong>etiam</strong></span> 
     </span>
    </p>
   </div>
   <div class='ocr_carea' id='block_1_50' title="bbox 1945 2069 3517 2145">
    <p class='ocr_par' dir='ltr' id='par_1_50' title="bbox 1945 2069 3517 2145">
     <span class='ocr_line' id='line_1_51' title="bbox 1945 2069 3517 2145; baseline -0.003 -19"><span class='ocrx_word' id='word_1_371' title='bbox 1945 2077 2038 2145; x_wconf 87' lang='lat' dir='ltr'><strong>qui</strong></span> <span class='ocrx_word' id='word_1_372' title='bbox 2075 2075 2289 2128; x_wconf 80' lang='lat' dir='ltr'><strong>erudite</strong></span> <span class='ocrx_word' id='word_1_373' title='bbox 2314 2089 2438 2127; x_wconf 91' lang='lat' dir='ltr'><strong>eum</strong></span> <span class='ocrx_word' id='word_1_374' title='bbox 2487 2089 2554 2128; x_wconf 88' lang='lat' dir='ltr'><strong>eo</strong></span> <span class='ocrx_word' id='word_1_375' title='bbox 2581 2083 2828 2142; x_wconf 82' lang='lat' dir='ltr'><strong>agerent,</strong></span> <span class='ocrx_word' id='word_1_376' title='bbox 2866 2069 3080 2126; x_wconf 82' lang='lat' dir='ltr'><strong>fefellit.</strong></span> <span class='ocrx_word' id='word_1_377' title='bbox 3107 2071 3358 2139; x_wconf 84' lang='lat' dir='ltr'><strong>Cumque</strong></span> <span class='ocrx_word' id='word_1_378' title='bbox 3393 2083 3480 2124; x_wconf 87' lang='lat' dir='ltr'><strong>stu</strong></span> <span class='ocrx_word' id='word_1_379' title='bbox 3501 2099 3517 2113; x_wconf 83' lang='lat'><strong>-</strong></span> 
     </span>
    </p>
   </div>
   <div class='ocr_carea' id='block_1_51' title="bbox 1947 2165 3519 2238">
    <p class='ocr_par' dir='ltr' id='par_1_51' title="bbox 1947 2165 3519 2238">
     <span class='ocr_line' id='line_1_52' title="bbox 1947 2165 3519 2238; baseline -0.004 -14"><span class='ocrx_word' id='word_1_380' title='bbox 1947 2170 2292 2224; x_wconf 44' lang='lat' dir='ltr'><strong>diosissimus</strong></span> <span class='ocrx_word' id='word_1_381' title='bbox 2347 2178 2402 2224; x_wconf 90' lang='lat' dir='ltr'><strong>et</strong></span> <span class='ocrx_word' id='word_1_382' title='bbox 2458 2168 2708 2238; x_wconf 80' lang='lat' dir='ltr'><strong>placidus</strong></span> <span class='ocrx_word' id='word_1_383' title='bbox 2781 2168 3014 2221; x_wconf 76' lang='lat' dir='ltr'><strong>maxime</strong></span> <span class='ocrx_word' id='word_1_384' title='bbox 3087 2181 3214 2234; x_wconf 82' lang='lat' dir='ltr'><strong>erga</strong></span> <span class='ocrx_word' id='word_1_385' title='bbox 3269 2165 3519 2234; x_wconf 77' lang='lat' dir='ltr'><strong>ejusdem</strong></span> 
     </span>
    </p>
   </div>
   <div class='ocr_carea' id='block_1_52' title="bbox 1947 2261 3520 2331">
    <p class='ocr_par' dir='ltr' id='par_1_52' title="bbox 1947 2261 3520 2331">
     <span class='ocr_line' id='line_1_53' title="bbox 1947 2261 3520 2331; baseline -0.004 -11"><span class='ocrx_word' id='word_1_386' title='bbox 1947 2266 2233 2320; x_wconf 75' lang='lat' dir='ltr'><strong>sententia:</strong></span> <span class='ocrx_word' id='word_1_387' title='bbox 2257 2274 2576 2324; x_wconf 86' lang='lat' dir='ltr'><strong>sectatores,</strong></span> <span class='ocrx_word' id='word_1_388' title='bbox 2612 2275 2725 2315; x_wconf 90' lang='lat' dir='ltr'><strong>tum</strong></span> <span class='ocrx_word' id='word_1_389' title='bbox 2765 2261 2846 2316; x_wconf 79' lang='lat' dir='ltr'><strong>eis</strong></span> <span class='ocrx_word' id='word_1_390' title='bbox 2891 2263 2984 2331; x_wconf 93' lang='lat' dir='ltr'><strong>qui</strong></span> <span class='ocrx_word' id='word_1_391' title='bbox 3015 2261 3177 2315; x_wconf 89' lang='lat' dir='ltr'><strong>aliter</strong></span> <span class='ocrx_word' id='word_1_392' title='bbox 3208 2276 3369 2328; x_wconf 81' lang='lat' dir='ltr'><strong>quam</strong></span> <span class='ocrx_word' id='word_1_393' title='bbox 3405 2261 3520 2327; x_wconf 68' lang='lat' dir='ltr'><strong>ipse</strong></span> 
     </span>
    </p>
   </div>
   <div class='ocr_carea' id='block_1_53' title="bbox 1948 2351 3519 2422">
    <p class='ocr_par' dir='ltr' id='par_1_53' title="bbox 1948 2351 3519 2422">
     <span class='ocr_line' id='line_1_54' title="bbox 1948 2351 3519 2422; baseline -0.006 -9"><span class='ocrx_word' id='word_1_394' title='bbox 1948 2356 2616 2418; x_wconf 61' lang='lat' dir='ltr'><strong>sentirent,formidabilis</strong></span> <span class='ocrx_word' id='word_1_395' title='bbox 2649 2354 2942 2422; x_wconf 91' lang='lat' dir='ltr'><strong>plurimum</strong></span> <span class='ocrx_word' id='word_1_396' title='bbox 2973 2353 3092 2406; x_wconf 86' lang='lat' dir='ltr'><strong>fuit.</strong></span> <span class='ocrx_word' id='word_1_397' title='bbox 3130 2351 3220 2405; x_wconf 92' lang='lat' dir='ltr'><strong>Eis</strong></span> <span class='ocrx_word' id='word_1_398' title='bbox 3242 2351 3519 2412; x_wconf 83' lang='lat' dir='ltr'><strong>facillime.</strong></span> 
     </span>
    </p>
   </div>
   <div class='ocr_carea' id='block_1_54' title="bbox 1947 2442 3522 2510">
    <p class='ocr_par' dir='ltr' id='par_1_54' title="bbox 1947 2442 3522 2510">
     <span class='ocr_line' id='line_1_55' title="bbox 1947 2442 3522 2510; baseline -0.006 -8"><span class='ocrx_word' id='word_1_399' title='bbox 1947 2448 2300 2503; x_wconf 83' lang='lat' dir='ltr'><strong>dummmodo</strong></span> <span class='ocrx_word' id='word_1_400' title='bbox 2329 2447 2520 2509; x_wconf 80' lang='lat' dir='ltr'><strong>vellet,</strong></span> <span class='ocrx_word' id='word_1_401' title='bbox 2562 2447 2812 2499; x_wconf 88' lang='lat' dir='ltr'><strong>timorem</strong></span> <span class='ocrx_word' id='word_1_402' title='bbox 2859 2445 3104 2497; x_wconf 89' lang='lat' dir='ltr'><strong>incutere</strong></span> <span class='ocrx_word' id='word_1_403' title='bbox 3155 2442 3335 2510; x_wconf 90' lang='lat' dir='ltr'><strong>potuit</strong></span> <span class='ocrx_word' id='word_1_404' title='bbox 3386 2460 3399 2494; x_wconf 90' lang='lat'><strong>:</strong></span> <span class='ocrx_word' id='word_1_405' title='bbox 3465 2450 3522 2494; x_wconf 91' lang='lat' dir='ltr'><strong>et</strong></span> 
     </span>
    </p>
   </div>
   <div class='ocr_carea' id='block_1_55' title="bbox 1948 2534 3520 2599">
    <p class='ocr_par' dir='ltr' id='par_1_55' title="bbox 1948 2534 3520 2599">
     <span class='ocr_line' id='line_1_56' title="bbox 1948 2534 3520 2599; baseline -0.004 -6"><span class='ocrx_word' id='word_1_406' title='bbox 1948 2556 2168 2594; x_wconf 82' lang='lat' dir='ltr'><strong>rursum</strong></span> <span class='ocrx_word' id='word_1_407' title='bbox 2202 2549 2349 2592; x_wconf 92' lang='lat' dir='ltr'><strong>totus</strong></span> <span class='ocrx_word' id='word_1_408' title='bbox 2387 2548 2651 2599; x_wconf 88' lang='lat' dir='ltr'><strong>mutatus,</strong></span> <span class='ocrx_word' id='word_1_409' title='bbox 2709 2537 2775 2590; x_wconf 89' lang='lat' dir='ltr'><strong>ad</strong></span> <span class='ocrx_word' id='word_1_410' title='bbox 2827 2537 3141 2588; x_wconf 79' lang='lat' dir='ltr'><strong>comitatem</strong></span> <span class='ocrx_word' id='word_1_411' title='bbox 3198 2549 3256 2587; x_wconf 84' lang='lat' dir='ltr'><strong>se</strong></span> <span class='ocrx_word' id='word_1_412' title='bbox 3309 2534 3520 2588; x_wconf 77' lang='lat' dir='ltr'><strong>retulit.</strong></span> 
     </span>
    </p>
   </div>
   <div class='ocr_carea' id='block_1_56' title="bbox 1948 2625 3525 2692">
    <p class='ocr_par' dir='ltr' id='par_1_56' title="bbox 1948 2625 3525 2692">
     <span class='ocr_line' id='line_1_57' title="bbox 1948 2625 3525 2692; baseline -0.003 -10"><span class='ocrx_word' id='word_1_413' title='bbox 1948 2629 2094 2682; x_wconf 85' lang='lat' dir='ltr'><strong>Talis</strong></span> <span class='ocrx_word' id='word_1_414' title='bbox 2119 2629 2210 2683; x_wconf 91' lang='lat' dir='ltr'><strong>ille</strong></span> <span class='ocrx_word' id='word_1_415' title='bbox 2245 2629 2346 2681; x_wconf 85' lang='lat' dir='ltr'><strong>fuit</strong></span> <span class='ocrx_word' id='word_1_416' title='bbox 2379 2627 2576 2680; x_wconf 89' lang='lat' dir='ltr'><strong>:sicuti</strong></span> <span class='ocrx_word' id='word_1_417' title='bbox 2610 2627 2701 2692; x_wconf 91' lang='lat' dir='ltr'><strong>qui</strong></span> <span class='ocrx_word' id='word_1_418' title='bbox 2731 2642 2855 2678; x_wconf 88' lang='lat' dir='ltr'><strong>eum</strong></span> <span class='ocrx_word' id='word_1_419' title='bbox 2885 2640 3210 2692; x_wconf 78' lang='lat' dir='ltr'><strong>cognovere,</strong></span> <span class='ocrx_word' id='word_1_420' title='bbox 3247 2625 3525 2678; x_wconf 72' lang='lat' dir='ltr'><strong>memoria:</strong></span> 
     </span>
    </p>
   </div>
   <div class='ocr_carea' id='block_1_57' title="bbox 1949 2717 3527 2784">
    <p class='ocr_par' dir='ltr' id='par_1_57' title="bbox 1949 2717 3527 2784">
     <span class='ocr_line' id='line_1_58' title="bbox 1949 2717 3527 2784; baseline -0.001 -14"><span class='ocrx_word' id='word_1_421' title='bbox 1949 2718 2296 2771; x_wconf 83' lang='lat' dir='ltr'><strong>mandarunt.</strong></span> <span class='ocrx_word' id='word_1_422' title='bbox 2342 2718 2420 2770; x_wconf 84' lang='lat' dir='ltr'><strong>Eo</strong></span> <span class='ocrx_word' id='word_1_423' title='bbox 2466 2726 2646 2768; x_wconf 81' lang='lat' dir='ltr'><strong>autem</strong></span> <span class='ocrx_word' id='word_1_424' title='bbox 2693 2717 2987 2770; x_wconf 83' lang='lat' dir='ltr'><strong>Ecclesiam</strong></span> <span class='ocrx_word' id='word_1_425' title='bbox 3043 2719 3404 2784; x_wconf 78' lang='lat' dir='ltr'><strong>gubernante,</strong></span> <span class='ocrx_word' id='word_1_426' title='bbox 3442 2717 3527 2769; x_wconf 89' lang='lat' dir='ltr'><strong>in-</strong></span> 
     </span>
    </p>
   </div>
   <div class='ocr_carea' id='block_1_58' title="bbox 1947 2808 3522 2878">
    <p class='ocr_par' dir='ltr' id='par_1_58' title="bbox 1947 2808 3522 2878">
     <span class='ocr_line' id='line_1_59' title="bbox 1947 2808 3522 2878; baseline 0.001 -17"><span class='ocrx_word' id='word_1_427' title='bbox 1947 2819 2163 2877; x_wconf 70' lang='lat' dir='ltr'><strong>gentem</strong></span> <span class='ocrx_word' id='word_1_428' title='bbox 2221 2808 2447 2862; x_wconf 88' lang='lat' dir='ltr'><strong>Joannis</strong></span> <span class='ocrx_word' id='word_1_429' title='bbox 2533 2808 2764 2861; x_wconf 73' lang='lat' dir='ltr'><strong>studiosi</strong></span> <span class='ocrx_word' id='word_1_430' title='bbox 2821 2809 2998 2862; x_wconf 86' lang='lat' dir='ltr'><strong>tulere</strong></span> <span class='ocrx_word' id='word_1_431' title='bbox 3056 2811 3522 2878; x_wconf 84' lang='lat' dir='ltr'><strong>persecutionem,</strong></span> 
     </span>
    </p>
   </div>
   <div class='ocr_carea' id='block_1_59' title="bbox 1949 2899 3522 2970">
    <p class='ocr_par' dir='ltr' id='par_1_59' title="bbox 1949 2899 3522 2970">
     <span class='ocr_line' id='line_1_60' title="bbox 1949 2899 3522 2970; baseline 0.001 -17"><span class='ocrx_word' id='word_1_432' title='bbox 1949 2918 2070 2954; x_wconf 70' lang='lat' dir='ltr'><strong>cum</strong></span> <span class='ocrx_word' id='word_1_433' title='bbox 2100 2901 2320 2970; x_wconf 84' lang='lat' dir='ltr'><strong>quidem</strong></span> <span class='ocrx_word' id='word_1_434' title='bbox 2355 2901 2585 2953; x_wconf 83' lang='lat' dir='ltr'><strong>maxima</strong></span> <span class='ocrx_word' id='word_1_435' title='bbox 2617 2911 2672 2954; x_wconf 85' lang='lat' dir='ltr'><strong>et</strong></span> <span class='ocrx_word' id='word_1_436' title='bbox 2705 2899 2948 2954; x_wconf 89' lang='lat' dir='ltr'><strong>Orientis</strong></span> <span class='ocrx_word' id='word_1_437' title='bbox 2975 2909 3031 2954; x_wconf 88' lang='lat' dir='ltr'><strong>et</strong></span> <span class='ocrx_word' id='word_1_438' title='bbox 3062 2899 3376 2954; x_wconf 85' lang='lat' dir='ltr'><strong>Occidentis</strong></span> <span class='ocrx_word' id='word_1_439' title='bbox 3397 2917 3522 2968; x_wconf 89' lang='lat' dir='ltr'><strong>pars</strong></span> 
     </span>
    </p>
   </div>
   <div class='ocr_carea' id='block_1_60' title="bbox 1950 2994 3527 3062">
    <p class='ocr_par' dir='ltr' id='par_1_60' title="bbox 1950 2994 3527 3062">
     <span class='ocr_line' id='line_1_61' title="bbox 1950 2994 3527 3062; baseline 0.001 -16"><span class='ocrx_word' id='word_1_440' title='bbox 1950 2994 2206 3047; x_wconf 67' lang='lat' dir='ltr'><strong>Ecclesiae</strong></span> <span class='ocrx_word' id='word_1_441' title='bbox 2275 2994 2393 3062; x_wconf 84' lang='lat' dir='ltr'><strong>ejus</strong></span> <span class='ocrx_word' id='word_1_442' title='bbox 2453 3008 2894 3046; x_wconf 81' lang='lat' dir='ltr'><strong>communionem</strong></span> <span class='ocrx_word' id='word_1_443' title='bbox 2977 3003 3344 3048; x_wconf 82' lang='lat' dir='ltr'><strong>aversaretur.</strong></span> <span class='ocrx_word' id='word_1_444' title='bbox 3406 2994 3527 3059; x_wconf 85' lang='lat' dir='ltr'><strong>Quo</strong></span> 
     </span>
    </p>
   </div>
   <div class='ocr_carea' id='block_1_61' title="bbox 1949 3084 3525 3154">
    <p class='ocr_par' dir='ltr' id='par_1_61' title="bbox 1949 3084 3525 3154">
     <span class='ocr_line' id='line_1_62' title="bbox 1949 3084 3525 3154; baseline 0.003 -18"><span class='ocrx_word' id='word_1_445' title='bbox 1949 3093 2194 3152; x_wconf 87' lang='lat' dir='ltr'><strong>tempore</strong></span> <span class='ocrx_word' id='word_1_446' title='bbox 2221 3084 2439 3150; x_wconf 67' lang='lat' dir='ltr'><strong>Ephesii</strong></span> <span class='ocrx_word' id='word_1_447' title='bbox 2477 3085 2804 3153; x_wconf 86' lang='lat' dir='ltr'><strong>impunitate</strong></span> <span class='ocrx_word' id='word_1_448' title='bbox 2843 3097 3086 3152; x_wconf 84' lang='lat' dir='ltr'><strong>arrepta,</strong></span> <span class='ocrx_word' id='word_1_449' title='bbox 3121 3102 3244 3154; x_wconf 66' lang='lat' dir='ltr'><strong>qua:</strong></span> <span class='ocrx_word' id='word_1_450' title='bbox 3298 3088 3378 3140; x_wconf 84' lang='lat' dir='ltr'><strong>eis</strong></span> <span class='ocrx_word' id='word_1_451' title='bbox 3411 3087 3525 3143; x_wconf 78' lang='lat' dir='ltr'><strong>\‘iSa</strong></span> 
     </span>
    </p>
   </div>
   <div class='ocr_carea' id='block_1_62' title="bbox 262 3177 1939 3250">
    <p class='ocr_par' dir='ltr' id='par_1_62' title="bbox 262 3177 1924 3248">
     <span class='ocr_line' id='line_1_63' title="bbox 262 3177 1924 3248; baseline -0.004 -14"><span class='ocrx_word' id='word_1_452' title='bbox 262 3181 430 3234; x_wconf 66' lang='grc' dir='ltr'>αὐτὸν</span> <span class='ocrx_word' id='word_1_453' title='bbox 469 3181 822 3248; x_wconf 78' lang='grc' dir='ltr'>Ἐκκλησὶας.</span> <span class='ocrx_word' id='word_1_454' title='bbox 851 3180 987 3232; x_wconf 77' lang='grc' dir='ltr'>Καθ’</span> <span class='ocrx_word' id='word_1_455' title='bbox 1019 3179 1076 3232; x_wconf 83' lang='grc' dir='ltr'><strong>δν</strong></span> <span class='ocrx_word' id='word_1_456' title='bbox 1134 3181 1197 3247; x_wconf 83' lang='grc' dir='ltr'>δὴ</span> <span class='ocrx_word' id='word_1_457' title='bbox 1235 3178 1426 3247; x_wconf 76' lang='grc' dir='ltr'>χρόνον</span> <span class='ocrx_word' id='word_1_458' title='bbox 1460 3179 1507 3229; x_wconf 83' lang='grc' dir='ltr'>οξ</span> <span class='ocrx_word' id='word_1_459' title='bbox 1542 3179 1599 3228; x_wconf 85' lang='grc' dir='ltr'><strong>ἐν</strong></span> <span class='ocrx_word' id='word_1_460' title='bbox 1645 3177 1854 3246; x_wconf 79' lang='grc' dir='ltr'>Ἐφέσῳ</span> <span class='ocrx_word' id='word_1_461' title='bbox 1883 3182 1924 3237; x_wconf 85' lang='lat' dir='ltr'><strong>C</strong></span> 
     </span>
    </p>
   </div>
   <div class='ocr_carea' id='block_1_63' title="bbox 1848 3177 3525 3250">
    <p class='ocr_par' dir='ltr' id='par_1_63' title="bbox 1848 3177 3525 3250">
     <span class='ocr_line' id='line_1_64' title="bbox 1848 3177 3525 3250; baseline 0.005 -25"><span class='ocrx_word' id='word_1_462' title='bbox 1848 3182 1924 3237; x_wconf 79' lang='lat' dir='ltr'><strong>lC</strong></span> <span class='ocrx_word' id='word_1_463' title='bbox 1959 3190 2106 3238; x_wconf 85' lang='lat' dir='ltr'><strong>sunt,</strong></span> <span class='ocrx_word' id='word_1_464' title='bbox 2147 3177 2330 3230; x_wconf 86' lang='lat' dir='ltr'><strong>omnia</strong></span> <span class='ocrx_word' id='word_1_465' title='bbox 2366 3193 2584 3230; x_wconf 71' lang='lat' dir='ltr'><strong>movere</strong></span> <span class='ocrx_word' id='word_1_466' title='bbox 2627 3187 2680 3231; x_wconf 86' lang='lat' dir='ltr'><strong>et</strong></span> <span class='ocrx_word' id='word_1_467' title='bbox 2733 3187 2944 3232; x_wconf 74' lang='lat' dir='ltr'><strong>mutare</strong></span> <span class='ocrx_word' id='word_1_468' title='bbox 2983 3181 3297 3234; x_wconf 78' lang='lat' dir='ltr'><strong>voluerunt.</strong></span> <span class='ocrx_word' id='word_1_469' title='bbox 3339 3181 3525 3250; x_wconf 86' lang='lat' dir='ltr'><strong>Itaque</strong></span> 
     </span>
    </p>
   </div>
   <div class='ocr_carea' id='block_1_64' title="bbox 262 3265 1850 3344">
    <p class='ocr_par' dir='ltr' id='par_1_64' title="bbox 262 3265 1850 3344">
     <span class='ocr_line' id='line_1_65' title="bbox 262 3265 1850 3344; baseline -0.002 -19"><span class='ocrx_word' id='word_1_470' title='bbox 262 3274 450 3335; x_wconf 80' lang='grc' dir='ltr'>ἁδείας</span> <span class='ocrx_word' id='word_1_471' title='bbox 476 3273 836 3340; x_wconf 70' lang='grc' dir='ltr'>δραξάμενοι,</span> <span class='ocrx_word' id='word_1_472' title='bbox 944 3272 1128 3339; x_wconf 86' lang='grc' dir='ltr'>σφίσιν</span> <span class='ocrx_word' id='word_1_473' title='bbox 1174 3272 1388 3333; x_wconf 85' lang='grc' dir='ltr'>ἐδόκει,</span> <span class='ocrx_word' id='word_1_474' title='bbox 1426 3271 1589 3323; x_wconf 80' lang='grc' dir='ltr'>πάντ’</span> <span class='ocrx_word' id='word_1_475' title='bbox 1639 3271 1850 3322; x_wconf 83' lang='grc' dir='ltr'>ἐκίνουν</span> 
     </span>
    </p>
   </div>
   <div class='ocr_carea' id='block_1_65' title="bbox 265 3361 1848 3432">
    <p class='ocr_par' dir='ltr' id='par_1_65' title="bbox 265 3361 1848 3432">
     <span class='ocr_line' id='line_1_66' title="bbox 265 3361 1848 3432; baseline -0.001 -17"><span class='ocrx_word' id='word_1_476' title='bbox 265 3368 364 3415; x_wconf 64' lang='grc' dir='ltr'><strong>καὶ</strong></span> <span class='ocrx_word' id='word_1_477' title='bbox 399 3364 808 3432; x_wconf 74' lang='grc' dir='ltr'>μεταστρέφειν</span> <span class='ocrx_word' id='word_1_478' title='bbox 840 3362 1146 3415; x_wconf 76' lang='grc' dir='ltr'>ἐϐούλοντο.</span> <span class='ocrx_word' id='word_1_479' title='bbox 1183 3364 1294 3416; x_wconf 75' lang='grc' dir='ltr'><strong>Καὶ</strong></span> <span class='ocrx_word' id='word_1_480' title='bbox 1325 3364 1452 3424; x_wconf 69' lang='grc' dir='ltr'>τοὺς</span> <span class='ocrx_word' id='word_1_481' title='bbox 1494 3362 1592 3430; x_wconf 82' lang='grc' dir='ltr'>μὲν</span> <span class='ocrx_word' id='word_1_482' title='bbox 1621 3363 1723 3414; x_wconf 70' lang='grc' dir='ltr'>ὑπὸ</span> <span class='ocrx_word' id='word_1_483' title='bbox 1756 3361 1848 3414; x_wconf 65' lang='grc' dir='ltr'><strong>τ’ίῦ</strong></span> 
     </span>
    </p>
   </div>
   <div class='ocr_carea' id='block_1_66' title="bbox 265 3454 1848 3524">
    <p class='ocr_par' dir='ltr' id='par_1_66' title="bbox 265 3454 1848 3524">
     <span class='ocr_line' id='line_1_67' title="bbox 265 3454 1848 3524; baseline -0.002 -15"><span class='ocrx_word' id='word_1_484' title='bbox 265 3454 439 3509; x_wconf 81' lang='grc' dir='ltr'>καλοῦ</span> <span class='ocrx_word' id='word_1_485' title='bbox 469 3456 734 3522; x_wconf 76' lang='grc' dir='ltr'>ποιμένος</span> <span class='ocrx_word' id='word_1_486' title='bbox 780 3457 876 3507; x_wconf 81' lang='grc' dir='ltr'>καὶ</span> <span class='ocrx_word' id='word_1_487' title='bbox 910 3455 985 3515; x_wconf 85' lang='grc' dir='ltr'><strong>ὡς</strong></span> <span class='ocrx_word' id='word_1_488' title='bbox 1009 3454 1130 3524; x_wconf 88' lang='grc' dir='ltr'><strong>Θεῷ</strong></span> <span class='ocrx_word' id='word_1_489' title='bbox 1161 3455 1316 3523; x_wconf 77' lang='grc' dir='ltr'>φίλον</span> <span class='ocrx_word' id='word_1_490' title='bbox 1355 3458 1464 3516; x_wconf 82' lang='grc' dir='ltr'>τοῖς</span> <span class='ocrx_word' id='word_1_491' title='bbox 1501 3455 1714 3523; x_wconf 86' lang='grc' dir='ltr'>θρόνοις</span> <span class='ocrx_word' id='word_1_492' title='bbox 1745 3457 1848 3506; x_wconf 79' lang='grc' dir='ltr'>ἐνι-</span> 
     </span>
    </p>
   </div>
   <div class='ocr_carea' id='block_1_67' title="bbox 263 3547 1852 3625">
    <p class='ocr_par' dir='ltr' id='par_1_67' title="bbox 263 3547 1852 3625">
     <span class='ocr_line' id='line_1_68' title="bbox 263 3547 1852 3625; baseline -0.002 -24"><span class='ocrx_word' id='word_1_493' title='bbox 263 3547 574 3618; x_wconf 84' lang='grc' dir='ltr'>δρυμένους</span> <span class='ocrx_word' id='word_1_494' title='bbox 611 3547 937 3617; x_wconf 78' lang='grc' dir='ltr'>ἐξήλαυνονο</span> <span class='ocrx_word' id='word_1_495' title='bbox 979 3547 1242 3625; x_wconf 73' lang='grc' dir='ltr'>βεδῄλους</span> <span class='ocrx_word' id='word_1_496' title='bbox 1273 3550 1326 3600; x_wconf 83' lang='grc' dir='ltr'><strong>δέ</strong></span> <span class='ocrx_word' id='word_1_497' title='bbox 1377 3567 1527 3611; x_wconf 85' lang='grc' dir='ltr'>τινας</span> <span class='ocrx_word' id='word_1_498' title='bbox 1576 3549 1670 3602; x_wconf 68' lang='grc' dir='ltr'>καὶ</span> <span class='ocrx_word' id='word_1_499' title='bbox 1705 3565 1852 3615; x_wconf 79' lang='grc' dir='ltr'>παμ-</span> 
     </span>
    </p>
   </div>
   <div class='ocr_carea' id='block_1_68' title="bbox 270 3640 1848 3710">
    <p class='ocr_par' dir='ltr' id='par_1_68' title="bbox 270 3640 1848 3710">
     <span class='ocr_line' id='line_1_69' title="bbox 270 3640 1848 3710; baseline 0 -18"><span class='ocrx_word' id='word_1_500' title='bbox 270 3641 508 3710; x_wconf 82' lang='grc' dir='ltr'>μιάρους</span> <span class='ocrx_word' id='word_1_501' title='bbox 537 3640 936 3692; x_wconf 81' lang='grc' dir='ltr'>άντικαθίστων</span> <span class='ocrx_word' id='word_1_502' title='bbox 961 3643 1073 3701; x_wconf 84' lang='grc' dir='ltr'>τοῖς</span> <span class='ocrx_word' id='word_1_503' title='bbox 1101 3640 1319 3706; x_wconf 85' lang='grc' dir='ltr'>θώκοις,</span> <span class='ocrx_word' id='word_1_504' title='bbox 1351 3642 1422 3709; x_wconf 86' lang='grc' dir='ltr'>μή</span> <span class='ocrx_word' id='word_1_505' title='bbox 1446 3658 1587 3704; x_wconf 87' lang='grc' dir='ltr'>τινος</span> <span class='ocrx_word' id='word_1_506' title='bbox 1614 3641 1848 3709; x_wconf 83' lang='grc' dir='ltr'>βασάνου</span> 
     </span>
    </p>
   </div>
   <div class='ocr_carea' id='block_1_69' title="bbox 265 3731 1851 3801">
    <p class='ocr_par' dir='ltr' id='par_1_69' title="bbox 265 3731 1851 3801">
     <span class='ocr_line' id='line_1_70' title="bbox 265 3731 1851 3801; baseline -0.009 -7"><span class='ocrx_word' id='word_1_507' title='bbox 265 3731 370 3800; x_wconf 78' lang='grc' dir='ltr'>τῆς</span> <span class='ocrx_word' id='word_1_508' title='bbox 409 3732 749 3801; x_wconf 72' lang='grc' dir='ltr'>χειροτονίας</span> <span class='ocrx_word' id='word_1_509' title='bbox 782 3733 1208 3800; x_wconf 78' lang='grc' dir='ltr'>προηγουμένης</span> <span class='ocrx_word' id='word_1_510' title='bbox 1233 3747 1246 3762; x_wconf 92' lang='grc'><strong>·</strong></span> <span class='ocrx_word' id='word_1_511' title='bbox 1279 3731 1393 3783; x_wconf 84' lang='grc' dir='ltr'>ἀλλ’</span> <span class='ocrx_word' id='word_1_512' title='bbox 1437 3731 1610 3795; x_wconf 77' lang='grc' dir='ltr'>οὕτως</span> <span class='ocrx_word' id='word_1_513' title='bbox 1645 3733 1851 3782; x_wconf 81' lang='grc' dir='ltr'>εἰκαῖον</span> 
     </span>
    </p>
   </div>
   <div class='ocr_carea' id='block_1_70' title="bbox 268 3823 1850 3893">
    <p class='ocr_par' dir='ltr' id='par_1_70' title="bbox 268 3823 1850 3893">
     <span class='ocr_line' id='line_1_71' title="bbox 268 3823 1850 3893; baseline 0 -19"><span class='ocrx_word' id='word_1_514' title='bbox 268 3824 446 3876; x_wconf 79' lang='grc' dir='ltr'>ἐδόκει</span> <span class='ocrx_word' id='word_1_515' title='bbox 500 3824 562 3874; x_wconf 74' lang='grc' dir='ltr'>τὸ</span> <span class='ocrx_word' id='word_1_516' title='bbox 611 3826 849 3892; x_wconf 81' lang='grc' dir='ltr'>πρᾶγμα</span> <span class='ocrx_word' id='word_1_517' title='bbox 881 3826 976 3875; x_wconf 76' lang='grc' dir='ltr'>καὶ</span> <span class='ocrx_word' id='word_1_518' title='bbox 1013 3825 1306 3893; x_wconf 85' lang='grc' dir='ltr'>πρόχειρον</span> <span class='ocrx_word' id='word_1_519' title='bbox 1352 3825 1424 3887; x_wconf 86' lang='grc' dir='ltr'>ὡς</span> <span class='ocrx_word' id='word_1_520' title='bbox 1460 3824 1623 3892; x_wconf 90' lang='grc' dir='ltr'>μόνον</span> <span class='ocrx_word' id='word_1_521' title='bbox 1665 3823 1850 3891; x_wconf 84' lang='grc' dir='ltr'>βούλε-</span> 
     </span>
    </p>
   </div>
   <div class='ocr_carea' id='block_1_71' title="bbox 269 3912 1852 3984">
    <p class='ocr_par' dir='ltr' id='par_1_71' title="bbox 269 3912 1852 3984">
     <span class='ocr_line' id='line_1_72' title="bbox 269 3912 1852 3984; baseline 0.001 -20"><span class='ocrx_word' id='word_1_522' title='bbox 269 3913 420 3976; x_wconf 85' lang='grc' dir='ltr'>σθαι,</span> <span class='ocrx_word' id='word_1_523' title='bbox 459 3913 490 3981; x_wconf 75' lang='grc' dir='ltr'>ἦ</span> <span class='ocrx_word' id='word_1_524' title='bbox 525 3930 577 3964; x_wconf 90' lang='grc' dir='ltr'><strong>τι</strong></span> <span class='ocrx_word' id='word_1_525' title='bbox 619 3912 846 3976; x_wconf 84' lang='grc' dir='ltr'>διδόναι,</span> <span class='ocrx_word' id='word_1_526' title='bbox 884 3913 978 3964; x_wconf 76' lang='grc' dir='ltr'><strong>καὶ</strong></span> <span class='ocrx_word' id='word_1_527' title='bbox 1022 3915 1396 3984; x_wconf 79' lang='grc' dir='ltr'>εὐχερέστατα</span> <span class='ocrx_word' id='word_1_528' title='bbox 1432 3916 1532 3981; x_wconf 77' lang='grc' dir='ltr'><strong>τὴν</strong></span> <span class='ocrx_word' id='word_1_529' title='bbox 1566 3915 1852 3983; x_wconf 81' lang='grc' dir='ltr'>ίεραρχίαν</span> 
     </span>
    </p>
   </div>
   <div class='ocr_carea' id='block_1_72' title="bbox 267 4003 1855 4073">
    <p class='ocr_par' dir='ltr' id='par_1_72' title="bbox 267 4003 1855 4073">
     <span class='ocr_line' id='line_1_73' title="bbox 267 4003 1855 4073; baseline 0 -17"><span class='ocrx_word' id='word_1_530' title='bbox 267 4005 602 4072; x_wconf 71' lang='grc' dir='ltr'>λαμὸανειν.</span> <span class='ocrx_word' id='word_1_531' title='bbox 642 4004 750 4057; x_wconf 71' lang='grc' dir='ltr'>Καὶ</span> <span class='ocrx_word' id='word_1_532' title='bbox 777 4004 898 4072; x_wconf 76' lang='grc' dir='ltr'>δῆθ’</span> <span class='ocrx_word' id='word_1_533' title='bbox 930 4007 976 4055; x_wconf 80' lang='grc' dir='ltr'>οἱ</span> <span class='ocrx_word' id='word_1_534' title='bbox 1025 4005 1404 4069; x_wconf 78' lang='grc' dir='ltr'>ἐκϐληθέντες,</span> <span class='ocrx_word' id='word_1_535' title='bbox 1440 4003 1626 4068; x_wconf 82' lang='grc' dir='ltr'>δεξιῶς</span> <span class='ocrx_word' id='word_1_536' title='bbox 1666 4005 1855 4073; x_wconf 87' lang='grc' dir='ltr'>μετελ-</span> 
     </span>
    </p>
   </div>
   <div class='ocr_carea' id='block_1_73' title="bbox 271 4093 1852 4162">
    <p class='ocr_par' dir='ltr' id='par_1_73' title="bbox 271 4093 1852 4162">
     <span class='ocr_line' id='line_1_74' title="bbox 271 4093 1852 4162; baseline 0.001 -17"><span class='ocrx_word' id='word_1_537' title='bbox 271 4093 460 4153; x_wconf 85' lang='grc' dir='ltr'>θόντες</span> <span class='ocrx_word' id='word_1_538' title='bbox 496 4095 624 4154; x_wconf 67' lang='grc' dir='ltr'>τοὺς</span> <span class='ocrx_word' id='word_1_539' title='bbox 656 4093 767 4144; x_wconf 83' lang='grc' dir='ltr'>τῶν</span> <span class='ocrx_word' id='word_1_540' title='bbox 811 4093 1072 4145; x_wconf 88' lang='grc' dir='ltr'>τοιούτων</span> <span class='ocrx_word' id='word_1_541' title='bbox 1120 4097 1561 4162; x_wconf 76' lang='grc' dir='ltr'>καταφρονητάς,</span> <span class='ocrx_word' id='word_1_542' title='bbox 1617 4097 1852 4160; x_wconf 67' lang='grc' dir='ltr'>εἰοα-,ω-</span> 
     </span>
    </p>
   </div>
   <div class='ocr_carea' id='block_1_74' title="bbox 269 4182 1853 4254">
    <p class='ocr_par' dir='ltr' id='par_1_74' title="bbox 269 4182 1853 4254">
     <span class='ocr_line' id='line_1_75' title="bbox 269 4182 1853 4254; baseline -0.006 -8"><span class='ocrx_word' id='word_1_543' title='bbox 269 4183 374 4251; x_wconf 78' lang='grc' dir='ltr'><strong>γῆς</strong></span> <span class='ocrx_word' id='word_1_544' title='bbox 436 4182 778 4250; x_wconf 68' lang='grc' dir='ltr'>ἐτύγχανον,</span> <span class='ocrx_word' id='word_1_545' title='bbox 835 4184 1162 4253; x_wconf 85' lang='grc' dir='ltr'>χρημάτων,</span> <span class='ocrx_word' id='word_1_546' title='bbox 1219 4185 1356 4251; x_wconf 76' lang='grc' dir='ltr'><strong>φεῦί</strong></span> <span class='ocrx_word' id='word_1_547' title='bbox 1400 4186 1496 4254; x_wconf 77' lang='grc' dir='ltr'><strong>τὴν</strong></span> <span class='ocrx_word' id='word_1_548' title='bbox 1557 4185 1853 4254; x_wconf 77' lang='grc' dir='ltr'>ἱερωσύνην</span> 
     </span>
    </p>
   </div>
   <div class='ocr_carea' id='block_1_75' title="bbox 270 4273 1853 4345">
    <p class='ocr_par' dir='ltr' id='par_1_75' title="bbox 270 4273 1853 4345">
     <span class='ocr_line' id='line_1_76' title="bbox 270 4273 1853 4345; baseline 0.001 -19"><span class='ocrx_word' id='word_1_549' title='bbox 270 4273 594 4342; x_wconf 81' lang='grc' dir='ltr'>ὠνούμενοι.</span> <span class='ocrx_word' id='word_1_550' title='bbox 634 4274 698 4326; x_wconf 78' lang='grc' dir='ltr'><strong>Οἳ</strong></span> <span class='ocrx_word' id='word_1_551' title='bbox 732 4274 795 4345; x_wconf 80' lang='grc' dir='ltr'><strong>δὴ</strong></span> <span class='ocrx_word' id='word_1_552' title='bbox 847 4277 942 4326; x_wconf 71' lang='grc' dir='ltr'><strong>καὶ</strong></span> <span class='ocrx_word' id='word_1_553' title='bbox 1000 4273 1371 4344; x_wconf 81' lang='grc' dir='ltr'>Ἡρακλείδην</span> <span class='ocrx_word' id='word_1_554' title='bbox 1420 4279 1648 4342; x_wconf 87' lang='grc' dir='ltr'>ἐκεῖνον,</span> <span class='ocrx_word' id='word_1_555' title='bbox 1710 4275 1770 4328; x_wconf 85' lang='grc' dir='ltr'>ὃν</span> <span class='ocrx_word' id='word_1_556' title='bbox 1825 4277 1853 4328; x_wconf 85' lang='grc' dir='ltr'>ὀ</span> 
     </span>
    </p>
   </div>
   <div class='ocr_carea' id='block_1_76' title="bbox 273 4367 1854 4438">
    <p class='ocr_par' dir='ltr' id='par_1_76' title="bbox 273 4367 1854 4438">
     <span class='ocr_line' id='line_1_77' title="bbox 273 4367 1854 4438; baseline 0.012 -35"><span class='ocrx_word' id='word_1_557' title='bbox 273 4371 454 4434; x_wconf 74' lang='grc' dir='ltr'><strong>μέγας</strong></span> <span class='ocrx_word' id='word_1_558' title='bbox 499 4367 728 4434; x_wconf 77' lang='grc' dir='ltr'>Ἐφέσου</span> <span class='ocrx_word' id='word_1_559' title='bbox 764 4367 1024 4436; x_wconf 79' lang='grc' dir='ltr'>πρόεδρος</span> <span class='ocrx_word' id='word_1_560' title='bbox 1061 4369 1450 4437; x_wconf 67' lang='grc' dir='ltr'>καταστήσειε,</span> <span class='ocrx_word' id='word_1_561' title='bbox 1491 4371 1854 4438; x_wconf 75' lang='grc' dir='ltr'>συνεπιψηφι-</span> 
     </span>
    </p>
   </div>
   <div class='ocr_carea' id='block_1_77' title="bbox 269 4458 1850 4531">
    <p class='ocr_par' dir='ltr' id='par_1_77' title="bbox 269 4458 1850 4531">
     <span class='ocr_line' id='line_1_78' title="bbox 269 4458 1850 4531; baseline 0.003 -22"><span class='ocrx_word' id='word_1_562' title='bbox 269 4459 519 4522; x_wconf 73' lang='grc' dir='ltr'>ζομὲνων</span> <span class='ocrx_word' id='word_1_563' title='bbox 549 4461 614 4527; x_wconf 85' lang='grc' dir='ltr'>τῇ</span> <span class='ocrx_word' id='word_1_564' title='bbox 656 4458 851 4526; x_wconf 78' lang='grc' dir='ltr'>πράξει</span> <span class='ocrx_word' id='word_1_565' title='bbox 915 4461 1009 4511; x_wconf 61' lang='grc' dir='ltr'><strong>καὶ⁵</strong></span> <span class='ocrx_word' id='word_1_566' title='bbox 1062 4460 1242 4512; x_wconf 83' lang='grc' dir='ltr'>ἄλλων</span> <span class='ocrx_word' id='word_1_567' title='bbox 1299 4460 1680 4531; x_wconf 75' lang='grc' dir='ltr'>ἑϐδομήκοντα</span> <span class='ocrx_word' id='word_1_568' title='bbox 1727 4465 1850 4514; x_wconf 80' lang='grc' dir='ltr'>ἐπιο</span> 
     </span>
    </p>
   </div>
   <div class='ocr_carea' id='block_1_78' title="bbox 1955 3269 3526 3342">
    <p class='ocr_par' dir='ltr' id='par_1_78' title="bbox 1955 3269 3526 3342">
     <span class='ocr_line' id='line_1_79' title="bbox 1955 3269 3526 3342; baseline 0.003 -23"><span class='ocrx_word' id='word_1_569' title='bbox 1955 3269 2102 3321; x_wconf 72' lang='lat' dir='ltr'><strong>viros</strong></span> <span class='ocrx_word' id='word_1_570' title='bbox 2149 3283 2176 3319; x_wconf 89' lang='lat' dir='ltr'><strong>a</strong></span> <span class='ocrx_word' id='word_1_571' title='bbox 2229 3269 2373 3319; x_wconf 90' lang='lat' dir='ltr'><strong>bono</strong></span> <span class='ocrx_word' id='word_1_572' title='bbox 2439 3279 2656 3335; x_wconf 79' lang='lat' dir='ltr'><strong>pastore</strong></span> <span class='ocrx_word' id='word_1_573' title='bbox 2689 3269 2809 3332; x_wconf 83' lang='lat' dir='ltr'><strong>rite,</strong></span> <span class='ocrx_word' id='word_1_574' title='bbox 2847 3280 2902 3324; x_wconf 85' lang='lat' dir='ltr'><strong>et</strong></span> <span class='ocrx_word' id='word_1_575' title='bbox 2952 3272 3114 3325; x_wconf 82' lang='lat' dir='ltr'><strong>sicuti</strong></span> <span class='ocrx_word' id='word_1_576' title='bbox 3165 3272 3277 3325; x_wconf 87' lang='lat' dir='ltr'><strong>Deo</strong></span> <span class='ocrx_word' id='word_1_577' title='bbox 3307 3284 3526 3342; x_wconf 78' lang='lat' dir='ltr'><strong>gratum</strong></span> 
     </span>
    </p>
   </div>
   <div class='ocr_carea' id='block_1_79' title="bbox 1953 3361 3527 3435">
    <p class='ocr_par' dir='ltr' id='par_1_79' title="bbox 1953 3361 3527 3435">
     <span class='ocr_line' id='line_1_80' title="bbox 1953 3361 3527 3435; baseline 0.004 -21"><span class='ocrx_word' id='word_1_578' title='bbox 1953 3373 2054 3423; x_wconf 87' lang='lat' dir='ltr'><strong>est,</strong></span> <span class='ocrx_word' id='word_1_579' title='bbox 2092 3361 2143 3413; x_wconf 89' lang='lat' dir='ltr'><strong>iu</strong></span> <span class='ocrx_word' id='word_1_580' title='bbox 2177 3362 2389 3415; x_wconf 82' lang='lat' dir='ltr'><strong>tlirouis</strong></span> <span class='ocrx_word' id='word_1_581' title='bbox 2413 3362 2641 3415; x_wconf 84' lang='lat' dir='ltr'><strong>collatos</strong></span> <span class='ocrx_word' id='word_1_582' title='bbox 2667 3364 2950 3431; x_wconf 74' lang='lat' dir='ltr'><strong>ejet-ernnt</strong></span> <span class='ocrx_word' id='word_1_583' title='bbox 2975 3404 2990 3428; x_wconf 91' lang='lat'><strong>,</strong></span> <span class='ocrx_word' id='word_1_584' title='bbox 3020 3365 3210 3433; x_wconf 89' lang='lat' dir='ltr'><strong>eisque</strong></span> <span class='ocrx_word' id='word_1_585' title='bbox 3264 3365 3527 3435; x_wconf 83' lang='lat' dir='ltr'><strong>profanos</strong></span> 
     </span>
    </p>
   </div>
   <div class='ocr_carea' id='block_1_80' title="bbox 1950 3456 3526 3522">
    <p class='ocr_par' dir='ltr' id='par_1_80' title="bbox 1950 3456 3526 3522">
     <span class='ocr_line' id='line_1_81' title="bbox 1950 3456 3526 3522; baseline 0.003 -16"><span class='ocrx_word' id='word_1_586' title='bbox 1950 3457 2284 3522; x_wconf 87' lang='lat' dir='ltr'><strong>quosdamet</strong></span> <span class='ocrx_word' id='word_1_587' title='bbox 2313 3456 2554 3522; x_wconf 87' lang='lat' dir='ltr'><strong>impuros</strong></span> <span class='ocrx_word' id='word_1_588' title='bbox 2577 3472 2801 3522; x_wconf 85' lang='lat' dir='ltr'><strong>prorsus</strong></span> <span class='ocrx_word' id='word_1_589' title='bbox 2820 3458 3072 3510; x_wconf 87' lang='lat' dir='ltr'><strong>homines</strong></span> <span class='ocrx_word' id='word_1_590' title='bbox 3092 3457 3526 3522; x_wconf 83' lang='lat' dir='ltr'><strong>substituerunt,</strong></span> 
     </span>
    </p>
   </div>
   <div class='ocr_carea' id='block_1_81' title="bbox 1953 3548 3522 3618">
    <p class='ocr_par' dir='ltr' id='par_1_81' title="bbox 1953 3548 3522 3618">
     <span class='ocr_line' id='line_1_82' title="bbox 1953 3548 3522 3618; baseline 0.001 -17"><span class='ocrx_word' id='word_1_591' title='bbox 1953 3551 2494 3618; x_wconf 76' lang='lat' dir='ltr'><strong>uullaexploratimie</strong></span> <span class='ocrx_word' id='word_1_592' title='bbox 2521 3564 2782 3600; x_wconf 89' lang='lat' dir='ltr'><strong>manuum</strong></span> <span class='ocrx_word' id='word_1_593' title='bbox 2820 3548 3158 3615; x_wconf 89' lang='lat' dir='ltr'><strong>impositioni</strong></span> <span class='ocrx_word' id='word_1_594' title='bbox 3187 3559 3467 3618; x_wconf 67' lang='lat' dir='ltr'><strong>praeeunte</strong></span> <span class='ocrx_word' id='word_1_595' title='bbox 3509 3569 3522 3603; x_wconf 92' lang='lat'>:</span> 
     </span>
    </p>
   </div>
   <div class='ocr_carea' id='block_1_82' title="bbox 1955 3641 3523 3711">
    <p class='ocr_par' dir='ltr' id='par_1_82' title="bbox 1955 3641 3523 3711">
     <span class='ocr_line' id='line_1_83' title="bbox 1955 3641 3523 3711; baseline -0.001 -17"><span class='ocrx_word' id='word_1_596' title='bbox 1955 3643 2160 3711; x_wconf 76' lang='lat' dir='ltr'><strong>Q&#39;lippe</strong></span> <span class='ocrx_word' id='word_1_597' title='bbox 2191 3642 2264 3694; x_wconf 87' lang='lat' dir='ltr'><strong>ita</strong></span> <span class='ocrx_word' id='word_1_598' title='bbox 2297 3657 2433 3693; x_wconf 79' lang='lat' dir='ltr'><strong>vana</strong></span> <span class='ocrx_word' id='word_1_599' title='bbox 2481 3651 2536 3694; x_wconf 90' lang='lat' dir='ltr'><strong>et</strong></span> <span class='ocrx_word' id='word_1_600' title='bbox 2565 3641 2742 3694; x_wconf 86' lang='lat' dir='ltr'><strong>facilis</strong></span> <span class='ocrx_word' id='word_1_601' title='bbox 2780 3656 2844 3693; x_wconf 90' lang='lat' dir='ltr'><strong>ea</strong></span> <span class='ocrx_word' id='word_1_602' title='bbox 2880 3657 2965 3694; x_wconf 81' lang='lat' dir='ltr'><strong>res</strong></span> <span class='ocrx_word' id='word_1_603' title='bbox 3025 3641 3139 3694; x_wconf 77' lang='lat' dir='ltr'><strong>visa</strong></span> <span class='ocrx_word' id='word_1_604' title='bbox 3171 3650 3276 3703; x_wconf 88' lang='lat' dir='ltr'><strong>est,</strong></span> <span class='ocrx_word' id='word_1_605' title='bbox 3333 3651 3388 3694; x_wconf 93' lang='lat' dir='ltr'><strong>ut</strong></span> <span class='ocrx_word' id='word_1_606' title='bbox 3456 3641 3523 3694; x_wconf 86' lang='lat' dir='ltr'><strong>ad</strong></span> 
     </span>
    </p>
   </div>
   <div class='ocr_carea' id='block_1_83' title="bbox 1953 3734 3522 3804">
    <p class='ocr_par' dir='ltr' id='par_1_83' title="bbox 1953 3734 3522 3804">
     <span class='ocr_line' id='line_1_84' title="bbox 1953 3734 3522 3804; baseline -0.001 -15"><span class='ocrx_word' id='word_1_607' title='bbox 1953 3734 2764 3804; x_wconf 87' lang='lat' dir='ltr'><strong>episcopatumpromptissime</strong></span> <span class='ocrx_word' id='word_1_608' title='bbox 2794 3734 3206 3802; x_wconf 90' lang='lat' dir='ltr'><strong>suscipiendum</strong></span> <span class='ocrx_word' id='word_1_609' title='bbox 3255 3735 3388 3795; x_wconf 80' lang='lat' dir='ltr'><strong>satis</strong></span> <span class='ocrx_word' id='word_1_610' title='bbox 3429 3750 3522 3788; x_wconf 80' lang='lat' dir='ltr'><strong>es-</strong></span> 
     </span>
    </p>
   </div>
   <div class='ocr_carea' id='block_1_84' title="bbox 1955 3824 3526 3892">
    <p class='ocr_par' dir='ltr' id='par_1_84' title="bbox 1955 3824 3526 3892">
     <span class='ocr_line' id='line_1_85' title="bbox 1955 3824 3526 3892; baseline 0.001 -14"><span class='ocrx_word' id='word_1_611' title='bbox 1955 3835 2059 3886; x_wconf 88' lang='lat' dir='ltr'><strong>set,</strong></span> <span class='ocrx_word' id='word_1_612' title='bbox 2097 3825 2140 3878; x_wconf 89' lang='lat' dir='ltr'><strong>si</strong></span> <span class='ocrx_word' id='word_1_613' title='bbox 2173 3825 2294 3892; x_wconf 88' lang='lat' dir='ltr'><strong>quis</strong></span> <span class='ocrx_word' id='word_1_614' title='bbox 2356 3825 2407 3876; x_wconf 92' lang='lat' dir='ltr'><strong>id</strong></span> <span class='ocrx_word' id='word_1_615' title='bbox 2445 3825 2605 3876; x_wconf 90' lang='lat' dir='ltr'><strong>modo</strong></span> <span class='ocrx_word' id='word_1_616' title='bbox 2638 3824 2821 3888; x_wconf 82' lang='lat' dir='ltr'><strong>vellet,</strong></span> <span class='ocrx_word' id='word_1_617' title='bbox 2881 3835 2975 3876; x_wconf 84' lang='lat' dir='ltr'><strong>aut</strong></span> <span class='ocrx_word' id='word_1_618' title='bbox 3024 3824 3230 3891; x_wconf 87' lang='lat' dir='ltr'><strong>aliquid</strong></span> <span class='ocrx_word' id='word_1_619' title='bbox 3274 3825 3526 3879; x_wconf 89' lang='lat' dir='ltr'><strong>donaret.</strong></span> 
     </span>
    </p>
   </div>
   <div class='ocr_carea' id='block_1_85' title="bbox 1955 3915 3528 3982">
    <p class='ocr_par' dir='ltr' id='par_1_85' title="bbox 1955 3915 3528 3982">
     <span class='ocr_line' id='line_1_86' title="bbox 1955 3915 3528 3982; baseline -0.001 -13"><span class='ocrx_word' id='word_1_620' title='bbox 1955 3915 2190 3970; x_wconf 82' lang='lat' dir='ltr'><strong>Proinde</strong></span> <span class='ocrx_word' id='word_1_621' title='bbox 2218 3916 2309 3982; x_wconf 91' lang='lat' dir='ltr'><strong>qui</strong></span> <span class='ocrx_word' id='word_1_622' title='bbox 2344 3915 2550 3967; x_wconf 85' lang='lat' dir='ltr'><strong>dudum</strong></span> <span class='ocrx_word' id='word_1_623' title='bbox 2578 3933 2606 3967; x_wconf 88' lang='lat' dir='ltr'><strong>a</strong></span> <span class='ocrx_word' id='word_1_624' title='bbox 2633 3915 2841 3969; x_wconf 86' lang='lat' dir='ltr'><strong>Joanne</strong></span> <span class='ocrx_word' id='word_1_625' title='bbox 2897 3916 3237 3968; x_wconf 85' lang='lat' dir='ltr'><strong>exauctorati</strong></span> <span class='ocrx_word' id='word_1_626' title='bbox 3289 3917 3528 3979; x_wconf 85' lang='lat' dir='ltr'><strong>fuerant,</strong></span> 
     </span>
    </p>
   </div>
   <div class='ocr_carea' id='block_1_86' title="bbox 1955 4003 3526 4073">
    <p class='ocr_par' dir='ltr' id='par_1_86' title="bbox 1955 4003 3526 4073">
     <span class='ocr_line' id='line_1_87' title="bbox 1955 4003 3526 4073; baseline 0.001 -17"><span class='ocrx_word' id='word_1_627' title='bbox 1955 4003 2239 4056; x_wconf 91' lang='lat' dir='ltr'><strong>commode</strong></span> <span class='ocrx_word' id='word_1_628' title='bbox 2275 4019 2454 4055; x_wconf 86' lang='lat' dir='ltr'><strong>rerum</strong></span> <span class='ocrx_word' id='word_1_629' title='bbox 2491 4003 2679 4055; x_wconf 82' lang='lat' dir='ltr'><strong>talium</strong></span> <span class='ocrx_word' id='word_1_630' title='bbox 2714 4012 3120 4070; x_wconf 85' lang='lat' dir='ltr'><strong>contemptores</strong></span> <span class='ocrx_word' id='word_1_631' title='bbox 3173 4005 3434 4073; x_wconf 76' lang='lat' dir='ltr'><strong>aggressi,</strong></span> <span class='ocrx_word' id='word_1_632' title='bbox 3473 4007 3526 4058; x_wconf 91' lang='lat' dir='ltr'><strong>iu</strong></span> 
     </span>
    </p>
   </div>
   <div class='ocr_carea' id='block_1_87' title="bbox 1957 4095 3549 4165">
    <p class='ocr_par' dir='ltr' id='par_1_87' title="bbox 1957 4095 3549 4165">
     <span class='ocr_line' id='line_1_88' title="bbox 1957 4095 3549 4165; baseline 0.001 -16"><span class='ocrx_word' id='word_1_633' title='bbox 1957 4095 2195 4149; x_wconf 86' lang='lat' dir='ltr'><strong>Ecclesia</strong></span> <span class='ocrx_word' id='word_1_634' title='bbox 2246 4105 2373 4147; x_wconf 89' lang='lat' dir='ltr'><strong>sunt</strong></span> <span class='ocrx_word' id='word_1_635' title='bbox 2407 4095 2728 4158; x_wconf 90' lang='lat' dir='ltr'><strong>introducti,</strong></span> <span class='ocrx_word' id='word_1_636' title='bbox 2776 4095 3094 4162; x_wconf 89' lang='lat' dir='ltr'><strong>episcopatu</strong></span> <span class='ocrx_word' id='word_1_637' title='bbox 3131 4095 3289 4164; x_wconf 83' lang='lat' dir='ltr'><strong>(proli</strong></span> <span class='ocrx_word' id='word_1_638' title='bbox 3325 4097 3549 4165; x_wconf 80' lang='lat' dir='ltr'><strong>pudor!)</strong></span> 
     </span>
    </p>
   </div>
   <div class='ocr_carea' id='block_1_88' title="bbox 1956 4185 3527 4255">
    <p class='ocr_par' dir='ltr' id='par_1_88' title="bbox 1956 4185 3527 4255">
     <span class='ocr_line' id='line_1_89' title="bbox 1956 4185 3527 4255; baseline 0.001 -16"><span class='ocrx_word' id='word_1_639' title='bbox 1956 4187 2185 4255; x_wconf 88' lang='lat' dir='ltr'><strong>pecunia</strong></span> <span class='ocrx_word' id='word_1_640' title='bbox 2220 4189 2521 4255; x_wconf 75' lang='lat' dir='ltr'><strong>redempta.</strong></span> <span class='ocrx_word' id='word_1_641' title='bbox 2575 4187 2678 4252; x_wconf 79' lang='lat' dir='ltr'><strong>Qui</strong></span> <span class='ocrx_word' id='word_1_642' title='bbox 2733 4187 2900 4239; x_wconf 84' lang='lat' dir='ltr'><strong>etiam</strong></span> <span class='ocrx_word' id='word_1_643' title='bbox 2955 4185 3298 4241; x_wconf 84' lang='lat' dir='ltr'><strong>Heraclidem</strong></span> <span class='ocrx_word' id='word_1_644' title='bbox 3351 4189 3527 4252; x_wconf 72' lang='lat' dir='ltr'><strong>illiilli,</strong></span> 
     </span>
    </p>
   </div>
   <div class='ocr_carea' id='block_1_89' title="bbox 1956 4276 3532 4345">
    <p class='ocr_par' dir='ltr' id='par_1_89' title="bbox 1956 4276 3532 4345">
     <span class='ocr_line' id='line_1_90' title="bbox 1956 4276 3532 4345; baseline 0.003 -18"><span class='ocrx_word' id='word_1_645' title='bbox 1956 4292 2117 4345; x_wconf 89' lang='lat' dir='ltr'><strong>quem</strong></span> <span class='ocrx_word' id='word_1_646' title='bbox 2149 4292 2375 4343; x_wconf 77' lang='lat' dir='ltr'><strong>magnus</strong></span> <span class='ocrx_word' id='word_1_647' title='bbox 2404 4276 2643 4330; x_wconf 78' lang='lat' dir='ltr'><strong>Joannes</strong></span> <span class='ocrx_word' id='word_1_648' title='bbox 2694 4276 2890 4344; x_wconf 83' lang='lat' dir='ltr'><strong>Ephesi</strong></span> <span class='ocrx_word' id='word_1_649' title='bbox 2950 4277 3286 4345; x_wconf 72' lang='lat' dir='ltr'><strong>episeopum.</strong></span> <span class='ocrx_word' id='word_1_650' title='bbox 3312 4295 3532 4332; x_wconf 67' lang='lat' dir='ltr'><strong>creare-</strong></span> 
     </span>
    </p>
   </div>
   <div class='ocr_carea' id='block_1_90' title="bbox 1959 4369 3531 4438">
    <p class='ocr_par' dir='ltr' id='par_1_90' title="bbox 1959 4369 3531 4438">
     <span class='ocr_line' id='line_1_91' title="bbox 1959 4369 3531 4438; baseline 0.002 -18"><span class='ocrx_word' id='word_1_651' title='bbox 1959 4377 2062 4430; x_wconf 90' lang='lat' dir='ltr'><strong>rat,</strong></span> <span class='ocrx_word' id='word_1_652' title='bbox 2124 4369 2553 4437; x_wconf 71' lang='lat' dir='ltr'><strong>suffragantibus</strong></span> <span class='ocrx_word' id='word_1_653' title='bbox 2613 4370 2663 4422; x_wconf 88' lang='lat' dir='ltr'><strong>ei</strong></span> <span class='ocrx_word' id='word_1_654' title='bbox 2721 4369 2845 4421; x_wconf 88' lang='lat' dir='ltr'><strong>aliis</strong></span> <span class='ocrx_word' id='word_1_655' title='bbox 2901 4385 3122 4437; x_wconf 82' lang='lat' dir='ltr'><strong>quoque</strong></span> <span class='ocrx_word' id='word_1_656' title='bbox 3183 4370 3531 4438; x_wconf 72' lang='lat' dir='ltr'><strong>septuaginta</strong></span> 
     </span>
    </p>
   </div>
   <div class='ocr_carea' id='block_1_91' title="bbox 1957 4461 3527 4529">
    <p class='ocr_par' dir='ltr' id='par_1_91' title="bbox 1957 4461 3527 4529">
     <span class='ocr_line' id='line_1_92' title="bbox 1957 4461 3527 4529; baseline 0.006 -19"><span class='ocrx_word' id='word_1_657' title='bbox 1957 4461 2254 4528; x_wconf 84' lang='lat' dir='ltr'><strong>ep&#39;.se0pis,</strong></span> <span class='ocrx_word' id='word_1_658' title='bbox 2289 4461 2354 4512; x_wconf 86' lang='lat' dir='ltr'><strong>ad</strong></span> <span class='ocrx_word' id='word_1_659' title='bbox 2389 4476 2585 4521; x_wconf 84' lang='lat' dir='ltr'><strong>annos,</strong></span> <span class='ocrx_word' id='word_1_660' title='bbox 2625 4472 2866 4529; x_wconf 87' lang='lat' dir='ltr'><strong>quatuor</strong></span> <span class='ocrx_word' id='word_1_661' title='bbox 2889 4461 3274 4516; x_wconf 84' lang='lat' dir='ltr'><strong>crudelissime</strong></span> <span class='ocrx_word' id='word_1_662' title='bbox 3315 4467 3527 4520; x_wconf 81' lang='lat' dir='ltr'><strong>carceri</strong></span> 
     </span>
    </p>
   </div>
   <div class='ocr_carea' id='block_1_92' title="bbox 271 4528 1948 4627">
    <p class='ocr_par' dir='ltr' id='par_1_92' title="bbox 271 4528 1925 4624">
     <span class='ocr_line' id='line_1_93' title="bbox 271 4528 1925 4624; baseline 0.003 -24"><span class='ocrx_word' id='word_1_663' title='bbox 271 4548 519 4611; x_wconf 80' lang='grc' dir='ltr'>σκόπων,</span> <span class='ocrx_word' id='word_1_664' title='bbox 553 4547 645 4598; x_wconf 71' lang='grc' dir='ltr'><strong>ἐπὶ</strong></span> <span class='ocrx_word' id='word_1_665' title='bbox 685 4549 932 4618; x_wconf 81' lang='grc' dir='ltr'>τέσσαρα</span> <span class='ocrx_word' id='word_1_666' title='bbox 966 4549 1062 4617; x_wconf 76' lang='grc' dir='ltr'><strong>ἐτη</strong></span> <span class='ocrx_word' id='word_1_667' title='bbox 1096 4551 1396 4618; x_wconf 70' lang='grc' dir='ltr'>ὠ;;.οτάτως</span> <span class='ocrx_word' id='word_1_668' title='bbox 1439 4554 1847 4624; x_wconf 77' lang='grc' dir='ltr'>καθείρξαντες,</span> <span class='ocrx_word' id='word_1_669' title='bbox 1885 4528 1925 4580; x_wconf 65' lang='grc' dir='ltr'><strong>Ι)</strong></span> 
     </span>
    </p>
   </div>
   <div class='ocr_carea' id='block_1_93' title="bbox 1854 4528 3531 4627">
    <p class='ocr_par' dir='ltr' id='par_1_93' title="bbox 1885 4528 3531 4627">
     <span class='ocr_line' id='line_1_94' title="bbox 1885 4528 3531 4627; baseline 0.004 -24"><span class='ocrx_word' id='word_1_670' title='bbox 1885 4528 1925 4580; x_wconf 67' lang='grc' dir='ltr'><strong>Ι)</strong></span> <span class='ocrx_word' id='word_1_671' title='bbox 1955 4552 2329 4606; x_wconf 81' lang='lat' dir='ltr'><strong>incluserunt:</strong></span> <span class='ocrx_word' id='word_1_672' title='bbox 2360 4562 2413 4605; x_wconf 93' lang='lat' dir='ltr'><strong>et</strong></span> <span class='ocrx_word' id='word_1_673' title='bbox 2452 4528 2650 4620; x_wconf 78' lang='lat' dir='ltr'><strong>postea</strong></span> <span class='ocrx_word' id='word_1_674' title='bbox 2702 4553 2970 4623; x_wconf 77' lang='lat' dir='ltr'><strong>dignitate</strong></span> <span class='ocrx_word' id='word_1_675' title='bbox 3017 4555 3066 4606; x_wconf 93' lang='lat' dir='ltr'><strong>ei</strong></span> <span class='ocrx_word' id='word_1_676' title='bbox 3125 4555 3382 4624; x_wconf 76' lang='lat' dir='ltr'><strong>abrogata</strong></span> <span class='ocrx_word' id='word_1_677' title='bbox 3432 4558 3531 4627; x_wconf 83' lang='lat' dir='ltr'><strong>(l),</strong></span> 
     </span>
    </p>
   </div>
   <div class='ocr_carea' id='block_1_94' title="bbox 269 4635 1850 4713">
    <p class='ocr_par' dir='ltr' id='par_1_94' title="bbox 269 4635 1850 4713">
     <span class='ocr_line' id='line_1_95' title="bbox 269 4635 1850 4713; baseline 0.004 -25"><span class='ocrx_word' id='word_1_678' title='bbox 269 4638 468 4689; x_wconf 67' lang='lat' dir='ltr'><strong>hrum</strong></span> <span class='ocrx_word' id='word_1_679' title='bbox 522 4635 847 4699; x_wconf 76' lang='grc' dir='ltr'>καθελόντες</span> <span class='ocrx_word' id='word_1_680' title='bbox 885 4639 978 4691; x_wconf 84' lang='grc' dir='ltr'><strong>τὸν</strong></span> <span class='ocrx_word' id='word_1_681' title='bbox 1027 4642 1414 4694; x_wconf 83' lang='grc' dir='ltr'>κατάπτυστον</span> <span class='ocrx_word' id='word_1_682' title='bbox 1463 4645 1558 4695; x_wconf 71' lang='grc' dir='ltr'><strong>καὶ</strong></span> <span class='ocrx_word' id='word_1_683' title='bbox 1593 4644 1850 4713; x_wconf 70' lang='grc' dir='ltr'>προφανῆ</span> 
     </span>
    </p>
   </div>
   <div class='ocr_carea' id='block_1_95' title="bbox 271 4727 1852 4802">
    <p class='ocr_par' dir='ltr' id='par_1_95' title="bbox 271 4727 1852 4802">
     <span class='ocr_line' id='line_1_96' title="bbox 271 4727 1852 4802; baseline 0.003 -22"><span class='ocrx_word' id='word_1_684' title='bbox 271 4727 520 4780; x_wconf 81' lang='grc' dir='ltr'>κίναιδον</span> <span class='ocrx_word' id='word_1_685' title='bbox 565 4727 753 4795; x_wconf 74' lang='grc' dir='ltr'>ἄνδρα,</span> <span class='ocrx_word' id='word_1_686' title='bbox 800 4729 892 4780; x_wconf 85' lang='grc' dir='ltr'><strong>τὸν</strong></span> <span class='ocrx_word' id='word_1_687' title='bbox 954 4729 1238 4800; x_wconf 77' lang='grc' dir='ltr'>βδελυρίας</span> <span class='ocrx_word' id='word_1_688' title='bbox 1293 4735 1473 4799; x_wconf 59' lang='grc' dir='ltr'>πάσης</span> <span class='ocrx_word' id='word_1_689' title='bbox 1521 4736 1852 4802; x_wconf 81' lang='grc' dir='ltr'>ἀνάμεστον,</span> 
     </span>
    </p>
   </div>
   <div class='ocr_carea' id='block_1_96' title="bbox 270 4817 1854 4891">
    <p class='ocr_par' dir='ltr' id='par_1_96' title="bbox 270 4817 1854 4891">
     <span class='ocr_line' id='line_1_97' title="bbox 270 4817 1854 4891; baseline 0.003 -21"><span class='ocrx_word' id='word_1_690' title='bbox 270 4820 365 4870; x_wconf 63' lang='grc' dir='ltr'><strong>τόν</strong></span> <span class='ocrx_word' id='word_1_691' title='bbox 406 4818 499 4870; x_wconf 73' lang='grc' dir='ltr'>τοῦ</span> <span class='ocrx_word' id='word_1_692' title='bbox 541 4817 832 4886; x_wconf 80' lang='grc' dir='ltr'>τριϐούνου</span> <span class='ocrx_word' id='word_1_693' title='bbox 869 4819 1143 4886; x_wconf 63' lang='grc' dir='ltr'>Βίκτωςος</span> <span class='ocrx_word' id='word_1_694' title='bbox 1192 4821 1552 4890; x_wconf 70' lang='grc' dir='ltr'>εὐνοῦχον,τῷ</span> <span class='ocrx_word' id='word_1_695' title='bbox 1585 4821 1678 4874; x_wconf 79' lang='grc' dir='ltr'>τοῦ</span> <span class='ocrx_word' id='word_1_696' title='bbox 1713 4839 1854 4891; x_wconf 69' lang='grc' dir='ltr'>παρα</span> 
     </span>
    </p>
   </div>
   <div class='ocr_carea' id='block_1_97' title="bbox 274 4901 1855 4981">
    <p class='ocr_par' dir='ltr' id='par_1_97' title="bbox 274 4901 1855 4981">
     <span class='ocr_line' id='line_1_98' title="bbox 274 4901 1855 4981; baseline 0.002 -20"><span class='ocrx_word' id='word_1_697' title='bbox 274 4910 432 4962; x_wconf 79' lang='grc' dir='ltr'>οένου</span> <span class='ocrx_word' id='word_1_698' title='bbox 489 4907 665 4976; x_wconf 80' lang='grc' dir='ltr'>θρόνῳ</span> <span class='ocrx_word' id='word_1_699' title='bbox 714 4901 779 4977; x_wconf 80' lang='grc' dir='ltr'><strong>(ὦ</strong></span> <span class='ocrx_word' id='word_1_700' title='bbox 831 4908 956 4979; x_wconf 89' lang='grc' dir='ltr'>δίκη</span> <span class='ocrx_word' id='word_1_701' title='bbox 1018 4915 1111 4964; x_wconf 76' lang='grc' dir='ltr'>καὶ</span> <span class='ocrx_word' id='word_1_702' title='bbox 1166 4913 1332 4981; x_wconf 69' lang='grc' dir='ltr'>ἀνοχὴ</span> <span class='ocrx_word' id='word_1_703' title='bbox 1386 4914 1556 4965; x_wconf 73' lang='grc' dir='ltr'><strong>Θεοῦῐ</strong></span> <span class='ocrx_word' id='word_1_704' title='bbox 1619 4913 1855 4978; x_wconf 78' lang='grc' dir='ltr'>ἀναξίως</span> 
     </span>
    </p>
   </div>
   <div class='ocr_carea' id='block_1_98' title="bbox 272 4999 701 5067">
    <p class='ocr_par' dir='ltr' id='par_1_98' title="bbox 272 4999 701 5067">
     <span class='ocr_line' id='line_1_99' title="bbox 272 4999 701 5067; baseline 0 -15"><span class='ocrx_word' id='word_1_705' title='bbox 272 4999 701 5067; x_wconf 76' lang='grc' dir='ltr'>ἐγκαθιστῶσιν.</span> 
     </span>
    </p>
   </div>
   <div class='ocr_carea' id='block_1_99' title="bbox 351 5201 1849 5273">
    <p class='ocr_par' dir='ltr' id='par_1_99' title="bbox 351 5201 1849 5273">
     <span class='ocr_line' id='line_1_100' title="bbox 351 5201 1849 5273; baseline 0.001 -17"><span class='ocrx_word' id='word_1_706' title='bbox 351 5203 430 5273; x_wconf 84' lang='grc' dir='ltr'><strong>(ι)</strong></span> <span class='ocrx_word' id='word_1_707' title='bbox 487 5201 661 5273; x_wconf 82' lang='lat' dir='ltr'><strong>Nemo</strong></span> <span class='ocrx_word' id='word_1_708' title='bbox 708 5202 936 5272; x_wconf 81' lang='lat' dir='ltr'><strong>gradum</strong></span> <span class='ocrx_word' id='word_1_709' title='bbox 991 5203 1284 5258; x_wconf 85' lang='lat' dir='ltr'><strong>sacerdotii</strong></span> <span class='ocrx_word' id='word_1_710' title='bbox 1341 5203 1849 5273; x_wconf 66' lang='lat' dir='ltr'><strong>venalitatezprctii</strong></span> 
     </span>
    </p>
   </div>
   <div class='ocr_carea' id='block_1_100' title="bbox 277 5271 1846 5345">
    <p class='ocr_par' dir='ltr' id='par_1_100' title="bbox 277 5271 1846 5345">
     <span class='ocr_line' id='line_1_101' title="bbox 277 5271 1846 5345; baseline -0.001 -18"><span class='ocrx_word' id='word_1_711' title='bbox 277 5271 577 5345; x_wconf 61' lang='lat' dir='ltr'><strong>mereatur.</strong></span> <span class='ocrx_word' id='word_1_712' title='bbox 596 5271 874 5345; x_wconf 79' lang='lat' dir='ltr'><strong>Quantum</strong></span> <span class='ocrx_word' id='word_1_713' title='bbox 898 5273 1132 5345; x_wconf 85' lang='lat' dir='ltr'><strong>quisque</strong></span> <span class='ocrx_word' id='word_1_714' title='bbox 1157 5284 1422 5338; x_wconf 88' lang='lat' dir='ltr'><strong>meretur,</strong></span> <span class='ocrx_word' id='word_1_715' title='bbox 1442 5291 1550 5328; x_wconf 90' lang='lat' dir='ltr'><strong>non</strong></span> <span class='ocrx_word' id='word_1_716' title='bbox 1583 5271 1846 5345; x_wconf 81' lang='lat' dir='ltr'><strong>quantum</strong></span> 
     </span>
    </p>
   </div>
   <div class='ocr_carea' id='block_1_101' title="bbox 276 5342 1850 5416">
    <p class='ocr_par' dir='ltr' id='par_1_101' title="bbox 276 5342 1850 5416">
     <span class='ocr_line' id='line_1_102' title="bbox 276 5342 1850 5416; baseline -0.002 -14"><span class='ocrx_word' id='word_1_717' title='bbox 276 5353 412 5402; x_wconf 86' lang='lat' dir='ltr'><strong>dare</strong></span> <span class='ocrx_word' id='word_1_718' title='bbox 441 5342 660 5407; x_wconf 83' lang='lat' dir='ltr'><strong>sullicit,</strong></span> <span class='ocrx_word' id='word_1_719' title='bbox 685 5343 1009 5399; x_wconf 67' lang='lat' dir='ltr'><strong>astimetur.</strong></span> <span class='ocrx_word' id='word_1_720' title='bbox 1037 5344 1156 5398; x_wconf 81' lang='lat' dir='ltr'><strong>Non</strong></span> <span class='ocrx_word' id='word_1_721' title='bbox 1187 5346 1385 5415; x_wconf 86' lang='lat' dir='ltr'><strong>pretio,</strong></span> <span class='ocrx_word' id='word_1_722' title='bbox 1431 5347 1526 5402; x_wconf 85' lang='lat' dir='ltr'><strong>sed</strong></span> <span class='ocrx_word' id='word_1_723' title='bbox 1591 5342 1850 5416; x_wconf 81' lang='lat' dir='ltr'><strong>precibus</strong></span> 
     </span>
    </p>
   </div>
   <div class='ocr_carea' id='block_1_102' title="bbox 1957 4645 3536 4711">
    <p class='ocr_par' dir='ltr' id='par_1_102' title="bbox 1957 4645 3536 4711">
     <span class='ocr_line' id='line_1_103' title="bbox 1957 4645 3536 4711; baseline 0.004 -13"><span class='ocrx_word' id='word_1_724' title='bbox 1957 4645 2350 4698; x_wconf 75' lang='lat' dir='ltr'><strong>exsecrandum</strong></span> <span class='ocrx_word' id='word_1_725' title='bbox 2374 4654 2429 4698; x_wconf 89' lang='lat' dir='ltr'><strong>et</strong></span> <span class='ocrx_word' id='word_1_726' title='bbox 2463 4647 2810 4700; x_wconf 79' lang='lat' dir='ltr'><strong>manifestum</strong></span> <span class='ocrx_word' id='word_1_727' title='bbox 2835 4647 3133 4711; x_wconf 72' lang='lat' dir='ltr'><strong>cinaedum,</strong></span> <span class='ocrx_word' id='word_1_728' title='bbox 3151 4649 3536 4705; x_wconf 79' lang='lat' dir='ltr'><strong>detestationis</strong></span> 
     </span>
    </p>
   </div>
   <div class='ocr_carea' id='block_1_103' title="bbox 1959 4737 3534 4806">
    <p class='ocr_par' dir='ltr' id='par_1_103' title="bbox 1959 4737 3534 4806">
     <span class='ocr_line' id='line_1_104' title="bbox 1959 4737 3534 4806; baseline 0.003 -17"><span class='ocrx_word' id='word_1_729' title='bbox 1959 4737 2139 4790; x_wconf 88' lang='lat' dir='ltr'><strong>omnis</strong></span> <span class='ocrx_word' id='word_1_730' title='bbox 2173 4737 2416 4806; x_wconf 87' lang='lat' dir='ltr'><strong>plenum.</strong></span> <span class='ocrx_word' id='word_1_731' title='bbox 2451 4738 2652 4791; x_wconf 87' lang='lat' dir='ltr'><strong>tribuni</strong></span> <span class='ocrx_word' id='word_1_732' title='bbox 2688 4738 2921 4791; x_wconf 86' lang='lat' dir='ltr'><strong>Victoris</strong></span> <span class='ocrx_word' id='word_1_733' title='bbox 2966 4740 3310 4800; x_wconf 78' lang='lat' dir='ltr'><strong>eunuchum,</strong></span> <span class='ocrx_word' id='word_1_734' title='bbox 3336 4743 3386 4792; x_wconf 93' lang='lat' dir='ltr'><strong>iu</strong></span> <span class='ocrx_word' id='word_1_735' title='bbox 3421 4743 3534 4793; x_wconf 84' lang='lat' dir='ltr'><strong>vir-</strong></span> 
     </span>
    </p>
   </div>
   <div class='ocr_carea' id='block_1_104' title="bbox 1959 4829 3538 4898">
    <p class='ocr_par' dir='ltr' id='par_1_104' title="bbox 1959 4829 3538 4898">
     <span class='ocr_line' id='line_1_105' title="bbox 1959 4829 3538 4898; baseline 0.003 -19"><span class='ocrx_word' id='word_1_736' title='bbox 1959 4829 2102 4897; x_wconf 68' lang='lat' dir='ltr'><strong>ginis</strong></span> <span class='ocrx_word' id='word_1_737' title='bbox 2134 4829 2236 4881; x_wconf 78' lang='lat' dir='ltr'><strong>viri</strong></span> <span class='ocrx_word' id='word_1_738' title='bbox 2267 4830 2463 4881; x_wconf 88' lang='lat' dir='ltr'><strong>throno</strong></span> <span class='ocrx_word' id='word_1_739' title='bbox 2495 4830 2548 4897; x_wconf 93' lang='lat' dir='ltr'><strong>(o</strong></span> <span class='ocrx_word' id='word_1_740' title='bbox 2575 4829 2809 4883; x_wconf 66' lang='lat' dir='ltr'><strong>Vindicta</strong></span> <span class='ocrx_word' id='word_1_741' title='bbox 2834 4839 2888 4883; x_wconf 92' lang='lat' dir='ltr'><strong>et</strong></span> <span class='ocrx_word' id='word_1_742' title='bbox 2915 4830 3180 4898; x_wconf 85' lang='lat' dir='ltr'><strong>patientia</strong></span> <span class='ocrx_word' id='word_1_743' title='bbox 3210 4831 3304 4883; x_wconf 84' lang='lat' dir='ltr'><strong>Dei</strong></span> <span class='ocrx_word' id='word_1_744' title='bbox 3327 4831 3365 4898; x_wconf 82' lang='lat' dir='ltr'><strong>l)</strong></span> <span class='ocrx_word' id='word_1_745' title='bbox 3396 4830 3538 4884; x_wconf 90' lang='lat' dir='ltr'><strong>indi-</strong></span> 
     </span>
    </p>
   </div>
   <div class='ocr_carea' id='block_1_105' title="bbox 1959 4918 2617 4987">
    <p class='ocr_par' dir='ltr' id='par_1_105' title="bbox 1959 4918 2617 4987">
     <span class='ocr_line' id='line_1_106' title="bbox 1959 4918 2617 4987; baseline 0.006 -18"><span class='ocrx_word' id='word_1_746' title='bbox 1959 4918 2221 4987; x_wconf 74' lang='lat' dir='ltr'><strong>gnissime</strong></span> <span class='ocrx_word' id='word_1_747' title='bbox 2253 4919 2617 4973; x_wconf 88' lang='lat' dir='ltr'><strong>collocarunt.</strong></span> 
     </span>
    </p>
   </div>
   <div class='ocr_carea' id='block_1_106' title="bbox 1959 5203 3534 5330">
    <p class='ocr_par' dir='ltr' id='par_1_106' title="bbox 1959 5203 3534 5330">
     <span class='ocr_line' id='line_1_107' title="bbox 1959 5203 3534 5330; baseline 0.003 -74"><span class='ocrx_word' id='word_1_748' title='bbox 1959 5207 2245 5330; x_wconf 59' lang='lat' dir='ltr'><strong>ordilnelur</strong></span> <span class='ocrx_word' id='word_1_749' title='bbox 2299 5207 2548 5262; x_wconf 90' lang='lat' dir='ltr'><strong>antistes.</strong></span> <span class='ocrx_word' id='word_1_750' title='bbox 2582 5205 2640 5258; x_wconf 87' lang='lat' dir='ltr'><strong>L.</strong></span> <span class='ocrx_word' id='word_1_751' title='bbox 2686 5203 2745 5259; x_wconf 84' lang='lat' dir='ltr'><strong>Si</strong></span> <span class='ocrx_word' id='word_1_752' title='bbox 2770 5220 3108 5274; x_wconf 77' lang='lat' dir='ltr'><strong>quemquam.</strong></span> <span class='ocrx_word' id='word_1_753' title='bbox 3164 5203 3228 5260; x_wconf 90' lang='lat' dir='ltr'><strong>C.</strong></span> <span class='ocrx_word' id='word_1_754' title='bbox 3254 5206 3322 5262; x_wconf 92' lang='lat' dir='ltr'><strong>de</strong></span> <span class='ocrx_word' id='word_1_755' title='bbox 3362 5207 3534 5277; x_wconf 80' lang='lat' dir='ltr'><strong>cpiac.</strong></span> 
     </span>
     <span class='ocr_line' id='line_1_108' title="bbox 1959 5287 2180 5330; baseline 0 0"><span class='ocrx_word' id='word_1_756' title='bbox 1959 5287 2013 5330; x_wconf 90' lang='lat' dir='ltr'><strong>et</strong></span> <span class='ocrx_word' id='word_1_757' title='bbox 2045 5293 2073 5330; x_wconf 95' lang='lat' dir='ltr'><strong>c</strong></span> <span class='ocrx_word' id='word_1_758' title='bbox 2098 5293 2180 5330; x_wconf 90' lang='lat' dir='ltr'><strong>er.</strong></span> 
     </span>
    </p>
   </div>
   <div class='ocr_carea' id='block_1_107' title="bbox 1959 5287 2180 5331">
    <p class='ocr_par' dir='ltr' id='par_1_107' title="bbox 1959 5287 2180 5331">
     <span class='ocr_line' id='line_1_109' title="bbox 1959 5287 2180 5331; baseline 0.005 -1"><span class='ocrx_word' id='word_1_759' title='bbox 1959 5287 2013 5330; x_wconf 73' lang='grc' dir='ltr'><strong>ΕΙ.</strong></span> <span class='ocrx_word' id='word_1_760' title='bbox 2045 5287 2180 5331; x_wconf 85' lang='lat' dir='ltr'><strong>cier.</strong></span> 
     </span>
    </p>
   </div>
  </div>
