4248 6446
272 446 291 506 Ῑ
302 445 405 505 033

1180 442 1774 505 ΕΟΕΕΕΞΙΑΞΤΙΟἘ
1818 441 2199 499 IIISI‘ORH‘I
2244 444 2386 501 LIB.
2430 442 2591 501 XIII.

3373 441 3504 504 1034

265 556 342 626 μὴ
373 556 643 624 πρόφασις
697 553 936 624 κρίσεως
972 551 1204 624 γένηται
1239 555 1272 625 ἢ
1308 553 1557 624 ζητηθῇς
1610 552 1701 613 Εἰς
1744 550 1831 601 τό·
1861 581 1872 608 i

1942 552 2130 616 posse?
2180 551 2470 621 Nunquam
2526 567 2654 607 sane
2712 562 2898 621 patres
2947 560 3162 608 nostros
3198 551 3321 610 talia
3343 567 3503 609 ausos

261 664 401 710 πους
430 646 651 711 ζώντων
681 649 872 718 ἱερέων
913 646 1060 700 ἄλλοι
1104 646 1596 700 ἀποκαθίστανταιο
1630 644 1704 705 ὡς
1736 643 1829 693 δυ-

261 738 517 807 ναμένων
544 740 652 791 τῶν
691 742 755 792 ὲκ
785 738 1033 793 τοιούτου
1072 739 1545 808 πλημμελήματος
1577 736 1833 806 ὁρμωμέ-

260 849 391 892 νων,
423 831 602 901 ὀρθῶς
640 849 694 885 τι
742 831 911 902 ἔχειν,
967 830 1001 902 ἢ
1053 831 1401 900 πεπρᾶχθαι,
1448 828 1480 897 ἢ
1530 830 1637 881 ὑπό
1689 843 1832 890 τινος

262 923 564 992 κριθῆναι;
595 924 730 977 (ιύδὲ
758 924 866 995 γὰρ
892 922 1110 977 πώποτε
1140 923 1290 990 παρὰ
1313 925 1422 974 τῶν
1444 919 1698 989 πατέρων
1723 918 1835 972 τῶν

263 1017 554 1087 ἡμετέρων
607 1016 838 1069 τοιαῦτα
871 1015 1237 1085 τετολμῆσθαι
1283 1013 1647 1082 ἐγνώκαμενο
1697 1011 1837 1066 ἀλλὰ

268 1110 474 1178 μᾶλλον
510 1109 861 1163 κεκωλύσθαι
918 1111 979 1161 τὸ
1034 1109 1227 1178 μηδενὶ
1282 1110 1361 1171 εἰς
1410 1106 1580 1160 τόπον
1631 1104 1835 1169 ζῶντος

264 1202 599 1268 χειροτονεῖν
630 1198 792 1253 ἄλλον
818 1200 1069 1253 δεδόσθαι
1098 1200 1371 1264 ἐξουσίαν.
1407 1200 1483 1253 Οὐ
1513 1200 1622 1267 γὰρ
1652 1214 1836 1268 χειρο-

260 1292 413 1344 τονία
460 1292 724 1362 ἀδόκιμος
772 1292 870 1362 τὴν
910 1293 1081 1363 τιμὴν
1115 1292 1338 1346 δύναται
1388 1290 1689 1358 ἀφελέσθαι
1735 1287 1835 1342 τοῦ

266 1383 485 1453 ἱερέως*
535 1384 840 1455 ἐπειδήπερ
894 1385 1015 1437 οὐδὲ
1063 1385 1363 1446 ἐπίσκοπος
1416 1384 1641 1438 δύναται
1690 1378 1834 1436 εἰναι

262 1476 497 1539 ἐκεῖνος,
519 1475 579 1538 ὃς
605 1476 807 1539 ἀδίκως
830 1476 1274 1531 ὕποκαθίσταται
1295 1490 1310 1506 ⁸
1346 1478 1427 1530 ὅτι
1459 1477 1555 1530 καὶ
1585 1476 1714 1547 περὶ
1736 1477 1836 1545 τῆς

197 1574 209 1587 ⁵
258 1566 370 1618 τῶν
405 1566 656 1620 κανόνων
717 1568 1126 1637 παραφυλακῆς
1167 1567 1381 1629 τούτοις
1436 1566 1549 1619 δεῖν
1601 1564 1837 1618 ἕπεσθαι

260 1659 575 1730 γράφομεν,
624 1661 827 1719 οἵτινες
860 1662 917 1712 ὲν
949 1660 1159 1729 Νικαίᾳ
1202 1659 1342 1711 εἰσὶν
1394 1658 1729 1727 ὡρισμένοι·
1757 1653 1838 1719 οἷς

264 1755 451 1824 μόνοις
485 1755 691 1823 ὀφείλει
726 1754 1171 1823 ἐξακολουθείνή
1207 1752 1474 1823 καθολικὴ
1514 1753 1836 1821 Ἐκκλησῖα,

260 1847 359 1899 καὶ
408 1842 636 1909 τούτους
674 1844 992 1916 γνωρίζειν.
1049 1846 1109 1898 Εἰ
1160 1845 1217 1897 δὲ
1272 1846 1452 1916 ἕτεροι
1510 1846 1613 1898 ὑπό
1670 1863 1839 1898 τινων

1934 638 2100 711 416
2131 642 2322 704 fuisse,
2364 643 2457 697 sed
2490 643 2674 713 potius
2703 643 2945 699 vetuisse
2988 644 3372 713 cognovimus,
3437 660 3505 697 ne

1934 735 2022 788 cui
2050 735 2104 788 in
2134 736 2313 790 locum
2332 738 2568 791 viventis
2599 752 2698 807 per
2733 738 3133 792 ordinationem
3152 737 3331 800 ,ali-um
3373 738 3501 791 sub-

1934 828 2194 882 stituendi
2218 829 2287 883 sit
2304 838 2561 898 potestas.
2586 829 2806 900 Minime
2819 830 2966 884 enim
2984 831 3258 886 ordinatio
3276 831 3503 900 reproba

1937 919 2204 974 honorem
2240 921 2483 975 adimere
2518 923 2778 991 episcopo
2811 931 3023 991 potest:
3057 923 3504 991 quandoquidem

1938 1025 2116 1079 neque
2142 1013 2432 1081 episcOpus
2459 1013 2548 1067 ille
2581 1029 2702 1068 esse
2734 1023 2931 1083 potest,
2969 1014 3060 1082 qui
3084 1014 3269 1083 inique
3301 1015 3506 1069 substi-

1938 1103 2135 1157 tuitur.
2198 1105 2330 1158 Nam
2373 1116 2637 1175 quantum
2670 1109 2735 1160 ad
2781 1120 3054 1161 canonum
3101 1108 3505 1164 observantiam

1938 1196 2158 1259 attinet,
2195 1199 2500 1251 canonibus
2547 1199 2961 1268 obsequendum
3020 1216 3142 1255 esse
3194 1202 3508 1264 scribimus,

1939 1289 2031 1357 qui
2064 1289 2257 1344 Nicaea:
2297 1301 2426 1345 sunt
2454 1292 2699 1347 decreti:
2732 1308 2870 1363 quos
2899 1294 3044 1349 solos
3076 1296 3383 1349 consectari
3413 1297 3509 1349 de-

1939 1390 2026 1435 cet
2054 1381 2351 1436 Ecclesiam
2384 1385 2728 1446 catholicam,
2759 1395 2813 1439 et
2836 1400 2930 1439 eos
2951 1386 3003 1440 in
3024 1387 3260 1441 medium
3292 1378 3507 1441 afferre.

1942 1471 2040 1526 Sin
2075 1474 2166 1527 alii
2202 1490 2230 1527 a
2264 1475 2592 1543 quibusdam
2628 1477 3004 1546 proferuntur,
3028 1493 3054 1531 a
3086 1478 3321 1533 Nic-amis
3342 1495 3401 1533 ca
3447 1494 3512 1532 ο-

1940 1564 2107 1617 nibus
2151 1548 2525 1633 dissonantes,‘
2571 1576 2628 1622 et
2664 1569 2953 1624 ltmreticos
2978 1578 3233 1624 auctores
3274 1571 3515 1631 referen-

1942 1661 2042 1717 tes,
2082 1654 2117 1709 ii
2153 1668 2182 1707 a
2204 1656 2494 1710 catholicis
2528 1659 2803 1728 episcopis
2834 1660 3187 1729 rejiciuntur.
3215 1660 3483 1715 Ilcreiico
3510 1692 3515 1695 -

1945 1761 2064 1798 rum
2092 1761 2326 1814 namque
2356 1748 2576 1803 inventa
2601 1751 2892 1805 catholicis
2926 1753 3233 1806 canonibus
3251 1768 3355 1807 non
3384 1763 3513 1806 sunt

1940 1837 2304 1893 adnectenda.
2369 1842 2597 1910 Semper
2637 1843 2838 1897 etenim
2890 1844 2965 1897 illi
2998 1858 3094 1912 per
3131 1846 3403 1898 contraria
3459 1855 3513 1897 et

260 1940 691 2009 προσφέρονται,
728 1940 927 2000 οἵτινες
962 1940 1070 1993 ἀπὸ
1100 1939 1208 1991 τῶν
1244 1939 1490 1991 κανόνων
1517 1937 1624 1991 τῶν
1657 1941 1713 1990 ὲν
1742 1938 1837 1990 Νι-

1945 1930 2149 1983 nefaria
2177 1931 2421 1997 decreta,
2451 1932 2676 1988 Patrum
2703 1934 3053 1991 Nicmuorum
3086 1936 3375 1990 consilium
3408 1940 3515 1989 mi-

258 2034 395 2103 καία
416 2034 775 2103 διαφωνοῦσι,
805 2035 899 2088 καὶ
923 2035 1027 2087 ὑπὸ
1048 2035 1346 2105 αἰρετικῶν
1370 2034 1684 2101 ἐλέγχονται
1718 2050 1841 2085 συν-

256 2127 549 2197 τετάχθαι,
596 2128 743 2182 οῦτοι
797 2130 954 2198 παρὰ
1010 2130 1119 2181 τῶν
1173 2127 1478 2181 καθολικῶν
1520 2128 1840 2180 ἐπισκόπων

259 2222 690 2276 ἀποϐάλλονται.
753 2222 836 2273 Τὰ
895 2224 1004 2289 γὰρ
1044 2221 1150 2273 ὑπὸ
1182 2222 1291 2272 τῶν
1343 2220 1639 2290 αἱρετικῶν
1686 2221 1841 2289 εὗρε-

258 2316 445 2378 θέντα,
482 2313 656 2368 ταῦτα
686 2315 788 2367 οὐκ
809 2313 926 2365 ἐστι
956 2316 1070 2376 τοῖς
1100 2313 1413 2377 καθολικοῖς
1445 2314 1633 2365 κανόσι
1672 2328 1842 2380 προσ-

259 2406 481 2459 άπτειν.
515 2407 628 2460 Ἀεὶ
650 2406 760 2474 γὰρ
790 2405 878 2459 διὰ
907 2404 1017 2457 τῶν
1040 2403 1307 2457 ἐναντίων
1336 2403 1431 2456 καὶ
1463 2403 1718 2472 ἀθέσμων
1740 2404 1840 2475 τήν

255 2495 368 2548 τῶν
397 2496 456 2546 ἐν
486 2494 695 2565 Νικαίᾳ
746 2494 933 2563 μειοῦν
968 2493 1169 2563 βουλὴν
1217 2490 1514 2544 ἐθέλουσιν.
1564 2492 1639 2543 Οὐ
1676 2491 1840 2561 μόνον

254 2585 353 2643 οῦν
388 2590 627 2660 λέγομεν
675 2591 889 2652 τούτοις
945 2590 1021 2659 μὴ
1073 2589 1185 2641 δεῖν
1245 2586 1652 2652 ὲξακολουθεϊν,
1701 2586 1841 2641 ἀλλὰ

260 2683 468 2752 μᾶλλον
523 2682 725 2746 αὐτοὺς
766 2685 905 2752 μετὰ
954 2681 1253 2753 αἰρετικῶν
1310 2683 1406 2734 καὶ
1455 2678 1841 2751 σχισματικῶν

252 2777 554 2847 δογμάτων
580 2772 722 2829 εἶναι
758 2774 1197 2845 κατακριτέουςο
1228 2774 1483 2839 καθάπερ
1514 2778 1609 2830 καὶ
1640 2776 1839 2846 πρότε-

259 2887 355 2941 ρον
408 2871 639 2938 γέγονεν
698 2870 756 2920 ὲν
792 2872 855 2939 τῇ
895 2868 1134 2938 Σαρδικῆ
1170 2868 1375 2938 συνόδῳ
1432 2867 1539 2920 ὑπὸ
1582 2868 1690 2920 τῶν
1734 2869 1840 2935 πρὸ

258 2962 418 3031 ἡμῶν
450 2961 796 3016 ἐπισκόπων.
823 2962 902 3014 Τὰ
933 2962 1043 3031 γὰρ
1066 2960 1385 3033 πραχθέντα
1412 2962 1839 3030 κατακρίνεσθαι

259 3055 472 3123 μᾶλλον
526 3057 829 3124 προσῆκεν,
869 3054 900 3123 ἦ
955 3054 1217 3123 ἄντικρυς
1249 3054 1359 3106 τῶν
1414 3054 1656 3108 κανόνων
1686 3055 1840 3123 γενό-

259 3166 441 3217 μενα,
488 3149 637 3218 ἔχειν
686 3151 810 3203 τινὰ
842 3149 1194 3219 βεϐαιότητα,
1231 3148 1451 3218 ἀδελφοί
1490 3150 1833 3217 τιμιώτατοι.

254 3241 424 3294 Ἀλλὰ
481 3243 533 3294 τί
589 3243 732 3295 κατὰ
783 3244 894 3294 τῶν
946 3241 1208 3295 τοιούτων
1254 3242 1348 3295 νῦν
1400 3243 1457 3293 ἐν
1500 3243 1576 3312 τῷ
1607 3245 1908 3319 παρόντιρ

255 3334 602 3402 ποιήσομεν;
639 3330 949 3397 Ἀναγκαία
983 3332 1099 3382 ἐστὶ
1126 3330 1424 3398 διάγνωσις
1460 3332 1739 3401 συνοδικὴ,
1771 3336 1836 3404 ἣν

254 3426 350 3478 καὶ
393 3424 566 3476 πάλαι
600 3421 817 3492 ἔφημεν
850 3423 1303 3491 συναθροιστέαν.
1336 3424 1489 3492 Μόνη
1530 3425 1639 3493 γάρ
1684 3429 1837 3479 ἐστιν

251 3519 381 3588 ἥτις
418 3515 648 3568 δύναται
703 3515 803 3578 τὰς
834 3516 1081 3582 κινήσεις
1113 3513 1222 3566 τῶν
1246 3514 1508 3567 τοιούτων
1541 3518 1836 3568 καταστεῖ-

253 3609 347 3662 λαι
380 3607 751 3675 καταιγίδων·
797 3602 864 3677 ἦς
921 3607 1009 3659 ἵνα
1045 3605 1326 3676 τύχωμεν,
1373 3607 1647 3677 χρήσιμον
1698 3607 1836 3670 τέως

254 3698 656 3769 ὑπερτίθεσθαι
679 3698 775 3768 τήν
808 3697 1059 3767 ἰατρείαν
1094 3699 1159 3768 τῇ
1192 3697 1447 3768 βουλήσει
1470 3698 1565 3752 τοῦ
1594 3700 1835 3768 μεγάλου

253 3793 395 3845 Θεοῦ
442 3792 538 3846 καὶ
578 3791 674 3845 τοῦ
728 3790 969 3861 Χριστοῦ
1023 3790 1190 3844 αὑτοῦ
1236 3791 1332 3843 τοῦ
1382 3792 1594 3860 Κυρίου
1653 3793 1831 3861 ἡμῶν.

256 3887 447 3941 Πάντα
473 3888 576 3940 ὅσα
608 3885 703 3938 νῦν
734 3884 811 3953 τῷ
835 3884 1013 3955 φθόνῳ
1034 3883 1130 3938 τοῦ
1160 3884 1410 3937 διαϐόλου
1433 3885 1570 3955 πρὸς
1598 3887 1696 3957 τὴν
1725 3888 1835 3939 τῶν

256 3978 470 4032 πιστῶν
528 3977 865 4045 δοκιμασίαν
932 3978 1310 4046 τετάρακται,
1388 3976 1829 4046 πραῢνθῇσεται.

253 4069 425 4123 οὐδὲν
454 4069 752 4138 ὀφείλομεν
782 4071 849 4138 τῇ
897 4060 1219 4137 στερρότητι
1264 4069 1365 4137 τῆς
1409 4068 1643 4132 πίστεως
1684 4071 1834 4141 παρὰ

251 4158 349 4212 τοῦ
384 4159 594 4227 Κυρίου
631 4158 955 4212 ἁπελπίσαι.
992 4157 1103 4210 Καὶ
1138 4158 1246 4227 γὰρ
1303 4160 1461 4228 ἡμεῖς
1494 4160 1665 4213 πολλὰ
1714 4178 1835 4214 σκε-

251 4251 528 4321 πτόμεθα,
582 4251 640 4303 δν
696 4251 898 4321 τρόπον
943 4250 976 4320 ἡ
1014 4250 1234 4313 σύνοδος
1256 4253 1655 4320 οἰκουμενικῶς
1702 4271 1831 4307 συν-

251 4345 471 4415 αχθείη,
497 4346 649 4406 ὅπως
676 4346 742 4413 τῇ
779 4342 1034 4413 βουλήσει
1084 4341 1176 4394 τοῦ
1210 4344 1346 4396 Θεοῦ
1378 4348 1472 4397 καὶ
1495 4347 1831 4416 ταραχώδεις

250 4437 500 4506 κινήσεις
535 4433 873 4487 παύσωνται.
924 4434 1341 4502 ’Υπομείνωμεν
1383 4434 1476 4488 οῦν
1523 4434 1695 4499 τέως*
1738 4439 1831 4492 καὶ

248 4529 328 4599 τῷ
384 4529 557 4597 τείχει
611 4530 707 4596 τῆς
762 4525 1046 4594 ὑπομονῆς
1092 4526 1475 4597 ὀχυρούμενοι,
1516 4530 1830 4603 ἐλπίσωμεν

1945 2036 2115 2075 nuere
2140 2023 2459 2080 intendunt.
2480 2024 2829 2096 Quapropter
2860 2043 2968 2081 non
3024 2029 3201 2082 solum
3236 2030 3340 2083 hoc
3373 2030 3513 2084 dici-

1942 2126 2088 2175 mus,
2124 2112 2256 2167 istos
2289 2116 2627 2183 sequendum
2665 2132 2772 2169 non
2799 2132 2942 2182 esse,
2968 2133 3157 2172 verum
3190 2122 3357 2173 etiam
3386 2136 3511 2175 cum

1943 2203 2285 2259 luereticiset
2304 2208 2673 2263 scltismaticis
2697 2225 2791 2264 seu
2818 2210 3126 2266 dissidiosis
3168 2215 3513 2281 dogmatibus

1943 2296 2411 2351 condemnandum
2433 2316 2448 2352 :
2474 2300 2931 2368 quemadmodum
2954 2313 3113 2357 antea
3130 2302 3181 2355 in
3206 2303 3513 2361 Sardiccosi

1943 2387 2177 2441 concilio
2210 2387 2277 2441 ab
2300 2389 2597 2459 episcopis,
2645 2391 2736 2459 qui
2790 2406 2890 2445 nos
2918 2404 3344 2461 praecesserunt,
3396 2396 3511 2451 fac-

1947 2487 2060 2531 tum
2083 2486 2185 2532 est.
2220 2478 2354 2532 Nam
2383 2495 2504 2548 quae
2526 2480 2606 2534 sic
2637 2496 2925 2550 perperam
2955 2481 3511 2549 subintroducuntur,

1944 2570 2116 2642 magis
2184 2572 2446 2626 damnare
2491 2572 2769 2637 convenit,
2806 2588 2969 2639 quam
3038 2583 3095 2628 ut
3130 2589 3251 2643 qua:
3306 2576 3513 2630 directe

1944 2675 2133 2719 contra
2164 2680 2400 2720 canones
2427 2674 2773 2731 statuuntur,
2809 2667 3046 2747 aliquam
3081 2669 3343 2732 habeant,
3404 2670 3516 2723 fra-

1946 2767 2058 2812 tres
2119 2758 2587 2823 reverendissimi,
2666 2758 3004 2814 ﬁrmitatem.
3058 2758 3329 2814 Caeterum
3379 2761 3514 2832 quid

1942 2858 2134 2906 contra
2169 2850 2305 2905 istos
2340 2851 2393 2904 in
2421 2852 2717 2921 praesentia
2745 2851 3066 2922 agendum?
3125 2854 3385 2924 Synodali
3422 2871 3514 2908 oo-
3606 2902 3607 2905 η

1942 2944 2184 3015 gnitione
2210 2960 2453 3015 peropus
2482 2954 2585 3010 est,
2606 2961 2767 3014 quam
2798 2945 3002 3002 dudum
3021 2948 3185 3001 etiam
3211 2949 3511 3017 cogendam

1942 3053 2063 3093 esse
2089 3040 2427 3095 censuimus.
2463 3038 2589 3094 Sola
2632 3040 2776 3094 enim
2810 3040 2898 3095 illa
2935 3043 3123 3097 talium
3145 3042 3508 3111 procellarum

1943 3145 2124 3191 motus
2158 3139 2342 3206 sopire
2376 3146 2557 3207 potest
2589 3154 2603 3191 :
2634 3156 2796 3210 quam
2840 3149 2901 3195 ut
2942 3142 3319 3208 obtineamus,
3377 3143 3512 3198 utile

1941 3245 2086 3283 nunc
2114 3230 2303 3295 fuerit,
2329 3231 2654 3287 medicinam
2687 3243 2741 3289 et
2770 3250 2928 3305 opem
2981 3235 3121 3299 hanc
3166 3237 3233 3290 ad
3263 3220 3515 3291 volunta-

1944 3332 2048 3377 tem
2086 3327 2262 3394 magni
2299 3326 2392 3379 Dei
2422 3339 2475 3381 et
2504 3328 2709 3383 Christi
2740 3331 2879 3400 ejus,
2944 3330 3161 3385 Domini
3194 3332 3393 3394 nostri,
3426 3348 3513 3385 rc-

1939 3417 2102 3472 Iorre.
2142 3418 2336 3474 Omnia
2370 3438 2490 3490 qua:
2519 3423 2716 3478 diaboli
2748 3426 2972 3491 invitia,
3015 3426 3080 3479 ad
3138 3427 3378 3481 ﬁdelium
3415 3443 3512 3483 ex-

1938 3513 2303 3581 plorationem
2337 3526 2464 3568 sunt
2492 3519 2836 3585 perturbata,
2886 3520 3252 3589 pacabuutur.
3281 3521 3509 3576 Stabili-

1942 3614 2054 3658 tate
2098 3603 2225 3659 ﬁdei
2258 3606 2395 3659 nihil
2436 3622 2543 3661 non
2578 3624 2801 3679 sperare
2856 3628 2884 3664 a
2945 3612 3177 3666 Domino
3221 3613 3509 3669 debemus.

1935 3695 2045 3750 Nos
2075 3696 2295 3766 quidem
2355 3701 2592 3755 multum
2646 3704 3018 3761 deItbet'amus
3062 3716 3118 3761 et
3160 3707 3509 3777 dispicimus,

1937 3791 2214 3859 quomodo
2250 3795 2577 3849 universalis
2602 3798 2845 3867 synodus
2902 3815 3297 3872 congregetur,
3363 3805 3510 3860 utde

1939 3884 2219 3940 voluntate
2252 3887 2350 3942 Dei
2391 3891 2695 3945 turbulenti
2734 3894 2820 3947 isti
2860 3907 3040 3952 motus
3061 3912 3505 3967 compescautur.

1940 3979 2129 4049 Itaque
2162 3980 2373 4036 interea
2431 3986 2839 4055 sustineamus;
2890 4000 2947 4046 et
3013 3993 3292 4059 patientia:
3347 4010 3510 4051 muro

1937 4070 2361 4138 circumvallati,
2392 4075 2577 4129 omnia
2603 4078 2807 4133 auxilio
2836 4081 2934 4134 Dei
2966 4086 3141 4137 nostri
3194 4085 3508 4143 restitutum

1936 4162 2004 4216 iri
2075 4178 2379 4234 Speremus.
2428 4168 2775 4241 Qumcunque
2831 4188 2960 4227 vero
3024 4191 3120 4229 vos
3175 4179 3510 4235 sustinuisse

1936 4254 2253 4327 scripsiSIis,
2281 4274 2345 4312 ea
2378 4274 2599 4330 quoque
2624 4265 2805 4317 omnia
2832 4276 3016 4334 antea,
3048 4273 3299 4337 quamvis
3328 4273 3507 4326 diver-

1936 4349 2014 4402 sis
2047 4350 2281 4404 max‘ime
2303 4355 2667 4422 temporibus,
2695 4372 2724 4409 a
2745 4360 2970 4428 collegis
2992 4363 3191 4442 vestris
3207 4364 3503 4434 episcopis.

1937 4439 2237 4505 Demetrio,
2277 4442 2503 4514 Eulysio
2533 4454 2589 4501 et
2621 4446 2884 4513 Palladio,
2931 4454 3025 4521 qui
3056 4439 3285 4509 Romam
3335 4472 3505 4512 vene-

1939 4546 2090 4603 runt,
2122 4547 2178 4590 et
2233 4537 2521 4615 nobiseum
2556 4540 2805 4607 fuerunt,
2836 4549 3287 4614 percunctatione
3336 4566 3505 4606 accu-

249 4624 434 4674 πάντα
464 4623 528 4690 τῇ
558 4619 783 4690 βοηθείᾳ
804 4619 898 4671 τοῦ
926 4618 1062 4672 Θεοῦ
1087 4620 1243 4689 ἡμῶν
1273 4621 1826 4698 ἀποκατασταθῆναι.
1864 4610 1872 4664 Ῑ

1942 4640 2053 4683 rata
2071 4610 2449 4700 cognovimus.
2476 4652 2494 4685 ι
2540 4633 2703 4705 417
2734 4610 2858 4691 ιιευὲ
2886 4647 3035 4702 sunt,
3096 4656 3217 4710 qua:
3245 4642 3314 4697 ad
3344 4644 3506 4698 cleri-

248 4716 441 4767 Πάντα
473 4713 529 4765 δὲ
567 4713 668 4765 ὅσα
708 4714 851 4782 ὑμᾶς
878 4712 1213 4781 ὑφίστασθαι
1246 4715 1532 4785 εἰρήκατε,
1564 4721 1660 4774 καὶ
1695 4724 1828 4791 πρό-

244 4824 413 4876 τερον
445 4807 872 4876 συνδραμόντων
902 4806 981 4867 εἰς
1007 4806 1105 4876 τὴν
1151 4806 1370 4877 Ῥώμην
1402 4810 1510 4861 τῶν
1540 4813 1826 4885 ὑμετέρων

243 4899 567 4955 ἐπισκόπων
627 4900 676 4949 εἰ
716 4899 811 4950 καὶ
857 4898 926 4950 τὰ
975 4898 1211 4966 μάλιστα
1258 4899 1539 4970 διαφόροις
1588 4907 1823 4975 χρόνοις⁹

1934 4738 2030 4778 cos
2084 4727 2152 4778 ab
2194 4724 2515 4780 Innocentio
2559 4727 2699 4783 datae
2734 4729 2936 4786 littera:
2976 4735 3377 4790 continebant:
3433 4754 3502 4792 es

1933 4817 2134 4884 quibus
2159 4818 2416 4887 colligere
2444 4819 2591 4886 licet,
2618 4838 2739 4891 quae
2764 4822 2839 4877 illi
2877 4827 3150 4881 sententia
3169 4836 3226 4880 et
3256 4829 3501 4885 studium

1934 4914 2000 4967 de
2019 4909 2226 4967 Joanne
2255 4914 2441 4967 fuerit.

239 4995 863 5066 τουτέστιέᾹημητρίουν
896 4995 1160 5048 Εὺλυσίου
1212 4998 1307 5050 καὶ
1354 5000 1686 5069 Παλλαδίου,
1748 5011 1944 5074 οἵτινες
1991 5012 2111 5081 μεθ’
2143 4996 2518 5091 ήμῶνγ-ἦσαν,
2591 5012 2771 5083 τελεία
2839 5016 3107 5087 ἐρωτήσει
3176 5019 3505 5089 μεμαθήκα-

244 5112 372 5165 μενο
414 5112 433 5146 ⁸
473 5093 661 5147 Ταῦτα
696 5095 792 5146 καὶ
830 5095 899 5145 τὰ
957 5093 1094 5162 πίοδῖ
1135 5096 1260 5158 τοὺς
1303 5095 1607 5169 κληρικοὺς
1644 5103 2003 5176 διελάμϐανον
2032 5108 2376 5178 γράμματαο
2422 5110 2479 5175 ἐξ
2514 5104 2590 5164 ὧν
2646 5111 2901 5180 συνάγειν
2928 5113 3097 5179 ἔστιν,
3132 5116 3292 5167 ὁποία
3324 5134 3406 5178 τις
3436 5114 3502 5189 ἦν

238 5187 443 5258 ἐκείνῳ
468 5188 612 5256 ὑπὲρ
640 5187 887 5242 Ἰωάννου
915 5188 1107 5259 γνώμη
1144 5208 1201 5242 τε
1230 5193 1325 5245 καὶ⁸
1358 5196 1586 5267 σπουδή.

824 5304 1074 5356 ΚΕΦΑΛ.
1112 5304 1235 5359 AI".

234 5398 381 5469 Περί
414 5396 534 5452 τῶν
567 5399 634 5451 ἐκ
679 5396 904 5469 Ῥώμης
931 5397 1258 5469 πρέσϐεων,
1288 5399 1407 5454 ὅσα
1440 5407 1821 5459 πεπόνθασιν

454 5468 785 5531 ὑποϐολαῖς
823 5468 1123 5532 Εὺδυξίας
1163 5469 1260 5523 καὶ
1292 5470 1586 5527 Ἀττικοῦ.

308 5584 391 5639 Τὰ
432 5582 565 5651 γοῦν
604 5580 833 5635 τοιαῦτα
870 5581 1195 5649 γράμματα,
1232 5582 1313 5636 ἔτι
1352 5586 1407 5637 δὲ
1449 5590 1541 5639 καὶ
1583 5589 1681 5659 τὴν
1723 5590 1821 5659 τῆς

233 5680 460 5736 σδνόὸιιυ
492 5679 695 5746 ψῆφον,
726 5676 759 5745 ἠ
788 5675 874 5728 διὰ
903 5674 999 5744 τὴν
1034 5674 1285 5729 Ἰωάννου
1318 5678 1496 5731 αἰτίαν
1527 5684 1582 5732 ὲν
1620 5684 1823 5754 Ἰταλίᾳ

309 5819 385 5889 (I)
407 5818 644 5891 Sozam;
655 5831 733 5869 scr
750 5815 868 5891 ibit.
901 5814 1190 5891 episcenos
1208 5816 1493 5891 quinque,
1511 5826 1565 5873 et
1595 5820 1820 5891 presby-

231 5885 387 5947 teros
441 5890 581 5943 duo:
608 5887 867 5940 Ecciesia:
920 5885 1078 5939 Rom.
1109 5886 1174 5937 ad
1208 5887 1512 5943 Honorium
1569 5885 1623 5945 et
1652 5885 1817 5949 Arca-

484 5987 755 6046 I‘amot.
790 5988 881 6047 Gn
942 5984 1034 6042 CX
1053 5981 1171 6042 LVI

2461 5318 2689 5374 CAPUT
2736 5320 2973 5379 XXXIII.

1931 5406 2007 5460 De
2039 5407 2228 5477 {agatis
2264 5409 2428 5463 Roma
2462 5417 2657 5474 missis,
2693 5418 2875 5477 qualia
2911 5418 2947 5470 ii
2980 5417 3234 5474 Eudoxi!!!
3263 5435 3312 5476 et
3341 5428 3499 5481 Attici

2383 5487 2712 5551 suggestione
2746 5489 2848 5539 sint
2883 5491 3044 5555 passi.

1997 5596 2217 5652 Litterae
2250 5597 2379 5667 ipsa:
2428 5599 2565 5653 tales
2616 5600 2787 5656 fuere.
2836 5603 3062 5675 Insuper
3118 5624 3249 5663 vero
3306 5616 3495 5684 synodi

1924 5688 2151 5743 decreto
2186 5689 2285 5758 (I),
2314 5707 2434 5761 quae
2460 5692 2690 5748 Joannis
2713 5710 2873 5751 causa
2906 5696 2957 5751 in
2986 5698 3135 5755 Italia
3157 5714 3343 5759 coacta
3375 5707 3495 5767 fuit.

1924 5824 2075 5877 dium
2110 5839 2239 5913 esse
2282 5828 2681 5913 _missos,ﬂ_qui
2730 5834 2912 5888 locum
2944 5846 3250 5913 ct‘tempus
3304 5843 3495 5913 synodi

1925 5897 2183 5965 cogenda:
2205 5907 2484 5968 peterent,
2524 5897 2621 5959 lib.
2669 5921 2786 5972 vui,
2817 5921 2939 5976 cap.
2968 5910 3067 5961 ult.

2986 6002 3058 6065 33
