4248 6446
778 425 912 488 1035

1967 416 2370 478 NICEPHORI
2418 417 2753 477 C.-\l.LlS'I'[

3815 413 3947 473 1036

775 538 829 591 in
859 550 1052 589 manus
1080 544 1320 603 recepto,
1352 533 1443 587 Dei
1493 547 1677 585 amans
1713 530 1975 598 [Euiylius
2017 530 2305 584 Beneventi
2332 537 2379 593 Λ
2411 548 2441 583 σ

2273 530 2305 584 ti
2332 537 2379 593 Λ
2411 532 2667 597 σινέσττ,
2705 530 2805 582 ἀνά
2846 532 3026 599 χεῖρας
3068 528 3314 591 λαϐόντες
3359 529 3405 579 o!
3450 529 3571 596 περὶ
3608 527 3695 578 τὸν
3730 526 3950 593 Θεοφιὶῆ

773 628 1078 695 episcopus,
1108 625 1397 691 Cathegius
1454 634 1509 677 et
1530 622 1880 686 Gaudentius,
1909 635 2028 674 cum
2064 621 2307 675 Valentia

774 729 827 771 et
854 717 1129 773 Bonifacio
1163 716 1507 785 presbyteris,
1547 714 1713 766 Roma
1745 712 2055 782 Byzantium
2082 710 2304 780 profecti

774 821 915 865 sunt.
958 810 1331 878 Sequebantur
1354 822 1445 860 eos
1470 807 1723 877 Cyriacus
1753 815 1806 857 et
1840 804 2159 865 Demetrius,
2201 818 2303 856 una

774 919 894 956 cum
953 902 1189 956 Palladio
1251 910 1303 952 et
1356 899 1593 967 Eulysio,
1653 899 1741 965 qui
1798 895 2019 949 Joannis
2072 896 2304 964 partium

773 992 1000 1046 studiosi
1066 1006 1131 1044 eo
1186 1000 1463 1051 venerant,
1538 999 1589 1041 et
1655 989 1967 1057 tragoediam
2046 988 2302 1041 malbrum

774 1099 988 1137 omnem
1020 1082 1126 1134 illis
1166 1087 1543 1147 exposuerant.
1590 1078 1722 1131 Cum
1751 1090 1929 1131 autem
1965 1077 2017 1128 in
2047 1076 2303 1134 Graeciam

777 1172 1163 1241 pervenissent,
1225 1171 1277 1224 in
1338 1183 1528 1223 manus
1587 1168 1787 1221 tribuni
1835 1167 2151 1236 cujusdam,
2198 1154 2303 1234 qui

777 1268 995 1320 insidias
1020 1265 1098 1317 eis
1134 1263 1450 1327 tetenderat,
1480 1261 1804 1315 inciderunt.
1839 1260 1952 1314 Non
1980 1262 2120 1313 enim
2140 1260 2304 1312 latere

778 1370 1067 1425 potuerunt
1095 1357 1409 1410 feminarum
1437 1356 1723 1422 pessimam
1754 1351 2049 1407 Eudoxiam
2081 1352 2305 1420 legatio-

776 1452 859 1503 nis
889 1450 1004 1517 ejus
1040 1448 1307 1500 mandata.
1360 1445 1591 1512 thuod
1636 1459 1824 1497 eorum
1875 1443 2155 1497 sententiae
2209 1457 2303 1496 seu

771 1540 1022 1602 consilio,
1055 1538 1143 1606 qui
1174 1536 1498 1604 legationem
1530 1550 1647 1587 eam
1700 1533 1975 1597 miserant,
2012 1546 2125 1587 arte
2170 1547 2303 1601 qua-

772 1632 893 1683 dam
926 1632 1315 1689 adversaretur,
1348 1628 1591 1679 actiones
1611 1640 1796 1678 eorum
1826 1623 2110 1677 contrariis
2136 1626 2305 1675 actio-

772 1722 930 1773 nibus
976 1718 1254 1787 prrevenit.
1322 1716 1660 1785 Quapropter
1713 1714 2147 1767 Thessalonicam
2200 1713 2303 1767 illis

773 1810 978 1872 videre,
1020 1817 1181 1875 atque
1230 1820 1377 1873 papae
1427 1806 1653 1864 litteras,
1708 1819 1842 1871 quas
1892 1804 1956 1855 ad
2007 1805 2123 1872 ejus
2156 1803 2303 1857 urbis

773 1902 1084 1969 episcopum
1119 1898 1373 1965 Anysinm
1411 1894 1673 1953 ferebant,
1712 1893 1937 1946 reddere
1977 1894 2297 1962 permissum

774 2008 882 2044 non
914 1998 1019 2043 est.
1053 1986 1157 2041 Sed
1190 1986 1404 2039 duobus
1461 1984 1689 2053 navigiis
1724 1984 1980 2051 impositi,
2016 1994 2298 2052 postquam

774 2088 825 2137 in
853 2098 1017 2136 nnum
1036 2097 1098 2134 ex
1127 2078 1399 2133 suburbiis
1417 2077 2022 2144 Constantinopolitanm
2045 2078 2298 2143 civitatis,

773 2174 915 2242 quod
948 2170 1179 2238 Athyras
1233 2176 1476 2227 vocatur,
1532 2174 1915 2234 pervenerunt,
1953 2181 2050 2234 per
2085 2167 2191 2219 vim
2246 2166 2298 2220 in

773 2263 1072 2317 custodiam
1110 2269 1238 2313 sunt
1266 2258 1494 2324 conjecti
1532 2274 1544 2310 :
1600 2257 1799 2324 quibus
1848 2272 1943 2325 per
1973 2258 2299 2311 calumniam

772 2357 1043 2426 objectum
1077 2362 1179 2412 est,
1211 2350 1353 2419 quod
1385 2350 1640 2403 ditionem
1688 2350 1917 2402 alienam
1945 2349 2084 2417 ultra
2116 2349 2301 2401 termi-

774 2463 870 2502 nos
894 2462 1021 2499 suos
1052 2445 1346 2501 turbarent,
1372 2451 1422 2491 et
1455 2454 1575 2492 cum
1606 2436 1895 2493 Orientalis
1933 2440 2142 2507 imperii
2172 2453 2302 2491 con-

764 2538 993 2591 tumelia
1024 2535 1095 2589 ibi
1124 2534 1400 2587 adessent.
1450 2530 1677 2583 Romani
1736 2528 1916 2596 igitur,
1949 2539 2001 2580 et
2046 2527 2303 2597 Cyriacus

770 2633 1084 2699 episcopus,
1124 2625 1325 2694 quique
1355 2638 1474 2675 cum
1501 2636 1565 2674 co
1616 2631 1792 2685 erant,
1822 2621 2044 2672 seorsim
2072 2621 2301 2688 quisque

773 2725 823 2775 in
859 2719 1132 2775 custodias
1164 2716 1377 2773 inclusi,
1408 2712 1534 2765 ιονιί
1590 2722 1714 2763 sunt
1773 2721 1826 2762 ct
1853 2713 2109 2763 aerumnis
2136 2709 2303 2777 pluri-

771 2813 871 2864 mis
892 2809 1087 2869 ail‘ecti,
1126 2814 1183 2859 ut
1226 2805 1433 2858 litteras
1485 2802 1747 2869 “agitatas
1782 2799 2107 2869 proferrent.
2146 2800 2301 2853 Post-

770 2918 928 2972 quam
964 2911 1141 2954 autem
1179 2898 1253 2950 illi
1285 2912 1342 2949 se
1393 2910 1485 2947 eas
1539 2906 1644 2947 non
1712 2894 1860 2959 prius
1915 2890 2138 2945 daturos
2183 2904 2300 2943 esse

770 2999 1122 3057 allirinaruut,
1161 3003 1320 3059 quam
1364 2989 1750 3056 imperatorem
1779 2982 2063 3044 vidissent,
2116 2989 2302 3050 utpote

770 3088 834 3141 ad
873 3101 995 3140 eum
1031 3085 1213 3151 legati,
1245 3088 1516 3149 postremo
1553 3074 1798 3130 Valerius
1827 3073 2069 3141 quidam,
2117 3087 2179 3124 ex
2226 3072 2303 3123 fe-

773 3182 928 3230 ritate
959 3185 1010 3227 et
1046 3171 1326 3226 temeraria
1362 3168 1587 3222 audacia
1628 3179 1822 3217 nomen
1853 3172 1905 3216 et
1929 3161 2297 3215 celebritatem

770 3283 1063 3334 aucupans,
1086 3261 1322 3333 episcopi
1349 3262 1533 3323 unius,
1560 3258 1700 3328 apud
1724 3270 1880 3326 quem
1906 3255 2095 3308 littera:
2123 3263 2299 3315 erant,

770 3363 962 3431 pollice
993 3360 1183 3420 fracto,
1238 3355 1436 3423 scripta
1482 3353 1595 3420 ipsa
1652 3359 1704 3403 et
1754 3349 1966 3401 vascula
2019 3346 2298 3417 quaedam,

769 3454 952 3505 adhzec
989 3445 1250 3517 quidquid
1282 3445 1390 3498 luis
1425 3442 1490 3495 ad
1535 3457 1621 3495 res
1660 3440 1995 3494 necessarias
2039 3437 2302 3507 parandas

769 3541 1135 3612 cratargcnti,
1189 3538 1236 3591 ei
1270 3536 1473 3604 eripuit
1525 3534 1627 3587 :id
1684 3534 1825 3601 quod
1881 3532 1969 3586 ille
2025 3546 2132 3583 non
2168 3530 2301 3583 \sinc

772 3636 1005 3702 maligno
1036 3628 1260 3684 consilio
1290 3627 1439 3689 fecit,
1470 3633 1527 3678 ut
1551 3622 1852 3691 sumptibus
1886 3620 2143 3674 omnibus
2174 3634 2300 3687 spo-

772 3727 906 3787 liati,
968 3723 1143 3775 facere
1191 3717 1395 3785 aliquid
1449 3716 1546 3783 illi,
1602 3713 1741 3782 quod
1806 3712 2136 3781 prohibitum
2197 3720 2301 3774 est,

772 3813 1093 3869 necessitate
1119 3809 1487 3876 adigerentur.
1520 3806 1683 3877 418
1712 3804 1978 3857 Postridie
2028 3806 2145 3871 ejus
2193 3802 2301 3855 diei

772 3906 862 3961 alii
897 3898 1114 3975 piurimi
1151 3900 1373 3955 aﬂ‘ucre.
1417 3897 1528 3951 sive
1563 3896 1628 3949 ab
1659 3896 1772 3963 ipsa
1805 3896 2062 3956 Augusta,
2107 3908 2199 3946 seu
2238 3893 2302 3946 ab

773 4003 946 4055 Attico
979 3992 1127 4045 missi
1180 4007 1194 4043 :
1258 3989 1350 4057 qui
1407 3987 1473 4040 ab
1532 3985 1639 4038 illis
1689 3985 1982 4053 petierunt,
2015 3990 2074 4036 ut
2131 3984 2302 4035 tribus

774 4087 1013 4148 millibus
1046 4096 1388 4136 nummorum
1434 4091 1721 4131 aureorum
1767 4077 2022 4145 receptis,
2057 4090 2176 4128 cum
2214 4081 2305 4126 At-

772 4180 876 4233 tico
906 4173 1385 4233 communicarent,
1417 4168 1642 4224 Joannis
1669 4176 1847 4220 autem
1879 4180 2092 4220 causam
2128 4166 2302 4233 despi-

770 4278 972 4323 cerent.
1015 4268 1127 4319 Hoc
1185 4265 1259 4319 illi
1328 4277 1383 4316 se
1436 4261 1674 4315 facturos
1734 4274 1955 4328 prorsus
2014 4270 2295 4329 negarunt.

770 4347 975 4420 Αέοῑιίίι
1006 4360 1152 4415 enim
1210 4356 1472 4410 divinitus
1501 4352 1780 4420 quiddam,
1836 4352 1977 4419 quod
2007 4366 2125 4404 eam
2188 4366 2297 4403 rem

772 4450 1067 4519 prohibuit.
1104 4448 1235 4502 Nam
1280 4446 1371 4499 nni
1421 4460 1485 4498 ex
1542 4443 1755 4512 [EinyIii
1811 4443 2096 4504 diaconis,,
2137 4444 2299 4496 Paulo

2330 3186 2369 3240 C

2406 622 2685 691 Αίμύλιον,
2722 618 3036 673 Βενεϐενδοῦ
3067 619 3121 673 δέ
3154 613 3302 679 οὗτος
3335 619 3646 682 ἐπίσκοπος,
3683 604 3954 685 Κὸιθήγιόν

2405 730 2462 765 τε
2509 714 2601 767 καὶ
2645 713 2988 774 Γαυδέντιον,
3036 714 3132 765 σὺν
3177 712 3475 780 Οὐαλεντίῳ
3518 712 3610 764 καὶ
3655 711 3953 779 Βονιφατίῳ

2404 809 2514 868 τοῖς
2564 806 2968 873 πρεσϐυτέροις,
3020 806 3081 856 ἐκ
3118 802 3329 873 Ῥώμης
3381 805 3512 873 πρὶς
3560 804 3623 857 τὸ
3661 803 3950 865 Βυζάντιον

2405 899 2591 969 ᾔεσαν.
2638 899 2833 949 Εἵπετο
2876 897 2919 948 δ’
2951 897 3130 958 αὐτοῖς
3172 896 3440 963 Κυριακξς
3482 896 3573 947 καὶ
3613 898 3949 963 Δημήτριος,

2408 987 2617 1054 σύναμα
2672 986 2947 1053 Παλλαδίῳ
3000 986 3089 1038 καὶ
3140 985 3421 1053 Εὑλυσίῳ·
3476 985 3521 1037 οἳ
3572 986 3666 1052 τῆς
3706 986 3948 1037 Ἰωάννου

2408 1080 2622 1148 μερίδος
2664 1080 2833 1141 ὄντες,
2884 1080 3060 1129 ἐκεῖσε
3102 1077 3165 1145 δὴ
3212 1077 3593 1146 παρεγένοντο,
3643 1074 3730 1127 καὶ
3775 1076 3951 1128 πάντα

2406 1170 2629 1232 ἐκείνοις
2666 1170 3125 1239 ὲξετραγῴδησαν.
3168 1169 3291 1221 Ἀνὰ
3324 1168 3377 1221 δέ
3410 1167 3504 1237 τὴν
3542 1166 3763 1218 Ἐλλάδα
3796 1167 3949 1233 γενό-

2407 1279 2575 1331 μενοι,
2604 1262 2704 1314 ὑπό
2727 1279 2827 1313 τινι
2854 1260 3178 1329 ἐνεδρεύοντι
3206 1260 3311 1311 τῶν
3339 1260 3630 1328 χιλιάρχων
3656 1261 3733 1319 εἰς
3762 1261 3949 1327 χεῖρας

2404 1350 2779 1416 ἐμπίπτουσιν.
2817 1348 2949 1401 Οὐδὲ
2991 1349 3097 1418 γάρ
3139 1344 3204 1417 ἦν
3238 1349 3419 1401 λαϐεῖν
3451 1349 3545 1417 τὴν
3583 1349 3948 1416 πονηροτάτην

2404 1440 2673 1509 γυναικῶν
2707 1441 2959 1505 Εὺδοξίαν
2992 1442 3059 1494 τά
3090 1441 3187 1510 τῆς
3233 1440 3586 1511 στελλομένης
3631 1441 3945 1508 πρεσϐείας.

2415 1534 2871 1602 Ἀντιτεχνωμένη
2921 1533 2974 1585 δὲ
3019 1537 3080 1603 τῇ
3128 1534 3316 1604 γνώμῃ
3362 1534 3468 1585 τῶν
3514 1531 3948 1584 ἀποστειλάντων
4010 1560 4021 1571 -

2403 1624 2741 1694 προέφθανεν
2780 1624 3235 1694 ἀντιπράττουσα.
3280 1625 3675 1692 Θεσσαλονίκην
3721 1627 3817 1692 μέν
3857 1619 3951 1675 οὖν

2402 1716 2461 1768 οὐ
2499 1716 2834 1785 συνεχώρουν
2864 1715 3101 1777 ἐκείνους
3139 1716 3264 1767 ίδεῖν
3292 1729 3303 1743 ·
3339 1716 3452 1767 οὺδέ
3488 1716 3589 1785 γὰρ
3627 1718 3658 1769 ά
3694 1716 3825 1782 πρὶς
3858 1715 3949 1767 τον

2403 1807 2614 1870 ἐκείνης
2648 1805 2942 1858 ἐπίσκοπον
2984 1805 3221 1858 Ἀνύσιον
3256 1806 3348 1859 τοῦ
3386 1808 3581 1859 πάππα
3620 1808 3950 1875 ἐπεφέροντο

2404 1896 2724 1965 γράμματα,
2755 1897 2934 1949 δοῦναι
2963 1896 3108 1949 εἴων.
3138 1898 3268 1947 Δνσὶ
3295 1897 3468 1951 τοίνυν
3497 1898 3699 1958 πλοίοις
3729 1899 3947 1959 τούτους

2404 1988 2785 2051 ἐπιϐαλόντες,
2838 1989 2960 2039 ἐπεὶ
3010 1989 3064 2046 ἐς
3116 1990 3437 2056 προάστειον
3485 1991 3579 2058 τῆς
3633 1993 3869 2055 πόλεως,
3920 1991 3954 2043 ὅ

2415 2077 2643 2146 Ἃούρας
2674 2077 2947 2138 καλεῖται,
2980 2076 3236 2143 ἔφθανον,
3274 2077 3461 2142 βιαίως
3491 2075 3673 2147 εἶργον
3705 2082 3949 2148 φρουρᾷ,

2402 2167 2495 2221 ἁτε
2542 2167 2698 2236 δῆθεν
2746 2169 3032 2239 ὑπερόριον
3080 2172 3421 2238 ἐνοχλοῦντας
3469 2174 3671 2241 ἀρχὴν,
3720 2174 3815 2226 καὶ
3860 2174 3953 2225 ἐπὶ

2404 2258 2555 2328 ὕϐρει
2593 2261 2688 2327 τῆς
2723 2261 2905 2314 ἐνθάδε
2940 2260 3211 2328 βασιλείας
3248 2266 3663 2333 γεγενημένους,
3698 2264 3952 2333 διαϐολὴν

2403 2353 2823 2440 κατεσκεόαζον.
2856 2354 2919 2405 Of
2946 2370 3003 2405 τε
3037 2350 3130 2407 οὖν
3162 2354 3456 2422 Ῥωμαῖοι,
3490 2359 3583 2410 καὶ
3617 2339 3664 2410 οἱ
3699 2358 3827 2426 περὶ
3859 2360 3954 2410 τδν

2404 2446 2695 2503 ἐπίσκοπον
2721 2445 2996 2513 κυριακὸν
3017 2446 3417 2511 ἐγκλεισθέντες
3444 2451 3629 2517 χωρὶς,
3655 2449 3915 2517 ἡτάζοντο
3934 2490 3953 2515 ,

2404 2536 2495 2587 καὶ
2532 2536 2718 2596 δεινοῖς
2761 2535 3031 2598 πλείστοις
3073 2537 3509 2604 περιεϐάλλοντο,
3547 2542 3611 2592 τά
3649 2543 3955 2609 γράμματα

2402 2627 2808 2695 ἀπαιτούμενοι.
2844 2626 2929 2689 Ὠς
2967 2626 3010 2679 δ’
3039 2629 3233 2680 ἐκεῖνοι
3265 2627 3324 2679 τὸ
3360 2630 3432 2697 μὴ
3471 2630 3649 2683 δοῦναι
3683 2631 3955 2701 διισχυρί-

2402 2717 2549 2780 ζοντο
2584 2718 2871 2785 πρότερον,
2909 2719 2953 2767 εί
2987 2718 3060 2785 μὴ
3095 2718 3317 2785 βασιλέα
3349 2720 3661 2784 θεάσαιντο,
3694 2724 3957 2789 πρέσϐεις

2400 2810 2548 2870 ὄντες
2569 2849 2583 2871 ,
2612 2808 2759 2868 τέλος
2789 2806 3079 2878 Οὐαλέριός
3110 2827 3191 2872 τις
3221 2814 3283 2862 ἐκ
3312 2794 3608 2881 δηριωδῖας
3641 2816 3731 2865 καὶ
3767 2815 3957 2879 ἰταμό-

2399 2914 2556 2966 τητος
2586 2887 2752 2964 ὄνομα
2784 2897 2959 2966 ἐαυτῷ
2991 2899 3287 2966 περιθεῖναι
3318 2902 3659 2971 βουλόμενος,
3694 2905 3809 2965 ἐνὸς
3841 2907 3953 2959 τῶν

2403 2988 2713 3040 ἐπισκόπων
2737 2989 2826 3039 τὸν
2852 2989 3131 3058 ἀντίχειρα
3154 2991 3446 3056 διακλάσας
3475 2989 3657 3065 παρίἶ.»
3682 2999 3745 3049 τά
3770 3000 3952 3067 γράμ-

2409 3096 2546 3147 ματα
2566 3074 2651 3147 ἦν,
2670 3079 2803 3130 αὑτά
2821 3096 2877 3131 τε
2902 3080 3149 3146 ἀφείλετο
3170 3083 3234 3134 τά
3261 3086 3482 3149 πυκτία,
3504 3089 3591 3139 καί
3614 3107 3731 3141 τινα
3757 3091 3950 3160 σκεύη.

2404 3170 2491 3220 καὶ
2534 3170 2629 3221 ὅσα
2672 3170 2732 3239 δὴ
2784 3172 2914 3240 προς
2959 3170 3155 3239 ὢνησιν
3200 3174 3303 3226 τῶν
3352 3178 3665 3247 ἐπιτηδείων
3709 3184 3955 3252 ἀργύρια

2403 3257 2557 3332 ἦσαν,
2593 3263 2689 3313 οὐκ
2724 3263 2828 3315 ἄπο
2878 3263 2972 3315 καὶ
3004 3264 3158 3317 τοῦτο
3196 3272 3432 3338 πονηράς
3471 3271 3691 3341 γνώμης
3726 3276 3956 3344 διαπρα-

2404 3353 2663 3420 ξάμενος,
2697 3354 2782 3406 ἵνα
2808 3354 2914 3406 τῶν
2944 3357 3075 3423 πρὶς
3106 3358 3294 3425 χρείαν
3325 3360 3518 3423 ἐνδεεῖς
3548 3366 3916 3428 καταστάντες
3936 3408 3951 3429 ,

2403 3445 2603 3514 πρᾶξαί
2631 3463 2680 3497 τι
2708 3446 2816 3497 τῶν
2846 3448 3311 3517 ἀπηγορευμένων
3339 3453 3757 3519 ἀναγκασθεῖεν.
3786 3454 3864 3526 Τῇ
3894 3458 3953 3510 δὲ

2401 3531 2655 3600 ὑστεραίᾳ
2686 3532 2829 3584 ἄλλοι
2856 3551 2911 3584 τε
2944 3536 3183 3588 πλεῖστοι
3216 3538 3489 3608 παρῆσαν,
3521 3542 3615 3593 εἴτ’
3638 3545 3697 3595 ἐκ
3726 3545 3823 3613 τῆς
3854 3546 3956 3615 βα-

2403 3624 2612 3685 σιλίδος,
2648 3625 2754 3676 εἴτε
2788 3627 2877 3675 καὶ
2904 3626 3031 3695 παρ’
3058 3628 3216 3680 αὑτοῦ
3249 3630 3309 3699 δὴ
3343 3632 3677 3700 πεμφθέντες
3708 3635 3799 3687 τοῦ
3835 3638 3953 3689 Ἀτ-

2400 3714 2549 3765 τικοῦ
2577 3731 2587 3742 ·
2618 3713 2666 3765 οἳ
2695 3716 2785 3766 καὶ
2817 3716 3017 3780 ἠξίουν,
3050 3718 3373 3784 τρισχιλίους
3406 3718 3659 3781 λαϐόντας
3691 3723 3950 3790 χρυσοῦς,

2402 3803 2719 3868 κοινωνῆσαι
2755 3804 2851 3870 μὲν
2886 3804 3133 3874 Ἀττικῷ,
3164 3807 3261 3874 τῆς
3296 3807 3350 3859 δέ
3387 3809 3631 3863 Ἰωάννου
3663 3812 3817 3879 δίκης
3850 3830 3952 3867 κα-

2403 3898 2721 3963 ταφρονεῖν·
2768 3898 2890 3958 τοὺς
2932 3898 2982 3949 δέ
3029 3903 3255 3968 πάμπαν
3299 3905 3689 3975 ἀπαγορεῦσαι.
3738 3911 3950 3981 Συνέϐη

2404 3990 2508 4057 γάρ
2528 4005 2576 4040 τι
2610 3990 2701 4040 καὶ
2736 3988 2999 4056 Οειότερον
3036 3986 3239 4060 εἶργον,
3278 3996 3419 4061 μάλα
3447 3997 3544 4066 τὴν
3581 4001 3798 4066 πρᾶξιν.
3838 4002 3954 4055 Ἑνὶ

2402 4075 2507 4143 γάρ
2550 4076 2653 4126 τῶν
2699 4077 2959 4143 Αίμυλὶου
3005 4080 3295 4145 διακόνων,
3348 4084 3540 4155 Παύλῳ
3580 4088 3675 4157 τὴν
3721 4090 3950 4157 κλῆσιν,

2405 4166 2635 4235 σώφρονι
2664 4168 2753 4218 καὶ
2784 4168 2981 4235 μετρίῳ
3010 4170 3178 4237 ἀνδρὶ,
3205 4172 3293 4223 τὸν
3322 4175 3460 4227 θεῖον
3489 4179 3777 4231 ἀπόστολον
3811 4182 3953 4234 Παῦ-

2401 4260 2490 4308 λον
2515 4261 2839 4327 ἐπιφανέντα
2863 4264 3033 4313 εἰπεῖν
3058 4262 3267 4330 λέγεται
3289 4280 3301 4291 ·
3336 4286 3353 4318 ι
3389 4268 3621 4322 Βλέπετε
3651 4275 3765 4336 πίῦς
3792 4276 3952 4344 ἀκρι-

2403 4350 2510 4411 ϐῶς
2551 4354 2935 4419 περιπατεῖτεο
2970 4354 3024 4404 αί
3063 4355 3262 4423 ἡμέραι
3302 4357 3409 4427 γάρ
3454 4363 3715 4428 πονηραί·
3764 4382 3782 4413 ι
3823 4366 3954 4428 ἴσως

2401 4442 2497 4509 τὴν
2526 4442 2904 4511 ὑπεσχημένην
2933 4444 3146 4514 ἀπάτην
3172 4448 3451 4515 ἐπέχοντα.
3483 4448 3572 4518 Μὴ
3598 4454 3693 4519 τὴν
3722 4456 3951 4525 εἰσήγη-

771 4539 1009 4605 nomine,
1039 4541 1157 4592 viro
1188 4545 1334 4605 casto
1358 4546 1412 4590 et
1446 4534 1743 4599 moderato,
1784 4534 1962 4586 divum
1987 4533 2299 4600 Apestolum
2334 4511 2377 4567 Ῐ)
2408 4549 2448 4583 σε

2279 4548 2299 4584 rt
2334 4511 2377 4567 Ῐ)
2408 4549 2488 4585 σιν
2517 4536 2692 4587 τοίνυν
2724 4511 3151 4601 εἰσδεξαμένων,
3183 4511 3313 4590 ἀλλά
3346 4539 3443 4608 τὴν.
3472 4542 3526 4602 ἐς
3560 4511 3776 4612 ίνιὶλμην
3803 4511 3956 4598 ἀντί-

772 4636 1361 4702 Paulnmapparentem
1388 4626 1589 4680 dixisse
1619 4624 1800 4679 ferunt
1841 4640 1854 4676 :
1898 4643 1915 4674 ι
1956 4623 2145 4676 Videte
2170 4636 2296 4689 quo-

768 4727 925 4780 modo
966 4731 1213 4777 accurate
1246 4724 1361 4789 (seu
1392 4715 1801 4782 circumspecte)
1830 4712 2138 4779 ambuletis,
2186 4713 2303 4764 dies

758 4816 908 4869 enim
939 4815 1063 4867 mali
1114 4820 1272 4872 sunt;
1312 4827 1329 4859 ›
1392 4809 1709 4876 promissam
1752 4804 1890 4857 forte
1935 4802 2180 4857 fraudem
2224 4802 2301 4855 sic

770 4905 1117 4957 inhibentem.
1186 4898 1439 4953 Sedeniin
1472 4911 1592 4948 cum
1647 4896 1722 4947 illi
1756 4895 2167 4963 promissionem
2205 4908 2299 4947 seu

764 4996 1123 5049 tronilitionem
1153 4993 1387 5046 oblatam
1439 5005 1545 5042 non
1580 4989 1904 5056 reciperent,
1938 4987 2031 5041 sed
2063 4986 2296 5040 reditum

769 5091 820 5139 in
868 5088 1157 5138 ltomanam
1198 5088 1383 5137 urbem
1421 5079 1671 5147 precibus
1703 5087 1988 5145 peterent:
2028 5076 2296 5139 Valerius,

766 5177 856 5243 qui
905 5173 1178 5242 egregium
1215 5170 1346 5223 illud
1396 5168 1493 5220 viri
1541 5167 1729 5235 optimi
1772 5166 1984 5219 facinus
2027 5166 2079 5219 in
2106 5165 2298 5235 pollice

770 5265 1016 5337 patravit,
1045 5262 1107 5315 ad
1140 5262 1275 5313 male
1300 5258 1562 5328 agendum
1589 5272 1862 5319 strenuus,
1891 5259 2035 5326 putri
2064 5257 2296 5325 cuipiam

765 5370 816 5409 et
848 5363 1109 5409 vetustate
1145 5350 1391 5419 squalido
1430 5350 1640 5417 navigio
1685 5364 1777 5401 eos
1809 5349 2147 5411 commissos,
2179 5349 2296 5400 exi-

769 5447 895 5496 tium
930 5444 1008 5494 eis
1040 5449 1253 5493 struens
1277 5436 1545 5495 videlicet,
1596 5438 1815 5489 Romani
1869 5438 2067 5489 reverti
2111 5437 2295 5505 jussit.

758 5538 839 5587 'ltli
874 5550 993 5600 cum
1031 5548 1244 5586 summo
1285 5530 1523 5598 periculo
1574 5530 1904 5595 navigantes,
1945 5543 2083 5595 aegre
2138 5528 2298 5581 Latn-

768 5639 981 5692 psacum
1042 5624 1382 5692 appulerunt.
1436 5620 1563 5671 Ind:-
1621 5635 1738 5669 ll.t\l
1794 5628 2017 5681 mutata,
2060 5629 2294 5687 quatuor

767 5721 1034 5773 incitemus
1105 5716 1300 5783 elapsis
1374 5715 1592 5766 “aliialii
1672 5728 1985 5779 pervenere.
2054 5721 2108 5765 et
2158 5714 2297 5781 apud

768 5808 1129 5870 innocentium
1183 5808 1366 5873 papam
1403 5805 1671 5873 aigtlialitn
1727 5814 1844 5873 qum
1893 5807 1969 5857 eis
2021 5807 2291 5871 accidere,

2404 4624 2695 4675 ϐολούντων
2722 4624 3349 4696 ἐπάνοδον,.υύαλλέριος
3380 4632 3404 4680 ό
3436 4631 3492 4680 τὸ
3523 4632 3616 4682 τοῦ
3650 4633 3956 4703 ἁντίχειρος

2404 4714 2813 4783 ἀριστούργημα
2852 4716 3361 4785 διαπεπραγμένος,
3398 4719 3566 4780 δεινὸς
3607 4720 3680 4773 ὢν
3715 4724 3809 4775 καὶ
3856 4743 3957 4778 κα-

2402 4808 2699 4874 κουργῆσαι
2723 4801 2963 4875 ,σαπρῷ
2996 4823 3097 4859 τινι
3133 4809 3228 4859 καὶ
3259 4810 3591 4877 γεγηρακότι
3626 4812 3793 4884 πλοίῳ
3828 4818 3956 4869 τού-

2402 4911 2524 4955 τους
2554 4895 2868 4956 πιστεύσας,
2898 4896 2970 4958 ὠς
3003 4898 3066 4949 ἂν
3098 4899 3351 4967 πρόνοιαν
3383 4901 3659 4965 ἀπωλείας
3687 4920 3957 4974 πραγμα-

2401 4987 2689 5054 τευόμενος
2709 5026 2722 5049 ,
2753 4988 2888 5056 πρὸς
2916 4988 3012 5057 τὴν
3053 4981 3265 5059 Ῥιίὶμην
3294 4992 3592 5059 ἀνάγεσθαι
3630 4988 3951 5063 παρηγγύα.

2403 5078 2509 5130 Καὶ
2539 5076 2601 5145 δὴ
2632 5076 2705 5145 τῷ
2736 5078 2851 5148 πλῷ
2879 5082 2935 5130 ἐν
2969 5080 3080 5150 χρῷ
3113 5082 3352 5135 κινδύνου
3390 5083 3540 5150 μόλις
3567 5086 3630 5152 τῇ
3663 5086 3956 5154 Λαμψάκῳ

2402 5169 2688 5237 προσσχεῖν
2706 5168 2995 5236 ἐξεγένετο.
3012 5171 3251 5224 Ἐκεῖθεν
3263 5173 3314 5224 δὲ
3334 5173 3391 5224 τὸ
3408 5175 3630 5226 ἀκάτιον
3647 5177 3958 5246 ἀμειψάμε-

2401 5276 2499 5320 νοι,
2550 5262 2819 5326 τεττάρων
2869 5264 3276 5332 παρῳχηκότων
3331 5264 3535 5331 μηνῶν,
3568 5260 3688 5333 τὴν
3730 5268 3956 5337 Ῥώμην

2403 5351 2692 5401 κατέλαϐον
2720 5365 2731 5378 ⁸
2766 5353 2859 5403 καὶ
2896 5351 3219 5423 Ἔννοκεντίῳ
3249 5353 3325 5422 τῷ
3356 5356 3554 5425 πάππα
3586 5361 3956 5425 ἐμφανισθὲν-

2398 5460 2507 5504 τες,
2539 5444 2677 5493 κατὰ
2713 5444 2875 5512 μέρος
2906 5446 2972 5497 τά
3006 5445 3351 5513 συμπεσόντα
3388 5448 3742 5518 ἀνήγγελλον,
3782 5455 3954 5523 μηδὲν

2400 5533 2618 5595 εἰδότες,
2665 5534 2718 5586 εί
2758 5551 2807 5587 τι
2856 5536 2919 5604 δὴ
2962 5539 3072 5597 τοῖς
3123 5538 3244 5604 περὶ
3301 5540 3568 5605 κυριακὸν
3614 5543 3904 5609 ἐπεγένετο
3937 5562 3954 5575 ο

2400 5626 2531 5677 ἀλλὰ
2563 5626 2693 5694 μηδέ
2730 5630 2854 5695 περὶ
2881 5628 3125 5683 Ἰωάννου
3147 5669 3161 5694 ,
3193 5630 3219 5681 ὅ
3250 5646 3299 5682 τι
3328 5630 3390 5698 δὴ
3423 5632 3567 5701 αὐτῷ
3601 5636 3802 5701 συνέϐη
3843 5656 3955 5705 μαι

2401 5715 2510 5767 Οεῐν
2546 5718 2936 5785 ἐξισχύσαντες.
2974 5720 3040 5788 '_A
3075 5718 3137 5787 δὴ
3171 5722 3257 5772 τὸν
3293 5722 3495 5791 νωθρὸν
3524 5727 3810 5794 Ἀρκάδιον
3841 5729 3955 5779 διε-

2400 5807 2637 5876 λάμϐαε
2669 5812 2802 5872 τέως
2824 5851 2837 5875 ,
2870 5809 2941 5873 ὡς
2979 5808 3205 5880 ὕστερον
3239 5813 3443 5892 ὑπῆρξε
3485 5816 3693 5882 μαθεῖν.
3728 5819 3850 5874 ἐπὶ
3880 5820 3954 5891 δὴ
