4248 6446
317 428 451 491 104!

1228 414 1821 490 ECﬂLESlASTlCi
1858 422 2243 482 HISTORLE
2283 423 2425 484 LIB.
2461 423 2633 485 Xlll.

3412 424 3559 487 tm

314 547 465 615 ρείσς
508 549 726 621 ἐσχέθη.
756 551 1025 621 ’Ὕστερον
1059 550 1116 602 δὲ
1156 548 1315 609 αὐτὸς
1355 546 1451 599 καὶ
1486 544 1745 612 Ὀνὼριον
1778 542 1884 593 διε-
1908 542 1957 598 Α
1988 556 1991 591 l

1872 570 1884 581 -
1908 542 1957 598 Α
1988 538 2060 591 ris
2093 538 2192 605 ll).
2224 553 2292 594 ne
2331 547 2574 609 emptum
2629 537 2734 592 iter
2760 548 3209 609 persequeretur,
3239 539 3549 608 prohibitus

309 638 520 690 κώλυεν
568 643 648 703 εἰς
696 644 795 714 τὴν
847 642 1261 697 Κωνσταντίνου
1315 639 1575 708 μέλλοντα
1622 637 1880 704 ἐκδημεῖν

310 730 483 796 φειδοῖ
510 732 604 785 τοῦ
642 736 925 802 ἀδελφιδοῦ
948 777 961 798 ,
1000 735 1138 789 ὥστε
1174 733 1400 795 πιστοὺς
1432 732 1699 802 ἄρχοντας
1734 729 1881 799 αὐτῷ

308 825 651 890 καταστῆσαι
687 827 811 894 ἄρτι
845 826 1250 894 ὀρφανισθέντι.
1287 823 1481 884 Δεδιὼς
1517 824 1609 877 καὶ
1640 824 1748 891 γὰρ
1776 816 1877 892 ἦν,

312 916 385 985 μή
418 932 467 968 τι
498 917 585 969 διὰ
615 920 673 970 τδ
697 920 798 987 τῆς
829 920 1043 989 ἡλικίας
1073 920 1258 979 ἀτελὲς
1288 919 1449 972 πάθοι
1479 920 1506 971 6
1536 919 1660 978 παῖς
1692 916 1879 969 Θεοδό-

310 1024 445 1072 σιος.
472 1010 715 1063 Ἑκώλυε
755 1012 852 1079 μὲν
880 1012 972 1065 οὖν
1000 1014 1206 1066 ἐκεῖνον
1227 1051 1241 1073 ,
1276 1013 1574 1078 ἀναγκαῖον
1601 1009 1774 1075 λέγων
1803 1005 1879 1061 el-

308 1116 395 1149 ναι
429 1098 611 1167 μένειν
642 1101 702 1152 ιν
725 1101 929 1167 Ἰταλία
958 1101 1049 1154 διὰ
1075 1103 1175 1169 τὴν
1206 1099 1434 1168 ἔναγχος
1464 1099 1755 1170 τυραννίδα
1785 1115 1878 1166 γε·

278 1188 620 1261 ’γενημένην
657 1194 715 1245 ἐν
757 1193 1070 1264 ’Δριηλάτῳ
1096 1194 1246 1263 παρὰ
1282 1194 1377 1247 τοῦ
1417 1192 1826 1246 Κωνσταντίνου
1855 1207 1869 1225 ·

305 1282 469 1342 αὐτὸς
502 1281 557 1335 δὲ
592 1284 789 1348 πείσας
824 1288 917 1340 καὶ
945 1284 1171 1355 θάτερον
1199 1285 1308 1338 τῶν
1340 1287 1634 1355 σκήπτρων
1663 1284 1871 1351 λαϐὼν,

303 1370 333 1423 ὅ
364 1358 603 1441 λάδαρον
637 1372 895 1442 Ῥωμαῖοι
928 1373 1187 1441 καλοῦσι,
1218 1375 1489 1446 τέσσαράς
1515 1392 1575 1428 τε
1604 1391 1873 1444 στρατιω-

303 1460 414 1511 τῶν
442 1462 712 1530 ἀριθμοὺς
742 1464 1001 1534 είληςιὼς,
1031 1466 1165 1535 πρὸς
1189 1466 1246 1519 δὲ
1274 1466 1367 1519 καὶ
1395 1467 1696 1535 γράμματα
1724 1466 1875 1534 βασι-

302 1549 439 1613 λέως
464 1552 561 1619 τὴν
587 1554 673 1605 ἐπ’
693 1556 962 1626 ἀνατολῆς
987 1556 1168 1623 ἄφιξιν
1193 1559 1578 1623 ἐπιτρέποντα.
1604 1557 1706 1626 ἤδη
1739 1558 1872 1625 πρὸς

299 1643 368 1709 τῇ
411 1643 575 1713 ἐξόδῳ
614 1639 705 1714 ἦν.
739 1646 932 1715 Φήμης
971 1647 1027 1700 δὲ
1068 1651 1505 1719 περιηχηθείσης
1544 1649 1620 1713 ὡς
1653 1648 1729 1717 τῷ
1771 1648 1871 1717 υἱῷ

300 1733 553 1803 Εὖχερίῳ
574 1775 589 1797 ,
624 1740 1029 1807 συνεργούντων
1060 1742 1167 1794 τῶν
1198 1743 1254 1796 ἐν
1284 1742 1510 1810 δυνάμει
1530 1781 1545 1804 ,
1578 1744 1869 1810 τυραννίδα

300 1823 664 1895 καθίστησιν,
698 1830 757 1881 ἐν
794 1831 981 1884 στάσει
1018 1833 1076 1885 τὸ
1120 1836 1511 1903 στρατιωτικὸν
1546 1836 1866 1903 γενόμενον,
1902 1874 1942 1929 Β

298 1915 496 1983 πρῶτα
530 1921 627 1987 μὲν
659 1921 932 1975 κτείνουσι
963 1924 1053 1976 τὸν
1083 1925 1182 1994 τῆς
1219 1926 1447 1989 Ἰταλίας
1485 1928 1577 1980 καὶ
1614 1929 1865 1981 Γαλατῶν

300 2005 569 2077 ὕπαρχον,
599 2013 693 2063 καὶ
719 2014 911 2078 ἄλλους
943 2015 1229 2083 βασιλικὰς
1260 2020 1436 2087 ἀρχὰς
1467 2022 1867 2091 ἐπιτετραμμέ-

299 2112 445 2158 νους.
490 2098 566 2150 Ού
613 2100 792 2169 πολλῷ
830 2103 874 2154 δ’
902 2103 1131 2174 ὕστερον
1172 2108 1321 2175 παρὰ
1361 2109 1468 2161 τῶν
1512 2111 1568 2161 ἐν
1605 2110 1865 2180 Ῥαϐέννῃ

298 2189 650 2253 στρατιωτῶν
679 2194 774 2244 καὶ
804 2194 966 2257 αὐτὸς
996 2198 1307 2267 ἀναιρεῖται
1338 2200 1604 2270 Στελίχων
1628 2218 1643 2231 ο
1675 2201 1866 2256 ἔπειτα

295 2277 354 2328 δὲ
386 2280 478 2332 καὶ
508 2282 535 2332 6
562 2281 750 2335 τούτου
783 2286 894 2349 υἱός
925 2289 1184 2357 Εύχὲριος
1216 2292 1515 2346 κτίννυται.
1546 2295 1609 2345 Οἱ
1645 2294 1742 2362 μὲν
1772 2290 1865 2346 οὖν

296 2369 440 2423 οὕτω
489 2374 837 2442 φωραθέντες
884 2380 1143 2444 κακόνους
1192 2378 1333 2434 εἶναι
1381 2383 1459 2451 τῷ
1508 2384 1719 2453 βασιλεί
1762 2382 1863 2440 ὦδε

300 2463 617 2518 ἀπώλοντο·
666 2471 803 2536 μετὰ
845 2471 901 2523 δὲ
945 2472 1045 2541 τὴν
1087 2474 1294 2527 τούτων
1340 2476 1620 2544 ἀναίρεσιν
1663 2478 1721 2529 τὸ
1769 2479 1864 2532 σὺν

297 2554 528 2620 ἐκείνοις
569 2560 879 2629 βάρϐαρον,
914 2564 990 2632 τῷ
1032 2566 1418 2635 προειρημένῳ
1455 2567 1754 2638 Ἀλλαρίχῳ
1788 2570 1863 2635 τῷ

296 2642 480 2711 Γότθῳ
533 2646 832 2716 συμμίξαν,
881 2649 981 2718 τὴν
1025 2651 1244 2722 Ῥώμην
1293 2655 1550 2725 ἐπειρᾶτο
1602 2657 1858 2721 πορθείνο

294 2733 487 2790 ἔπειτα
515 2743 644 2809 περὶ
673 2742 900 2811 εἰρήνης
928 2743 1246 2814 Ἀλλαρὶχου
1278 2748 1415 2816 πρδς
1443 2749 1699 2819 Ὀνώριον
1727 2749 1861 2819 πρέ-

296 2828 447 2889 σϐεις
479 2831 811 2898 πέμψαντος,
842 2836 962 2888 ἐπεὶ
990 2837 1357 2906 ἀπετύγχανε,
1387 2839 1617 2901 πολλοὺς
1645 2843 1738 2892 καὶ
1769 2842 1862 2895 ἄλ-

292 2918 421 2981 λους
454 2920 764 2993 βαρϐάρους
796 2927 1131 2995 ἐπαγαγὼν,
1163 2930 1263 2998 τὴν
1298 2929 1519 2997 Ῥώμην
1547 2931 1700 2995 αὖθις
1733 2937 1860 2986 ἐπο-

291 3008 503 3078 λιόρκει
542 3016 1008 3085 παρακαθήμενος
1032 3036 1046 3051 ’
1084 3024 1179 3073 καὶ
1215 3022 1306 3074 τὸν
1340 3024 1583 3093 ποταμὸν
1616 3024 1860 3094 Θύμὸριν

295 3102 534 3171 συοχὼν,
577 3104 635 3165 6;
681 3108 768 3159 διὰ
815 3110 981 3176 μέσου
1026 3112 1136 3180 ῥέει
1179 3112 1277 3182 τῆς
1325 3114 1552 3179 πόλεως,
1600 3115 1856 3170 διεκώλυε

1984 638 2089 683 est.
2158 630 2362 685 Deinde
2397 645 2529 684 vero
2563 639 2619 686 et
2673 628 2864 685 Stilico
2901 630 3201 686 llouorium
3236 633 3542 700 impedivit.

1983 725 2285 796 quominus
2340 726 2877 791 Constantinopolim
2929 737 3156 795 propter
3208 726 3398 780 fratris
3445 726 3541 778 lilii

1984 835 2171 874 curam
2206 821 2556 880 concederet.
2597 833 2654 873 ut
2700 820 2892 874 tideles
2934 820 3220 889 prrefeetos
3250 820 3299 880 ei
3332 820 3541 874 consti-

1981 918 2181 973 tueret,
2212 910 2304 979 qui
2334 925 2442 963 non
2476 909 2549 962 ita
2578 908 2790 979 pridem
2824 909 3063 978 pupillus
3106 908 3281 963 factus
3318 907 3489 968 fuerat
3527 925 3544 959 τ

1980 1003 2185 1056 veritus
2228 1002 2441 1058 scilicet
2485 1001 2602 1066 ille,
2662 1018 2728 1056 ne
2764 1011 2992 1071 propter
3026 1009 3270 1059 teneram
3320 1011 3537 1054 :etateru

1979 1093 2327 1149 Theodosius
2393 1109 2532 1163 puer
2591 1092 2806 1147 adversi
2872 1092 3172 1162 quidquam
3236 1101 3533 1161 pateretur.

1979 1186 2236 1256 lmpediit
2288 1186 2433 1240 hunc
2488 1184 2657 1256 igitur
2714 1185 2928 1249 Stilico,
2962 1184 3274 1239 necessario
3301 1200 3426 1239 cum
3483 1185 3534 1237 in

1978 1277 2131 1332 Italia
2180 1293 2402 1332 manere
2434 1276 2636 1333 debere
2667 1277 2883 1338 dicens.
2947 1288 3173 1347 propter
3227 1277 3531 1346 proximam

1977 1370 2316 1440 tyrannidem
2341 1371 2481 1440 apud
2504 1371 2771 1425 Arelatem
2793 1386 2821 1423 a
2841 1368 3200 1424 Constantino
3218 1371 3533 1425 excitatam.

1975 1463 2090 1517 lloc
2127 1479 2251 1517 cum
2302 1463 2376 1516 illi
2429 1462 2818 1531 persuasisset,
2876 1463 3108 1516 alterum
3159 1477 3226 1515 ex
3280 1464 3532 1527 sceptris.

1973 1570 2069 1609 seu
2089 1555 2304 1608 vexillis
2338 1555 2543 1622 potius,
2564 1554 2817 1622 arripuit,
2842 1553 2984 1622 quod
3022 1553 3252 1607 Romani
3283 1553 3531 1607 labarum

1971 1656 2214 1700 vocant:
2266 1646 2541 1714 simulque
2597 1654 2836 1715 quatuor
2880 1645 3115 1698 militum
3169 1645 3419 1708 ordines.
3478 1653 3534 1697 et

1975 1738 2320 1807 imperatoris
2349 1739 2577 1803 litteras,
2608 1738 2811 1805 quibus
2839 1738 2889 1791 ei
2930 1736 3196 1805 profectio
3228 1736 3529 1792 Orientalis

1974 1830 2413 1898 permittebatur,
2459 1830 2697 1898 accepit,
2737 1838 2904 1897 atque
2938 1829 2992 1881 in
3029 1828 3437 1896 expeditionem
3473 1844 3535 1883 se

1971 1922 2143 1977 dedit.
2180 1922 2281 1977 Ubi
2320 1938 2450 1976 vero
2470 1922 2621 1975 fama
2652 1921 2952 1984 iucrcbuit,
2990 1919 3338 1991 tyrannidem
3373 1920 3526 1974 illum

1972 2016 2083 2069 ﬁlio
2112 2015 2412 2077 Eucherio,
2441 2012 2948 2083 eisadjuvantibus
2971 2011 3222 2082 quicum
3254 2021 3529 2081 potestate

1969 2107 2112 2175 apud
2152 2107 2327 2175 ipsum
2363 2112 2541 2169 erant,
2574 2119 2799 2173 parare;
2835 2104 3059 2166 milites,
3092 2105 3361 2160 seditione
3413 2120 3530 2158 mo—

1969 2213 2042 2266 ta.
2075 2203 2311 2270 primum
2371 2201 2536 2255 Italia:
2582 2208 2634 2254 et
2665 2199 2851 2255 Gallia:
2883 2200 3225 2270 praefectum.
3282 2201 3539 2269 aliosque-

1966 2296 2168 2364 quibus
2203 2294 2543 2363 imperatorii
2580 2293 2929 2362 magistratus
2972 2292 3248 2347 commissi
3284 2292 3524 2355 fuerant,

1968 2396 2232 2441 necarunt
2263 2405 2276 2441 :
2306 2385 2509 2440 deinde
2552 2387 2714 2454 paulo
2756 2394 2877 2451 post
2926 2385 3207 2439 Ravennae
3252 2401 3281 2439 a
3336 2385 3526 2439 militi-

1966 2476 2069 2531 bus
2102 2486 2155 2530 et
2190 2476 2304 2544 ipse
2354 2475 2565 2538 StiliCO.
2617 2491 2743 2529 mox
2778 2474 2943 2528 etiam
2991 2475 3134 2535 ﬁlius
3166 2476 3284 2546 ejus
3317 2474 3526 2531 Euche-

1968 2570 2078 2622 rius
2107 2568 2389 2637 jugulatus
2418 2576 2523 2621 est.
2572 2566 2751 2636 Atque
2801 2566 2892 2621 isti
2937 2568 3186 2635 quidem,
3232 2568 3377 2636 quod
3423 2571 3522 2623 ad-

1965 2680 2159 2717 versus
2178 2664 2567 2732 imperatorem
2587 2662 2937 2731 conspirasse
2960 2663 3287 2732 deprehensi
3316 2672 3519 2725 essent,

1963 2757 2028 2809 ad
2069 2756 2213 2808 hunc
2246 2757 2466 2808 modum
2497 2756 2777 2809 interiere.
2823 2754 2950 2808 Post
2979 2770 3172 2808 eorum
3226 2764 3407 2809 autem
3442 2756 3523 2808 iu-

1965 2847 2207 2909 teritum,
2238 2847 2331 2914 qui
2376 2862 2498 2899 eum
2555 2846 2663 2901 illis
2714 2846 2932 2900 fuerant
2979 2848 3214 2909 barbari,
3271 2850 3319 2902 ei
3353 2863 3516 2917 quem

1960 2940 2198 2993 diximus
2230 2939 2484 2993 Alaricho
2515 2938 2718 2995 Gottho
2754 2940 3059 3004 conjuncti,
3096 2942 3321 2994 Romam
3353 2958 3523 3011 expu-

1960 3047 2129 3101 gnare
2168 3033 2404 3101 aggressi
2457 3040 2605 3085 sunt.
2650 3032 2729 3085 lbi
2783 3032 3071 3086 Alariehus
3113 3034 3180 3087 de
3226 3050 3356 3101 pace
3399 3050 3521 3088 ora-

1964 3134 2109 3178 tores
2141 3123 2206 3178 ad
2244 3124 2541 3177 llonorium
2568 3126 2714 3180 misit
2746 3144 2759 3179 :
2794 3142 2957 3195 quam
2995 3127 3084 3180 ubi
3116 3143 3223 3181 non
3250 3128 3514 3190 obtinuit.

291 3194 466 3264 ταύτῃ
493 3196 600 3248 τῶν
626 3201 947 3269 ἐπιτηδείων
970 3206 1067 3271 τὴν
1094 3206 1301 3258 εἴσοδον
1327 3209 1390 3259 ἐκ
1423 3208 1627 3277 Πὸρτου
1657 3211 1854 3279 ἁνάγε-
1882 3215 1925 3274 C
1959 3230 1968 3267 :

1835 3240 1854 3251 -
1882 3215 1925 3274 C
1959 3215 2080 3268 aliis
2109 3230 2329 3283 quoque
2363 3216 2549 3271 multis
2597 3194 2847 3271 barbaris
2886 3218 3162 3279 adductis.
3212 3218 3512 3273 Romanam

296 3286 443 3340 σθαι.
500 3290 771 3356 Μέγιστον
821 3295 868 3346 δ’
897 3298 925 3347 6
976 3298 1180 3365 Πόρτος
1226 3299 1326 3367 τῆς
1369 3300 1585 3371 Ῥώμης
1635 3303 1856 3373 νεώριον

291 3380 446 3445 τρισὶ
485 3380 668 3448 λιμέσι
712 3390 1218 3459 περιγραφόμενον,
1264 3394 1357 3445 καὶ
1399 3395 1475 3456 εἰς
1521 3398 1721 3466 μικρᾶς
1764 3400 1859 3451 πό-

294 3468 433 3531 λεως
474 3476 931 3543 παρατεινόμενον
966 3480 1196 3548 μέγεθος
1238 3481 1412 3548 (οὓτω
1448 3485 1553 3552 γὰρ
1586 3485 1644 3537 τὺ
1678 3487 1856 3538 ἐκεῖσε

295 3561 532 3614 ἐπίνειον
571 3562 831 3635 Ῥωμαῖοι
865 3568 1145 3640 καλοῦσι).
1185 3572 1359 3641 Λιμοῦ
1394 3574 1439 3625 δ’
1466 3575 1855 3645 ἐπιγενομένου

294 3656 361 3722 τῇ
400 3657 592 3707 σπάνει
623 3657 733 3709 τῶν
766 3661 1100 3727 ἀναγκαίων,
1134 3664 1269 3728 πρὸς
1301 3665 1357 3718 δὲ
1389 3667 1484 3719 καὶ
1515 3667 1725 3737 λοιμοῦ,
1761 3669 1854 3721 καὶ

293 3745 404 3802 τῶθ
449 3747 650 3804 δούλων
700 3751 800 3820 ἤδη
854 3753 988 3822 πρὸς
1026 3752 1340 3824 Ἀλλαριχον
1389 3757 1850 3825 αὐτομολούντων,

291 3844 467 3897 ἐδόκει
498 3844 647 3897 θύειν
681 3851 812 3898 πᾶσι
846 3850 1010 3909 ναοῖς.
1044 3848 1277 3903 Θοῦσκοι
1307 3850 1363 3903 δέ
1395 3868 1540 3913 τινες
1575 3854 1851 3923 μετακλη-

294 3931 518 3996 θέντες,
571 3934 931 4004 ὑπισχνοῦντο
983 3940 1249 4005 σκηπτοῖς
1298 3955 1403 3991 τισι
1458 3941 1550 3992 καὶ
1603 3942 1852 4011 βρονταῖς

291 4027 420 4087 τοὺς
476 4024 788 4094 βαρϐάρους
841 4025 1049 4079 ἐκεῖθεν
1102 4028 1369 4083 ἐλαύνειν.
1425 4030 1693 4099 Εἵργαστο
1743 4034 1851 4103 γὰρ

289 4115 448 4167 τοῦτο
481 4115 665 4177 αὐτοῖς
699 4117 792 4168 καὶ
828 4119 956 4185 περὶ
990 4116 1142 4169 πόλιν
1173 4117 1360 4187 ἄλλην,
1392 4120 1628 4190 Λαρνίαν
1656 4123 1846 4191 ὄνομα,

287 4207 357 4277 ἢν
389 4208 489 4275 οὐχ
522 4200 666 4259 εἷλεν
700 4207 1015 4277 Ἀλλάρικος
1048 4211 1281 4279 παριών.
1317 4211 1391 4263 Οὐ
1432 4212 1538 4281 μὴν
1572 4211 1779 4283 ὤνησεν
1814 4217 1847 4285 ἡ

284 4300 509 4369 τοιαύτη
560 4300 793 4354 ἐπίνοια.
825 4300 980 4353 Ὅσοι
1024 4302 1133 4370 γὰρ
1180 4302 1240 4355 εὖ
1287 4297 1431 4373 εἶχον
1480 4306 1844 4373 φρονήματος,

284 4392 429 4443 κατᾶ
464 4391 626 4460 μῆνιν
660 4390 809 4444 θείαν
838 4394 1007 4445 ταῦτα
1039 4392 1366 4447 πεπονθέναι
1403 4395 1703 4463 Ῥωμαίους
1737 4398 1848 4448 ἐνό-

284 4482 441 4552 μιζον
478 4487 544 4553 τῇ
588 4485 754 4555 πολλῇ
799 4487 1051 4557 ῥαστώνῃ
1091 4492 1184 4541 καὶ
1228 4487 1493 4558 ἀκολασίᾳ
1535 4490 1599 4558 ῆν
1639 4490 1846 4541 ἐπεδεί-

1961 3305 2146 3358 urbetu
2195 3304 2413 3358 obsedit
2453 3324 2465 3357 :
2520 3315 2574 3359 ct
2622 3305 2863 3360 Tiberim
2911 3322 3125 3359 amnem
3162 3306 3236 3374 (Ξ)
3275 3311 3367 3375 qui
3420 3322 3516 3373 per

1960 3397 2151 3450 urbem
2182 3396 2416 3455 mediam
2454 3395 2593 3460 ﬂuit,
2625 3396 2893 3451 cohibens
2923 3399 3021 3465 (5),
3057 3414 3122 3451 ne
3156 3413 3242 3451 res
3268 3413 3517 3452 necessa~

1958 3488 2052 3541 riae
2109 3502 2174 3541 ex
2224 3498 2388 3556 portu
2450 3488 2504 3541 in
2558 3487 2749 3542 urbem
2808 3489 3255 3556 importarentur.
3312 3490 3512 3547 eﬂeeil.

1958 3581 2156 3636 Portus
2202 3591 2386 3635 autem
2434 3582 2734 3635 maximum
2784 3583 2975 3637 navale
3023 3584 3390 3639 Romanorum
3431 3596 3515 3638 est

1956 3672 2057 3740 (sic
2088 3674 2232 3726 enim
2294 3673 2371 3726 illi
2421 3674 2642 3726 navium
2678 3677 2975 3727 stationem
3024 3676 3344 3744 appellant).
3405 3686 3514 3729 tres

1955 3764 2164 3818 habens
2220 3776 2513 3833 receptus,
2570 3766 2933 3834 amplitudine
2987 3784 3206 3836 parvam
3270 3768 3519 3824 referens

1955 3856 2168 3909 urbem.
2187 3855 2347 3926 [‘22
2368 3855 2501 3910 Cum
2526 3856 2688 3926 igitur
2715 3873 2946 3911 annona:
2979 3860 3229 3926 penuria,
3249 3861 3416 3914 fames
3434 3861 3510 3931 (4)

1953 3949 2113 4002 simul
2148 3959 2204 4003 et
2250 3949 2423 4018 pestis
2456 3959 2645 4003 exorta
2678 3960 2844 4011 esset.
2881 3962 2934 4004 et
2963 3953 3071 4021 jam
3104 3955 3244 4006 servi
3289 3954 3353 4005 ad
3394 3956 3511 4008 Ala-

1953 4041 2165 4096 richum
2203 4042 2627 4111 transfugerent.
2656 4042 2912 4098 Romanis
2935 4032 3282 4100 senatoribus
3310 4047 3511 4102 Grecae

1953 4135 2386 4202 superstitionis,
2421 4145 2479 4189 ut
2524 4136 2577 4188 in
2615 4136 2886 4205 Capitolio
2919 4147 2973 4191 et
3008 4140 3224 4206 templis
3254 4142 3509 4195 omnibus

1950 4227 2214 4280 sacrificia
2281 4226 2493 4293 ﬁerent,
2557 4228 2782 4296 placuit.
2831 4228 3004 4282 Acciti
3068 4241 3249 4284 autem
3305 4232 3503 4285 Tuusei

1948 4318 2196 4385 quidam.
2240 4320 2444 4372 tonitru
2486 4332 2539 4373 et
2586 4320 2912 4374 fulminibus
2956 4337 3013 4374 se
3068 4322 3329 4377 barbaros
3380 4325 3505 4377 inde

1948 4410 2307 4479 propulsuros
2338 4424 2459 4463 esse
2495 4411 2720 4479 polliciti
2760 4424 2909 4465 sunt.
2944 4410 3074 4465 Nam
3112 4414 3162 4466 id
3209 4414 3283 4467 illi
3315 4415 3377 4467 ad
3411 4432 3507 4468 ur-

1950 4503 2070 4556 bem
2131 4504 2314 4569 aliam,
2370 4507 2457 4558 cui
2511 4521 2709 4560 nomen
2774 4506 2986 4559 Laruize
3047 4508 3146 4575 (5),
3209 4508 3498 4562 fecerant:

280 4594 511 4641 κνυντο,
545 4577 619 4638 ὡς
655 4580 746 4630 καὶ
784 4578 945 4632 αὐτόν
982 4580 1098 4631 ποτ’
1135 4580 1451 4651 Ἀλλάριχον
1484 4582 1630 4635 τουτὶ
1666 4600 1844 4650 ¹παρα·
1876 4567 1957 4649 οε

1825 4611 1844 4621 ·
1876 4567 1920 4622 D
1947 4611 2109 4664 quam
2146 4598 2334 4649 urbem
2378 4597 2672 4653 Alaricbus
2720 4600 2997 4653 obsessam
3038 4616 3144 4652 non
3183 4602 3325 4669 cepit
3357 4622 3369 4655 :
3409 4603 3502 4654 sed

276 4668 471 4733 δεῖξαι.
512 4669 726 4741 Ἀγαθῷ
762 4670 869 4739 γάρ
900 4687 1007 4723 τινι
1043 4672 1197 4741 ἀνδρὶ
1232 4673 1583 4745 παραινοῦντι
1621 4674 1840 4745 Ῥώμης

280 4761 584 4831 φείδεσθαι,
619 4764 712 4815 καὶ
746 4763 821 4833 μὴ
852 4765 1026 4817 αἴτιον
1054 4765 1328 4820 τοσούτων
1357 4768 1544 4821 κακῶν
1573 4768 1841 4833 γίνεσθαι,

276 4857 489 4907 ἐκεῖνον
535 4857 696 4922 φάναι
746 4856 997 4923 λέγεται,
1060 4858 1135 4922 ὡς
1191 4878 1209 4910 ι
1238 4859 1388 4913 ἄκων
1436 4861 1715 4914 ἐπιϐάλλει
1765 4861 1841 4930 τῷ

276 4947 463 5016 ἔργῳ’
510 4966 529 4999 ι
573 4948 813 5017 συνεχῶς
857 4951 966 5017 γάρ
1011 4967 1133 5003 τινα
1175 4953 1540 5021 ἐπικείμενον,
1584 4953 1839 5024 ἐνοχλεῖ·,·,

275 5042 377 5109 τὴν
411 5042 635 5111 Ῥώμην
665 5045 908 5114 πορθεῖν.
942 5046 1007 5098 Ὃ
1039 5047 1131 5098 κα).
1161 5047 1410 5115 ἐποίησε.
1447 5047 1579 5100 Τότε
1616 5048 1713 5117 μὲν
1745 5045 1840 5101 οὖν

275 5135 534 5204 χρήματα
560 5134 763 5197 λαϐὼν,
791 5137 891 5203 τὴν
918 5136 1236 5205 πολιορκίαν
1260 5138 1457 5204 διέλυε,
1490 5141 1837 5210 συνθεμένων

282 5225 603 5293 Ῥωμαίων,
636 5226 857 5296 βασιλέα
890 5229 1100 5282 πείθειν
1130 5232 1207 5294 εἰς
1242 5232 1466 5302 εἰρήνην
1495 5232 1658 5285 αὑτὸν
1688 5233 1838 5302 δέχε-

271 5315 421 5368 σθαι.
466 5317 574 5369 Καὶ
618 5317 913 5388 πρεσϐείας
957 5320 1277 5390 γενομένης,
1314 5323 1362 5374 οἱ
1399 5324 1658 5376 τάναντία
1702 5340 1834 5392 φρο-

344 5480 427 5553 (ll
452 5477 718 5553 Similiter
749 5479 864 5553 hate
895 5480 966 5553 ita
995 5481 1256 5537 dicuntur
1298 5484 1439 5553 apud
1486 5484 1635 5539 Paul.
1682 5486 1830 5539 Diae.

265 5548 338 5604 de
358 5548 485 5618 ipso
511 5550 801 5604 Alarieho:
830 5550 932 5616 Qui
964 5566 1089 5605 cum
1118 5548 1401 5609 discedere
1424 5556 1704 5619 voluisset,
1729 5555 1836 5609 llo-

266 5620 414 5703 niti-ii
442 5619 647 5703 litteris
680 5630 1061 5703 retentusest,
1091 5624 1235 5677 sicut
1265 5624 1379 5703 ipse
1408 5625 1691 5703 coniessus
1721 5634 1829 5703 est.

340 5688 417 5752 (2)
442 5686 780 5744 Sozomenus
809 5690 1118 5744 Alariehum
1141 5686 1449 5758 praesidium
1470 5694 1700 5749 militum
1728 5695 1833 5750 frc-

266 5773 447 5828 queus
472 5760 537 5810 ad
572 5774 788 5814 amnem
830 5759 1067 5814 Tiberim
1100 5763 1393 5817 collocasse
1438 5762 1590 5817 dicit.

341 5827 417 5897 (3)
450 5827 687 5898 Συσλὼν,
746 5846 905 5884 amne
937 5842 1224 5901 occupato.
1276 5833 1491 5889 Sozom.
1528 5835 1828 5902 ἐπιστήσας

1945 4688 2234 4741 consilium
2284 4700 2636 4765 ereptumque
2688 4690 2737 4743 id
2793 4692 2994 4745 frustra
3050 4692 3170 4745 fuit.
3220 4692 3499 4762 Siquidem

1943 4782 2035 4851 qui
2087 4792 2290 4835 rectam
2340 4782 2665 4837 obtinebant
2715 4794 2974 4848 mentem,
3027 4786 3267 4840 vindicta
3314 4789 3499 4841 divina

1943 4871 2221 4925 Romanos
2251 4874 2364 4926 haec
2389 4873 2495 4941 pati
2532 4874 2937 4939 existimarunt,
2988 4885 3212 4944 propter
3248 4878 3499 4943 iungentes

1940 4961 2188 5027 delicias,
2249 4972 2304 5018 et
2356 4979 2492 5033 quas
2537 4965 2872 5019 exhibebant
2922 4967 3203 5021 libidines.
3240 4969 3295 5021 l.l
3350 4972 3496 5036 quod

1940 5054 2231 5123 aliquando
2274 5056 2389 5122 ipse
2441 5072 2657 5123 quoque
2705 5056 2998 5110 Alariehus
3049 5061 3312 5112 ostendit.
3358 5062 3490 5115 Nam

1943 5146 2086 5198 bono
2127 5146 2341 5201 cuidam
2374 5147 2512 5216 ,ιιι-ο
2555 5148 2632 5216 (6)
2679 5164 2800 5201 eum
2851 5151 3157 5204 cohortanti
3203 5161 3260 5205 ut
3312 5154 3494 5209 Roma:

1938 5249 2207 5307 parceret.
2248 5255 2425 5308 neque
2478 5248 2555 5293 tot
2606 5243 2876 5295 malorum
2929 5245 3350 5308 auctor‘ﬁeret.
3406 5249 3493 5301 di-

1940 5330 2082 5383 xisse
2134 5329 2331 5393 fertur,
2379 5332 2657 5384 «invitum
2717 5348 2775 5387 se
2822 5348 2940 5387 eam
3001 5351 3111 5389 rem
3182 5340 3425 5407 aggredi.
3466 5360 3484 5391 ι

1936 5483 2167 5554 τύϐριδκ

2008 5557 2083 5623 (4)
2114 5558 2262 5611 Adeo
2293 5557 2466 5633 fames
2496 5559 2674 5611 Romze
2710 5561 2956 5624 invaluit,
2991 5574 3047 5616 ut
3095 5564 3341 5615 homines
3393 5581 3491 5633 pro

1937 5625 2499 5699 frumentoeastaneis
2528 5642 2827 5683 uterentur.
2847 5633 3125 5685 Creditum
3152 5649 3364 5699 quoque
3386 5625 3490 5695 est,

1933 5695 2194 5765 quosdam
2222 5697 2469 5749 lunnauis
2497 5700 2752 5753 carnibus
2780 5717 2881 5751 non
2904 5695 3255 5756 abstinuisse.
3280 5695 3491 5761 Sozam.

2003 5766 2080 5828 (5)
2121 5765 2345 5818 Videtur
2383 5767 2690 5832 legendum,
2725 5768 2966 5823 Nuruiu'.

2007 5838 2079 5899 (ti)
2126 5833 2412 5888 Monach!»
2431 5838 2645 5890 Sozam.
