4248 6446
310 433 446 496 1045

1226 449 1815 509 ΕΒΟΗῧΞΙᾹΞΤΙΟίΕ
1852 453 2231 513 ΗΙΞἸὈΙὶΙιΕ
2267 454 2410 515 LIB.
2456 455 2624 515 Xlli.

3425 462 3555 527 i046

304 548 382 601 ὢν
433 549 845 624 ’Λλλαρίχῳίιὰ
874 560 1149 629 προτέραν
1207 562 1426 633 ἔχθραν,
1473 569 1613 634 ἀμφὶ
1673 586 1887 635 τριακο-
1919 576 1957 629 Α

1877 598 1887 605 -
1919 576 1957 629 Α
1994 570 2065 620 ita
2106 579 2163 622 ut
2193 570 2428 640 quisque
2456 587 2618 640 quem
2651 583 2811 628 antea
2840 574 3127 629 habuisset
3157 576 3420 631 honorem
3457 582 3554 634 ob-

304 643 457 704 σίους
487 644 628 713 ἔχων
657 646 845 713 εὖνους
866 651 1018 722 αύτῷ
1046 655 1135 706 καὶ
1167 656 1309 723 μάλα
1343 659 1617 724 ἀρίστους,
1650 659 1873 726 λογιστὲ-

304 750 470 800 μενος
505 738 577 807 μὴ
617 740 795 813 ἐαυτῷ
828 760 890 811 γε
923 748 1193 800 συνοίσειν
1223 750 1321 814 τὰς
1353 752 1553 820 μεταξὺ
1590 752 1875 822 Ῥωμαίων

302 827 397 878 καὶ
462 828 676 884 Γότθων
737 836 1004 903 σπονδὰς,
1057 839 1317 910 ἐξαπίνης
1370 844 1725 913 προσϐαλὼν,
1776 847 1875 897 οὒκ

300 918 519 987 ὀῖθίγους
544 924 655 976 τῶν
707 924 1028 1001 Ἀλλαρίχου
1064 935 1264 987 κτείνει
1298 952 1311 965 ·
1349 938 1632 1006 κρατήσας
1690 957 1748 992 τε
1806 942 1871 1009 τῇ

304 1010 451 1083 μάχῃ
489 1056 503 1075 ο
557 1017 655 1083 τῆς
724 1020 1020 1094 Ῥαϐέννης
1078 1027 1394 1084 ἀποδιὼκει.
1465 1031 1770 1102 Περιοργὴς
1819 1033 1873 1084 δὲ

298 1104 595 1171 γενόμενος
626 1108 655 1161 ὁ
684 1110 1023 1183 Ἀ).λάριχος,
1049 1119 1472 1187 περικαθεσθεὶς
1508 1123 1607 1192 τὴν
1653 1123 1874 1192 Ῥώμην

300 1194 493 1265 ἴσχυσε
528 1201 788 1275 προδοσίᾳ
819 1206 960 1259 ἑλεῖν
992 1225 1005 1239 ·
1043 1211 1138 1263 καὶ
1165 1214 1281 1275 τοῖς
1314 1213 1404 1265 ὑπ’
1460 1215 1621 1267 αὑτὸν
1654 1216 1871 1269 ἐκέλευε

294 1290 716 1361 τὶινΪΡωμαίων
753 1298 984 1353 πλοῦτον
1044 1304 1339 1371 ἁρπάζειν.
1371 1307 1446 1372 ὡς
1497 1308 1747 1378 δύναμις,
1780 1310 1873 1362 καὶ

293 1379 580 1447 ληῖζεσθαι
608 1388 735 1450 τοὺς
790 1390 975 1457 οἴκους
1024 1396 1228 1461 αὐτοῖς,
1266 1398 1427 1467 μόνον
1474 1401 1671 1454 ἄσυλον
1731 1397 1869 1457 εἶναι

293 1478 683 1563 προστεταχὼς
712 1482 805 1536 τὸν
832 1487 961 1555 περὶ
997 1488 1095 1559 τὴν
1119 1490 1271 1543 θείαν
1301 1494 1459 1563 σορὸν
1487 1496 1579 1547 τοῦ
1634 1499 1870 1551 ἀποστό-

292 1562 387 1615 λου
417 1565 628 1635 Πέτρου
659 1573 811 1637 νεὼν,
863 1575 1037 1644 μέγαν
1067 1596 1123 1632 τε
1147 1581 1294 1642 ὄντα,
1346 1585 1440 1637 καὶ
1470 1586 1634 1641 πολὺν
1690 1590 1869 1659 χῶρον

291 1659 799 1728 περιλαμῦἀνοντα.
829 1668 892 1720 '0
938 1669 1001 1740 δὴ
1034 1675 1127 1724 καὶ
1175 1675 1348 1729 αἴτιον
1385 1680 1625 1749 κατέστη
1657 1681 1752 1734 τοῦ
1792 1682 1868 1753 μὴ

289 1747 461 1817 ἄρδην
497 1752 681 1806 πᾶσαν
710 1755 1011 1812 ἀπολέσθαι
1046 1762 1144 1831 τὴν
1190 1763 1433 1836 Ῥώμην.
1470 1771 1532 1822 Oi
1568 1747 1675 1840 γάρ
1710 1747 1867 1826 ἐνθᾰι-ἰ

290 1839 347 1890 δε
384 1847 711 1916 συῤῥυέντες
738 1850 816 1921 τῷ
843 1852 954 1906 δέει
997 1856 1207 1923 (πολλοὶ
1239 1860 1292 1912 δὲ
1344 1857 1527 1931 ἦσαν),
1572 1866 1712 1918 αἰδοῖ
1772 1867 1863 1921 τοῦ

1987 661 2189 713 tiucret
2235 670 2289 714 et
2344 661 2686 732 dignitatem.
2756 666 2974 719 Attalus
3021 667 3096 735 (l)
3130 668 3194 719 ad
3237 667 3420 721 intima
3457 671 3555 722 tri-

1985 752 2207 807 bunalis
2238 754 2499 809 subsellia
2533 755 2767 822 positus,
2804 757 2893 810 ubi
2923 772 2981 812 se
3012 758 3243 813 lionorii
3296 763 3552 827 potestati

1985 845 2257 913 permisit,
2292 856 2481 914 postea
2527 847 2749 901 duobus
2800 857 3011 903 tantum
3039 850 3229 920 digitis
3274 852 3325 905 ei
3358 868 3552 922 ampu-

1986 936 2134 1000 tatis,
2162 938 2216 991 in
2250 937 2503 1008 Liparam
2555 941 2793 995 insulam
2826 940 3173 1010 deportatus,
3230 944 3549 1012 Adanlphus

1983 1046 2011 1083 a
2055 1030 2309 1084 familiari
2360 1033 2597 1098 quodam
2654 1048 2754 1086 suo
2800 1048 2936 1087 ense
2979 1044 3261 1103 postremo
3324 1048 3552 1092 necatus

1983 1132 2085 1177 est.
2149 1124 2442 1179 Alarichus
2494 1133 2678 1179 autem
2742 1142 2852 1181 non
2910 1128 3085 1181 multo
3143 1140 3264 1197 post
3321 1132 3549 1199 Alpibus

1983 1216 2161 1283 (locus
2212 1218 2257 1271 is
2305 1218 2529 1273 circiter
2562 1221 2844 1289 sexaginta
2890 1221 3063 1275 stadia
3095 1238 3123 1276 a
3165 1222 3419 1277 Ravenna
3464 1240 3549 1278 est

1982 1310 2142 1363 situs)
2207 1310 2517 1379 occupatis,
2569 1312 2637 1367 de
2686 1328 2821 1380 pace
2872 1328 2993 1367 cum
3048 1314 3379 1384 imperatore
3412 1319 3547 1387 egit.

1982 1401 2043 1455 Et
2102 1402 2273 1456 Sarus
2336 1402 2583 1471 quidam,
2619 1404 2713 1471 qui
2754 1414 2876 1471 post
2927 1404 3251 1460 Stiliconcm
3303 1409 3549 1477 prmiccii

1982 1495 2242 1548 militaris
2271 1495 2593 1565 dignitatem
2631 1498 2699 1552 ab
2727 1497 2975 1551 Honorio
3001 1508 3315 1566 acceperat,
3341 1502 3393 1553 in
3427 1510 3548 1554 arte

1979 1587 2174 1641 bellica
2224 1604 2439 1643 summe
2476 1590 2850 1651 exercitatus.
2888 1600 2941 1646 et
2974 1592 3232 1647 Alaricho
3285 1593 3387 1662 ipsi
3426 1611 3550 1662 pro-

1978 1688 2098 1747 pter
2144 1680 2358 1747 priores
2411 1681 2733 1736 inimicitias
2783 1694 3098 1750 suspectus,
3130 1687 3276 1754 quod
3318 1686 3548 1741 minime

1975 1769 2081 1822 sibi
2142 1770 2288 1824 bono
2342 1771 2523 1824 futura
2589 1787 2711 1827 esse
2765 1784 2924 1841 pacta
2975 1774 3119 1829 inter
3162 1776 3443 1831 Romanos
3492 1788 3548 1830 et

1973 1862 2210 1918 Gottbos
2266 1864 2474 1918 fmdera
2524 1865 2921 1928 arbitraretur,
2985 1870 3211 1923 circiter
3270 1880 3547 1925 trecentos

291 1933 596 1987 ἀποστόλου
630 1940 1053 2010 περισωθέντες,
1088 1947 1252 1999 πάλιν
1300 1950 1397 2018 τὴν
1432 1952 1585 2005 πόλιν
1637 1953 1867 2024 ᾠκισαν.
1905 1939 1943 1993 Β

1905 1939 1943 1993 Β
1974 1957 2056 2009 sui
2087 1957 2367 2011 studiosos
2400 1960 2547 2011 τινος
2578 1957 2914 2014 lortissimos
2956 1975 3146 2014 secum
3180 1961 3411 2027 habens,
3450 1978 3544 2017 su-

290 2023 530 2090 Ἐκείιος
564 2029 642 2091 δὲ,
676 2033 744 2086 τὰ
792 2036 933 2089 κατὰ
982 2040 1319 2109 Καμπανίαν
1350 2045 1695 2116 ληϊζόμενος,
1729 2051 1868 2117 νόσῳ

289 2121 598 2189 φθείρεται.
639 2126 761 2178 Τῶν
787 2129 841 2182 δὲ
875 2130 1168 2205 βαρϐάρων
1226 2142 1635 2210 σπεισαμένων,
1705 2144 1870 2196 ’0νώ-

292 2230 405 2281 pro;
446 2216 669 2287 Ῥώμην
694 2224 988 2288 συνοικίζει
1016 2228 1124 2280 τῶν
1153 2230 1362 2284 πολλῶν
1390 2234 1575 2286 κακῶν
1604 2236 1869 2306 ἀνασχού-

289 2320 390 2355 σλν
417 2324 429 2335 ·
466 2301 526 2359 οὗ
562 2310 627 2379 δὴ
660 2313 951 2383 γενόμενος
976 2316 1259 2386 βασιλεὺς,
1293 2324 1384 2376 τὸν
1432 2325 1636 2395 ταύτης
1694 2345 1869 2380 συνοι-

287 2398 487 2464 γισμδν
517 2404 611 2453 καὶ
640 2406 785 2473 χειρὶ
837 2408 933 2461 καὶ
999 2411 1215 2485 γλώττῃ
1278 2415 1479 2479 ἱκανῶς
1528 2422 1865 2489 συνεκρότει.

285 2489 378 2540 ἐ-Σν
412 2487 455 2559 ᾧ
490 2494 553 2564 δὴ
584 2497 813 2568 πολέμῳ
836 2504 973 2569 γυνή
998 2520 1081 2566 τις
1104 2504 1164 2558 εὖ
1230 2508 1378 2575 μάλα
1408 2487 1708 2578 διαγέγονεή
1744 2532 1868 2566 τεκ-

286 2582 487 2673 μήριον
524 2586 784 2653 μέγιστον
814 2593 1171 2665 σωφροσύνης
1211 2596 1647 2671 ὲπιδεδειγμένη.
1681 2602 1867 2673 Καλὴν

283 2674 391 2739 ’,οὲιο
419 2671 589 2728 οὖσαν
617 2679 789 2751 αὐτὴν
822 2685 916 2735 καὶ
947 2685 1161 2754 ὡραίαν
1214 2690 1419 2760 σφόδρα
1463 2692 1538 2762 τῷ
1574 2694 1727 2760 εῖδει,
1757 2697 1867 2747 τῶν

281 2784 366 2828 τις
407 2768 729 2841 Ἀλλαρέχου
788 2781 1140 2845 στρατιωτῶν
1178 2783 1294 2845 νέος
1348 2783 1490 2849 ἰδὼν,
1537 2788 1716 2857 ἥττων
1768 2789 1863 2856 τῆς

281 2862 433 2930 ὥρας
496 2865 734 2932 ἐγένετο,
790 2870 884 2923 καὶ
939 2873 1020 2934 εἰς
1074 2879 1366 2931 συνουσίαν
1422 2879 1608 2949 ἠρέμα
1660 2879 1861 2935 εἷλκεν.

281 2954 537 3027 Ἐκείνην
568 2962 623 3015 δὲ
655 2964 715 3014 τὸ
744 2964 877 3031 ἄγος
912 2968 1352 3039 ὲκτρεπομένην,
1396 2974 1457 3025 τὸ
1504 2973 1658 3043 ξίφος
1719 2993 1862 3045 γυμ-

279 3045 481 3113 νώσας,
510 3051 756 3119 ἀναιρεῖν
783 3055 1020 3123 ⁴ἠπείλει.
1058 3052 1161 3111 υἷα
1190 3057 1234 3111 δ’
1263 3058 1425 3128 ἔρωτι
1457 3061 1856 3132 ἁμιλλώμενοῖ,

280 3142 457 3207 φειδοῖ
488 3160 593 3197 τινι
627 3145 687 3211 ἐξ
719 3149 972 3217 ὲπιτολῆς
1009 3151 1098 3205 τὶν
1138 3153 1408 3223 τράχηλον
1468 3155 1721 3225 ἔπληττε.
1772 3158 1862 3227 Τῷ

277 3235 335 3287 Et
356 3236 541 3306 λύθρῳ
571 3243 1001 3313 περιρῤεομένη,
1032 3244 1123 3298 τὸν
1157 3247 1359 3316 αὐχένα
1378 3247 1553 3316 ύπῆγε
1583 3250 1660 3320 τῷ
1694 3252 1858 3321 ξίφει,
1884 3280 1930 3344 C

280 3327 505 3392 ἄμεινον
544 3330 602 3381 ὲν
630 3331 871 3406 σώφρονι
930 3332 1111 3387 θανεῖν
1173 3338 1394 3405 οἰομένη
1448 3339 1557 3391 δεῖν
1591 3340 1856 3411 λογισμῷ,

282 3422 314 3488 ἢ
355 3422 521 3474 ἄλλου
550 3424 885 3494 πειραθῆναι
922 3427 1137 3495 ἀνδρός.
1182 3428 1268 3490 Ὠς
1298 3430 1354 3482 δὲ
1418 3430 1794 3502 φοόερώτερον
1833 3435 1860 3487 ὁ

281 3514 559 3586 βάρϐαρος
607 3518 775 3569 ἐπιὼν
815 3518 966 3572 οὐδὲν
1009 3520 1210 3588 μᾶλλον
1248 3523 1376 3592 ἤνυε
1411 3523 1635 3577 πλεῖστα
1666 3525 1860 3578 διαπα-

277 3608 468 3672 λαίων,
500 3608 563 3661 τὸ
594 3609 811 3679 σῶφρον
835 3612 1208 3680 καταπλαγεὶς
1231 3614 1331 3679 τῆς
1357 3615 1670 3685 ἀνθρώπου,
1702 3618 1858 3688 παρὰ

277 3702 341 3752 τὸ
369 3702 727 3755 ἀποστολεῖον
752 3702 845 3755 τού
879 3702 1023 3756 θείου
1059 3705 1264 3775 Πέτρου
1289 3706 1458 3777 αὐτὴν
1485 3708 1726 3777 ἀνάγων,
1764 3710 1859 3763 καὶ

274 3797 390 3856 τοίς
418 3796 717 3863 νεωκόροις
746 3797 917 3865 αὐτὴν
942 3798 1239 3867 παραδοὺς,
1304 3799 1398 3851 καὶ
1452 3798 1509 3864 ἒξ
1561 3802 1852 3869 χρυσίνους

275 3888 465 3949 αὐτοῖς
494 3889 737 3951 ἐπιδοὺς,
774 3888 851 3959 τῷ
897 3890 1051 3960 ἀνδρὶ
1082 3892 1372 3959 φυλάττειν
1407 3893 1504 3963 τὴν
1535 3895 1703 3963 κόρην
1733 3895 1855 3948 ἐκέ-

274 3982 454 4035 )ευεν.
487 3980 727 4033 Τοιαῦτα
752 3980 899 4033 δεινὰ
930 3981 1033 4033 ἀνά
1066 3999 1122 4034 τε
1157 3982 1230 4034 ἔω
1270 3984 1363 4034 καὶ
1410 3984 1652 4052 ἑσπέραν
1705 4003 1854 4056 τηνι-

273 4072 454 4124 καῦτα
489 4073 813 4141 ἐπισυνέϐη,
847 4072 983 4126 Θεοῦ
1012 4091 1096 4139 γε,
1136 4070 1310 4143 οἶμαι,
1369 4078 1673 4146 μηνίοντος.

1975 2048 2088 2099 bito
2112 2048 2433 2101 Alarichum
2468 2064 2783 2119 aggressus,
2810 2068 2919 2105 nou
2946 2068 3150 2121 paucos
3178 2069 3244 2108 ex
3277 2054 3545 2109 militibus

1971 2142 2087 2209 ejus
2143 2141 2366 2206 occidit,
2423 2150 2478 2196 ct
2530 2144 2761 2198 victoria
2810 2146 2863 2198 in
2915 2146 3107 2215 prmlio
3160 2148 3390 2215 potitus,
3440 2148 3546 2202 Ra-

1970 2248 2149 2287 venna
2183 2251 2278 2290 eos
2309 2237 2495 2305 ejecit.
2531 2237 2663 2291 Eam
2709 2238 2779 2293 ob
2813 2254 2929 2293 rem
2974 2239 3267 2295 Alariclius
3300 2242 3377 2293 ira
3422 2256 3545 2309 per-

1969 2328 2133 2390 citus,
2186 2329 2357 2382 Roma
2413 2329 2488 2396 (Ξ)
2522 2330 2767 2396 obsessa,
2822 2333 3139 2402 proditione
3182 2350 3302 2388 eam
3367 2335 3537 2403 cepit,

1970 2435 2209 2489 suosque
2239 2421 2617 2475 Romanorum
2650 2439 2783 2492 opes
2834 2436 3098 2495 quantum
3150 2436 3375 2495 possent
3409 2428 3541 2481 diri-

1971 2527 2101 2580 pere
2130 2524 2185 2567 ct
2215 2512 2411 2569 domos
2448 2516 2714 2584 expilare,
2751 2526 2931 2585 atque.
2970 2519 3063 2572 uni
3108 2519 3311 2581 solum,
3345 2522 3396 2573 in
3430 2536 3540 2588 quo

1968 2604 2201 2672 apostoli
2235 2603 2383 2659 Petri
2412 2608 2660 2661 tumulus
2686 2617 2790 2671 est,
2825 2624 3050 2678 parcere
3082 2612 3268 2680 jussit.
3296 2612 3425 2677 Quze
3454 2626 3540 2665 res

1970 2695 2023 2748 in
2077 2710 2238 2749 causa
2288 2696 2412 2759 fuit,
2471 2715 2541 2752 ne
2596 2700 2769 2754 Roma
2818 2701 3000 2755 omnis
3051 2702 3301 2758 funditus
3347 2704 3541 2757 interi-

1969 2794 2053 2840 ret
2098 2788 2194 2857 (3).
2255 2788 2423 2861 424
2479 2790 2617 2845 Cum
2674 2792 2822 2846 enim
2876 2808 2942 2847 eo
2998 2804 3229 2865 propter
3284 2794 3537 2849 timorem

1967 2880 2358 2949 quamplurimi
2412 2881 2832 2948 conﬂuxissent,
2877 2886 2948 2939 ob
2996 2886 3229 2953 apostoli
3277 2901 3538 2939 reveren-

1968 2971 2097 3025 tiam
2130 2973 2357 3037 servati,
2401 2974 2593 3028 urbem
2629 2975 2815 3029 dcnuo
2842 2978 3097 3032 aaditiciis'
3131 2979 3535 3034 instaurarunt.

1966 3064 2057 3120 ille
2091 3081 2256 3135 porro
2287 3083 2408 3122 cum
2444 3068 2800 3138 Campaniam
2827 3081 3094 3135 vastaret,
3137 3072 3331 3127 morbo
3364 3075 3537 3128 inter-

1964 3161 2047 3214 iit.
2083 3163 2148 3216 Et
2177 3179 2301 3217 cum
2352 3164 2383 3217 b
2418 3164 2636 3219 arbaris
2670 3182 2804 3235 pace
2841 3168 2986 3221 facta
3021 3168 3300 3223 llouorius
3328 3171 3429 3240 (4),
3477 3179 3537 3224 ut

1966 3255 2195 3309 Romam
2252 3257 2421 3311 multa
2462 3274 2784 3328 perpessam
2831 3262 2970 3315 mala
3006 3263 3379 3316 communiter
3410 3278 3534 3317 cum

1962 3347 2086 3401 aliis
2125 3349 2455 3414 incolerent,
2494 3352 2575 3405 cis
2623 3354 2916 3423 permisit:
2954 3370 3189 3423 eamque
3221 3371 3333 3409 rem
3370 3370 3533 3408 manu

1962 3440 2129 3493 simul
2158 3449 2213 3493 et
2246 3456 2342 3495 ore
2380 3457 2713 3511 magnOpere
2753 3446 3097 3513 applaudcns
3127 3446 3534 3514 comprobavit.

1964 3536 2021 3589 In
2073 3550 2137 3589 eo
2184 3535 2328 3588 bello
2376 3538 2575 3591 mulier
2617 3539 2866 3607 quzcdam
2920 3541 3219 3593 maximum
3277 3541 3533 3594 exhibuit

1962 3625 2247 3694 pudicitiae
2282 3627 2583 3694 specimen.
2626 3629 2781 3695 Quod
2828 3646 3070 3700 namque
3111 3640 3163 3687 ct
3197 3633 3372 3687 aitatis
3400 3631 3534 3685 ﬂore

1960 3727 2017 3771 et
2045 3718 2237 3772 formae
2279 3729 2573 3774 venustate
2615 3732 2921 3791 prmstarct,
2958 3740 3022 3777 ex
3056 3725 3299 3779 Alariclii
3338 3724 3534 3777 militi—

1961 3808 2064 3863 bus
2092 3812 2315 3885 juvenis
2351 3814 2573 3882 quidam
2602 3815 3016 3885 pulchritudine
3052 3819 3192 3888 ejus,
3239 3833 3363 3871 cum
3408 3832 3528 3872 eam

1961 3904 2212 3969 vidisset,
2244 3916 2461 3975 captus,
2492 3908 2557 3961 ad
2613 3910 2971 3964 concubitum
3010 3927 3131 3965 eam
3184 3911 3527 3966 sollicitavit.

1960 3994 2096 4050 Cum
2127 4006 2311 4051 autem
2355 4000 2631 4067 piaculum
2685 4002 2736 4055 id
2792 4014 3163 4066 aversaretur,
3202 4004 3359 4058 miles
3399 4018 3531 4057 ense

1961 4088 2154 4140 stricto
2194 4101 2425 4143 mortem
2458 4092 2505 4143 ei
2541 4094 2801 4151 minatus.
2835 4096 3001 4148 veluti
3031 4112 3154 4149 cuin
3191 4111 3376 4148 amore
3401 4110 3531 4147 cou-

273 4177 519 4232 certaus,
564 4183 664 4236 per
707 4168 1146 4221 misericordiam
1175 4186 1450 4223 summum
1486 4180 1697 4226 tantum
1768 4176 1969 4231 collum
2034 4182 2345 4236 vulneravit
2412 4185 2505 4238 Illa
2541 4203 2691 4253 vero,
2751 4205 2948 4241 cruore
2974 4189 3249 4251 difﬂuens,
3279 4189 3527 4258 jugulum

272 4260 425 4313 ferro
462 4261 735 4323 subdidit,
790 4263 988 4315 melius
1029 4263 1134 4316 sibi
1174 4280 1294 4317 esse
1328 4274 1463 4324 rata.
1502 4277 1561 4318 ut
1618 4282 1743 4319 cum
1786 4271 1981 4336 pudica
2052 4286 2232 4328 mente
2298 4288 2527 4330 mortem
2562 4290 2867 4345 oppeteret,
2938 4296 3246 4347 quamcum
3282 4284 3397 4332 viro
3417 4281 3527 4340 alio

271 4356 693 4409 concumberet.
767 4356 833 4409 Et
874 4371 1161 4425 postquam
1207 4357 1446 4412 ferocius
1518 4360 1684 4413 etiam
1756 4361 2029 4419 barbarus
2104 4368 2249 4420 illam
2302 4386 2591 4438 aggrcSSus
2637 4382 2741 4431 est.
2799 4376 3206 4442 plurimumque
3259 4390 3377 4426 eam
3430 4392 3513 4440 op-

274 4449 576 4516 pugnaudo
614 4449 749 4503 nihil
783 4451 930 4518 egit;
998 4451 1063 4503 ad
1136 4453 1447 4505 caSIitatcm
1500 4455 1621 4521 ejus
1701 4466 2118 4522 consternatus,
2177 4462 2229 4515 iu
2288 4467 2652 4529 apostolicum
2719 4468 2827 4518 diii
2904 4470 3045 4519 l’etri
3093 4469 3352 4534 templum
3403 4480 3521 4520 eam

271 4546 475 4607 (luxit,
560 4547 923 4616 eccicsi:cque
1000 4550 1324 4602 custodibus
1394 4551 1840 4617 commendavit,
1881 4569 1977 4609 sex
2044 4558 2152 4612 illis
2210 4562 2396 4613 aureis
2457 4565 2699 4618 nummis
2760 4565 2925 4627 datis,
2967 4576 3023 4617 ut
3101 4566 3333 4633 puellam
3406 4566 3524 4617 viro

268 4654 375 4693 suo
424 4649 846 4695 conservarcut.
895 4641 1057 4696 Tales
1106 4643 1457 4699 calamitates
1504 4644 1559 4698 iu
1613 4647 1842 4701 Oriente
1881 4659 2045 4719 atque
2096 4651 2443 4719 Occidente,
2491 4668 2640 4719 tum,
2700 4659 2827 4721 Dei,
2908 4672 2963 4711 ut
3014 4675 3233 4726 opinor,
3308 4660 3383 4712 ira
3435 4678 3520 4711 ac-

266 4738 477 4795 cidere.

342 4948 418 5015 (Ι)
452 4948 665 5027 Attalus
697 4946 1023 5027 Catulorum
1048 4946 1333 5027 instinctu
1363 4949 1544 5027 denuo
1571 4952 1628 5027 in
1654 4951 1841 5027 Galliis
1873 4956 1917 5013 D
1945 4956 2072 5007 dum
2108 4963 2278 5008 mater
2307 4971 2409 5006 non
2439 4955 2612 5027 parcit
2661 4957 2876 5008 lactenti
2927 4956 3187 5015 infantiae,
3234 4967 3289 5009 et
3322 4960 3515 5027 recipit

269 5019 619 5090 tyrannidem
675 5019 925 5090 arripuit.
959 5019 1059 5083 Qui
1107 5020 1231 5072 dein
1259 5026 1304 5074 'e
1350 5037 1377 5072 a
1436 5020 1653 5075 Gottbis
1702 5024 1834 5089 ipsis

267 5087 486 5158 captus.
527 5087 852 5141 Caustautio
896 5087 1148 5147 deditus,
1177 5100 1232 5142 et
1281 5091 1349 5143 ab
1384 5091 1622 5145 llonorio
1648 5087 1831 5145 Ruina:

267 5161 324 5214 ia
356 5160 637 5225 triumpho
676 5167 802 5211 ante
852 5173 1077 5212 currum
1112 5160 1332 5219 ductus.
1367 5161 1419 5213 in
1470 5161 1832 5231 Liparaniqne

265 5237 587 5297 deportatos
608 5235 710 5283 est.

339 5306 415 5361 i2)
456 5302 592 5355 Dnin
624 5302 739 5354 haec
766 5309 1003 5369 aguntur
1038 5302 1089 5355 in
1120 5300 1310 5363 Jebus,
1358 5302 1616 5356 terriblis
1642 5303 1707 5357 de
1729 5303 1832 5359 Oc-

262 5372 484 5425 cidente
519 5385 708 5422 rumor
734 5372 983 5429 aﬂertnr.
1021 5372 1265 5425 obsideri
1319 5372 1568 5433 Romam,
1607 5387 1661 5426 et.
1696 5390 1833 5427 auro

263 5444 496 5495 salutem
524 5442 724 5495 civium
759 5442 972 5507 redimi,
999 5444 1371 5512 Spoliatosquc
1430 5458 1647 5497 rursum
1709 5460 1830 5497 cru-

261 5515 425 5572 ciari.
452 5523 509 5565 ut
531 5521 654 5580 post
674 5513 1039 5567 substantiam
1060 5515 1226 5566 vitam
1250 5529 1464 5581 quoque
1492 5516 1828 5567 amitterent.

268 5582 447 5636 lic-ret
472 5602 488 5629 ι
504 5599 591 5644 ex,
611 5594 664 5634 et
696 5584 969 5647 singultus
994 5584 1350 5650 intercipiunt
1368 5584 1527 5637 verba
1548 5586 1830 5639 dictantis.

260 5653 493 5718 Capitur
525 5654 655 5706 urbs
679 5693 693 5715 ,
722 5669 843 5721 qua:
879 5663 1049 5705 totum
1088 5658 1231 5720 cepit
1274 5656 1485 5707 orbem.
1520 5654 1632 5707 lmo
1692 5655 1831 5710 laute

263 5725 425 5785 reriit
455 5734 579 5775 ante
604 5739 764 5789 quam
791 5725 967 5790 gladio
1027 5724 1088 5776 lit
1119 5726 1207 5778 vix
1260 5727 1415 5793 pauci
1445 5725 1536 5793 qui
1579 5742 1833 5792 caperen-

263 5802 373 5850 tur.
411 5793 617 5845 inventi
655 5804 799 5845 sunt.
839 5793 913 5844 Ad
959 5796 1224 5847 nefandos
1273 5798 1425 5849 cibos
1478 5800 1659 5862 i-rupit
1704 5813 1827 5848 csu-

264 5866 523 5917 rtcutium
554 5866 760 5918 rabies:
782 5878 832 5918 ct
859 5882 954 5917 δυσ
987 5866 1222 5919 invicem
1258 5870 1499 5919 membra
1532 5868 1825 5919 laniarunt.

1935 5039 2109 5083 utero.
2145 5042 2304 5094 quem
2343 5026 2499 5091 paulo
2533 5037 2655 5079 ante.
2692 5028 2979 5078 clitttlernl.

2044 5121 2171 5183 Quis
2208 5120 2409 5171 cladum
2452 5120 2594 5172 illius
2634 5122 2820 5181 noctis,
2852 5124 2965 5189 quis
3000 5121 3183 5189 funera
3213 5122 3370 5185 fando

2047 5190 2304 5249 I'.'.t;:!ici't.
2329 5200 2417 5241 aut
2437 5192 2593 5256 possit
2615 5191 2863 5253 lacrumis
2887 5208 3100 5256 w'ptiirc
3133 5192 3360 5244 dolorem

2048 5261 2181 5314 (frus
2202 5262 2421 5327 antiqua
2455 5271 2578 5321 ruit,
2608 5261 2793 5312 multos
2814 5262 3087 5314 dominum
3109 5278 3399 5326 permutes.

2602 5354 2851 5421 (liieruu.
2876 5356 2961 5409 ,Διί
2996 5354 3368 5423 Principiam.)

2011 5447 2087 5512 (Si
2129 5445 2304 5498 Prima
2360 5445 2595 5514 direptio
2639 5445 2786 5497 urbis
2819 5445 3001 5498 Ronnc
3033 5462 3061 5498 a
3097 5445 3317 5499 tlottliis
3370 5445 3508 5497 facta

1936 5534 2021 5571 an.
2055 5517 2255 5571 Christi
2282 5518 2404 5570 “‘2.

2009 5589 2083 5651 (4)
2141 5587 2416 5640 Honorius
2472 5584 2717 5638 barbaris
2766 5586 2989 5639 Romam
3039 5586 3277 5640 incolere
3310 5586 3509 5652 permi-

1936 5660 2007 5712 sit
2063 5656 2591 5713 AlaricliusCallaai
2652 5657 2967 5716 Placiilmm,
3006 5657 3226 5709 llonorii
3266 5671 3506 5707 sorori-ni

1938 5730 2120 5781 linum:
2187 5740 2421 5794 t'apltllll,
2490 5726 2801 5792 Atlmulplio
2868 5742 3086 5778 uvorcin
3142 5727 3335 5779 dedit:
3387 5740 3509 5791 qua:

1938 5799 2217 5851 blanditiis
2250 5802 2363 5850 suis
2396 5796 2537 5863 apud
2581 5798 2834 5847 maritum
2868 5797 3082 5851 client.
3122 5808 3178 5851 ut
3214 5799 3355 5849 ultro
3394 5797 3508 5861 ipse

1936 5886 1963 5921 ει
1992 5869 2249 5921 Ιὶτιιιιιιιιιε
2280 5885 2463 5936 paceni
2496 5879 2704 5935 peteret
2760 5867 2892 5931 (Dia.
2921 5877 2951 5917 ,ξ
