4248 6446
765 367 901 434 1047

1182 484 1344 558 425
1396 485 1623 545 CAPUT
1665 488 1902 546 XXXVI.

761 603 838 656 D'e
873 602 1084 665 multis,
1136 619 1252 672 qme
1300 603 1416 657 urbi
1458 605 1801 670 acciderunt,
1855 610 2047 664 malis:
2088 624 2132 665 et
2167 616 2337 667 admi-

833 675 1017 728 randis
1055 674 1306 742 prodigiis
1340 678 1390 727 iu
1427 675 1574 738 caelo,
1625 686 1767 731 terra
1800 688 1848 732 et
1886 685 2025 733 mari
2057 684 2250 736 editis:
2288 695 2335 736 et

830 754 890 796 ut
913 761 1092 827 omnes
1117 746 1207 811 qui
1237 743 1606 816 Chrysostomo
1641 749 1908 805 adversati
1932 750 2165 819 fuerant,
2198 757 2337 808 male

829 825 1106 886 perierint.

831 951 1003 1005 Tanta
1040 952 1187 1007 enim
1233 970 1299 1008 eo
1333 964 1583 1024 tempore
1637 956 1920 1011 hominum
1964 959 2140 1014 (ια-ἀρε
2193 961 2331 1014 facta

760 1054 865 1105 est,
900 1055 1161 1114 quantam
1195 1055 1328 1100 aetas
1381 1049 1527 1102 nulla
1564 1065 1590 1101 τι
1629 1051 1828 1103 sarculo
1869 1051 2094 1105 condito
2154 1054 2327 1108 novit;

765 1140 892 1193 iiam
925 1153 1094 1208 porro
1130 1138 1338 1193 cladem
1366 1140 1522 1194 stella
1570 1141 1687 1206 illa,
1726 1141 1892 1212 gladii
1928 1144 2158 1197 formam
2192 1145 2334 1199 refe-

763 1247 913 1293 rens,
950 1231 1184 1285 obscure
1217 1232 1524 1300 portendit.
1558 1234 1674 1288 Non
1725 1235 1928 1288 etenim
1975 1238 2182 1290 milites
2216 1246 2334 1290 tan-

762 1336 876 1376 tum
909 1325 1192 1388 interiere,
1241 1341 1420 1394 neque
1470 1327 1523 1379 in
1571 1327 1754 1395 aliqua
1801 1328 1955 1382 orbis
1995 1339 2147 1398 parte
2192 1330 2331 1383 mala

761 1420 875 1471 ltzec
920 1419 1247 1480 constitere,
1285 1419 1378 1473 sed
1412 1435 1576 1474 omne
1607 1436 1780 1489 genus
1825 1422 2110 1476 hominum
2145 1425 2332 1478 conci-

758 1525 878 1562 sum
907 1518 1014 1574 est,
1046 1519 1102 1564 et
1131 1520 1240 1564 tota
1272 1527 1442 1581 prope
1473 1513 1637 1579 periit
1664 1513 1903 1583 Europa.
1945 1514 2084 1569 Asiae
2111 1531 2331 1585 quoque.

760 1619 888 1671 pars
936 1619 1045 1657 non
1078 1604 1272 1674 exigua
1305 1607 1490 1660 altrita
1524 1618 1627 1671 est,
1682 1608 1915 1676 plurima
1953 1608 2080 1663 item
2122 1608 2330 1680 Libyae,

759 1694 1110 1760 potissimum
1143 1713 1277 1751 vero
1312 1714 1433 1766 quas
1478 1700 1741 1753 Romanis
1790 1700 2080 1754 tributaria
2115 1714 2170 1755 et
2203 1702 2332 1756 sub-

1987 384 2409 448 NICEPHORI
2442 389 2787 451 CALLlSTl

3888 387 4025 453 1048

2999 500 3248 553 mea.
3315 503 3453 568 AG".

2442 616 2582 683 Περὶ
2612 614 2732 667 τῶν
2757 615 3123 680 συμϐάντων
3152 613 3461 682 κοσμικῶν
3488 613 3692 668 κακῶν
3713 632 3727 645 ⁸
3755 616 3852 668 καί
3907 615 4028 669 τῶν

2514 685 2874 750 παραδόξων
2924 684 3205 751 τεράτων,
3261 686 3331 737 ἐν
3381 684 3617 754 οὐρανῷ
3665 686 3765 738 καί
3814 684 3894 755 γῇ
3926 687 4024 739 καὶ

2513 756 2800 823 θαλάσσῃ
2848 755 3306 823 γεγενημένων·
3339 757 3434 808 καὶ
3485 758 3565 821 ὡς
3612 759 3665 809 ol
3712 756 3866 810 κατὰ
3920 757 4024 811 τοῦ

2515 826 2801 881 Ἰωάννου
2833 825 3056 892 πάντες
3085 826 3281 892 κακῶς
3311 825 3752 894 διεφθάρησαν.

2511 962 2767 1032 Τοσαύτη
2790 963 2899 1033 γὰρ
2922 962 3099 1032 φθορά
3122 962 3243 1016 κατ’
3278 963 3455 1015 έκεῖνο
3491 963 3688 1033 καιροῦ
3716 963 4024 1034 ἀνθρώπων

2436 1058 2676 1126 ἐγένετο,
2710 1057 2844 1126 ὅσην
2875 1056 3053 1118 οὐδεὶς
3083 1059 3275 1126 χρόνος
3325 1058 3382 1122 ἐξ
3418 1059 3613 1121 αίώνος
3662 1058 3804 1126 ἔγνω
3834 1074 3848 1087 ·
3889 1057 3917 1110 ὃ
3961 1058 4023 1124 δὴ

2439 1147 2532 1202 καὶ
2565 1150 2656 1202 τὸν
2687 1147 2873 1216 ξιφίαν
2903 1147 3115 1200 ἐκεῖνον
3142 1149 3348 1217 ἀστέρα
3389 1148 3748 1202 αἰνίττεσθαι.
3783 1149 3861 1201 Οὐ
3917 1150 4022 1218 γάρ

2435 1243 2495 1295 τὸ
2529 1243 2769 1312 μάχιμον
2803 1242 2965 1310 μόνον
2995 1241 3297 1306 ἀνάλωται,
3322 1242 3434 1294 οὐδ’
3466 1242 3522 1296 ἐν
3567 1259 3676 1294 τινι
3713 1241 3874 1310 μέρει
3921 1243 4022 1307 γῆς

2434 1335 2500 1389 τὰ
2559 1334 2707 1403 πάθη
2760 1333 2996 1401 συνέστη
3029 1348 3044 1362 ·
3107 1332 3242 1385 ἀλλὰ
3305 1333 3484 1387 πάντα
3540 1333 3639 1402 μὲν
3682 1330 4022 1402 διεφθείρετο

2434 1430 2588 1497 γένη,
2617 1429 2765 1480 πᾶσα
2787 1425 2832 1478 δ’
2862 1426 3030 1479 ὤλετο
3063 1426 3095 1494 ἡ
3138 1422 3400 1493 Εὐρώπη.
3439 1426 3546 1476 Καὶ
3568 1426 3666 1493 τῆς
3710 1425 3898 1485 Ἀσίας
3922 1425 4021 1477 οὐκ

2433 1524 2591 1591 ὀλίγη
2617 1521 2923 1589 διέφθορεν⁸
2952 1520 3089 1572 ἀλλὰ
3117 1519 3332 1588 καὶτῆς
3350 1518 3561 1588 Λιϐύης
3583 1520 3615 1588 ή
3641 1519 3896 1587 πλείστη,
3925 1519 4020 1569 καὶ

2436 1616 2672 1687 μάλιστα
2699 1617 2798 1682 ὅση
2849 1614 3136 1684 Ῥωμαίοις
3163 1613 3427 1683 ύποτελὴς
3455 1611 3590 1666 οὖσα
3626 1613 3917 1680 ἐτύγχανε.
3949 1611 4022 1665 Τὸ

2437 1712 2533 1780 μὲν
2551 1712 2659 1780 γὰρ
2680 1712 2777 1775 τῆς
2805 1710 3010 1778 φθορᾶς
3033 1709 3240 1777 πλῆθος
3266 1706 3579 1777 βαρϐαρικὴ
3610 1706 3887 1776 ὲξεθέριζε
3912 1706 4021 1774 μά-

753 1790 898 1858 jecla
931 1789 1057 1843 fuit.
1090 1790 1358 1844 luteritus
1393 1806 1630 1860 namque
1658 1791 2071 1848 multitudinem
2106 1794 2325 1849 hostilis
2361 1840 2401 1896 Β

2361 1840 2401 1896 Β
2435 1821 2605 1875 χαιρα
2634 1821 2649 1835 ·
2695 1803 2824 1856 ἄλλο
2843 1803 2887 1856 δ’
2936 1803 3032 1855 ἐπὶ
3067 1800 3302 1866 τούτοις,
3351 1799 3504 1869 λιμοὶ
3531 1799 3626 1850 καὶ
3660 1799 3863 1868 λοιμοί.
3907 1796 4018 1896 Καί

760 1883 1126 1937 barbarorum
1161 1883 1463 1938 demessuit
1495 1884 1676 1949 ensis;
1717 1885 1986 1954 reliquam
2031 1896 2214 1941 autem
2249 1886 2326 1940 fa-

759 1973 877 2031 mes
936 1986 990 2031 et
1045 1978 1396 2046 pestilentiae,
1456 1993 1674 2032 necnon
1728 1980 2030 2049 agrestium
2088 1980 2326 2034 ferarum

757 2085 952 2141 greges
987 2069 1368 2140 absumpsere.
1408 2071 1674 2125 Prazterea
1706 2082 1888 2126 motus
1938 2081 2098 2128 terrae
2139 2074 2329 2142 ingen-

760 2171 862 2227 tes,
898 2164 1151 2219 funditus
1175 2165 1342 2218 urbes
1366 2174 1418 2217 ct
1441 2163 1635 2218 domos
1661 2173 1998 2229 evertentes,
2025 2168 2329 2234 permultos

759 2256 813 2309 in
849 2255 1168 2310 ine‘vitabile
1215 2256 1445 2309 exitium
1489 2257 1799 2325 conjecere.
1845 2256 2033 2310 Multis
2065 2259 2227 2311 etiam
2271 2259 2327 2313 in

757 2347 892 2401 locis
945 2356 1091 2401 terra
1125 2348 1374 2402 hiatibus
1425 2358 1610 2418 rupta,
1643 2350 1960 2418 sepulcrum
2001 2351 2203 2405 incolis
2236 2365 2331 2404 ex-

757 2450 1177 2510 temporaneum
1207 2453 1683 2512 spontaneumque
1712 2442 1876 2496 facta.
1911 2441 2139 2510 Insuper
2161 2459 2331 2512 aqua-

759 2551 880 2588 rmn
915 2535 1239 2604 pluvialium
1278 2536 1590 2600 illuviones,
1625 2545 1680 2590 et
1723 2536 1865 2605 apud
1893 2535 2030 2589 alios
2065 2534 2329 2589 flammeae

759 2628 1058 2688 siccitates,
1091 2628 1232 2698 apud
1269 2629 1534 2697 quosdam
1561 2628 1791 2682 fulmina
1817 2630 2089 2699 conjecta,
2118 2628 2328 2682 variam

757 2732 813 2774 et
842 2722 1246 2776 intolerandam
1289 2723 1516 2778 edidere
1553 2723 1947 2777 calamitatem.
1988 2722 2130 2788 Quin
2159 2723 2326 2776 etiam

759 2814 1015 2882 pluribus
1050 2815 1100 2867 in
1134 2817 1270 2869 locis
1303 2815 1514 2884 grando
1547 2816 1692 2869 saxis
1722 2815 2022 2868 tuatmariis
2055 2817 2248 2884 major,
2275 2825 2331 2869 et

760 2908 994 2962 circiter
1027 2917 1354 2961 octonarum
1388 2908 1651 2961 librarum
1699 2907 1915 2976 pondus
1958 2908 2200 2970 trahens,
2235 2908 2332 2961 de-

762 3000 894 3053 ferri
926 3001 1041 3053 visa
1078 3010 1182 3054 est.
1217 3000 1463 3069 Denique
1496 3000 1704 3052 nivium
1740 3000 1823 3053 vis
1867 3011 1922 3053 et
1953 3000 2174 3068 frigoris
2223 3001 2327 3053 im-

761 3091 1019 3155 manitas,
1058 3105 1198 3161 quos
1228 3093 1394 3161 plagae
1424 3090 1543 3145 alite
1574 3106 1682 3144 non
1713 3090 2137 3160 praeripuerant,
2167 3106 2332 3144 occu-

2433 1915 2577 1958 τινες
2593 1897 2637 1948 δ’
2660 1894 2867 1965 ἀγρίων
2888 1892 3094 1964 θηρίων
3112 1892 3309 1959 ἀγέλαι
3323 1891 3764 1944 συνεπετίθεντο.
3789 1889 4019 1955 Σεισμοί

2430 2008 2496 2043 τε
2519 1987 2750 2054 ἐξαίσιοι
2783 1986 2970 2048 πόλεις
2993 1987 3088 2038 καὶ
3112 1982 3291 2045 οίκίας
3309 1981 3666 2042 ἀνασπῶντες
3697 1981 3762 2032 ὲκ
3778 1979 4018 2048 βάθρων,

2432 2085 2513 2146 είς
2564 2084 2623 2134 τὸ
2647 2063 3046 2148 ’ἀφυκτότατον
3096 2077 3189 2131 τὸν
3237 2077 3461 2147 ὀλεθρον
3527 2076 3844 2143 ἐναφίεσαν.
3909 2071 4023 2124 Καὶ

2432 2178 2692 2246 χάσματα
2725 2173 2780 2226 δὲ
2811 2172 2916 2241 γῆς
2946 2169 3239 2238 πολλαχόθι
3267 2171 3381 2231 τοῖς
3417 2169 3741 2235 οἴκήτορσιν
3770 2166 4023 2234 ἀπορρη-

2433 2266 2706 2332 γνυμένης
2728 2267 2897 2331 τάφος
2921 2258 2988 2331 ἦν
3024 2259 3376 2328 αὐτοσχέδιος
3403 2272 3415 2284 ⁸
3450 2256 3783 2324 ὲπικλυσμοί
3809 2271 3870 2306 τε
3909 2253 4023 2305 τῶν

2433 2357 2492 2424 ἐξ
2521 2359 2681 2427 ἀέρος
2713 2357 2942 2418 ὑδάτων,
2971 2354 3064 2407 καὶ
3089 2351 3210 2406 κατ’
3229 2351 3422 2413 ἄλλους
3450 2340 3653 2418 αὐχμοὶ
3675 2348 3972 2418 φλογώδεις
4003 2359 4022 2378 ⁸

2435 2449 2754 2522 πρηστῆρές
2786 2466 2846 2500 τε
2896 2439 3148 2508 ἔστινοῖς
3205 2445 3600 2514 ἐμϐαλλόμενοι
3662 2443 3910 2496 ποικίλον
3961 2442 4024 2494 τὸ

2431 2545 2602 2597 δεινὸν
2637 2542 2907 2612 ἔπραττον
2933 2539 3028 2593 καὶ
3056 2541 3355 2608 ἀφόρητον.
3393 2538 3503 2589 Ναὶ
3555 2536 3620 2605 δὴ
3667 2537 3762 2589 καὶ
3806 2536 4025 2605 χάλαζα

2438 2640 2640 2708 μείζων
2673 2636 2703 2705 ἣ
2736 2635 2881 2687 κατὰ
2912 2633 3161 2703 χερμάδα
3185 2630 3460 2700 πολλαχοῦ
3492 2631 3597 2698 γῆς
3654 2630 4025 2698 κατεφέρετο,

2433 2733 2561 2800 ἄχρι
2592 2730 2684 2781 καὶ
2711 2726 2858 2780 ὀκτὼ
2888 2726 2998 2778 τῶν
3029 2725 3342 2794 λεγομένων
3376 2723 3576 2792 λιτρῶν
3629 2722 3866 2774 ἕλκουσα
3918 2718 4022 2790 βά-

2438 2843 2548 2896 ρος,
2601 2825 2759 2893 ὤφθη
2828 2821 3255 2890 κατασκήψασα.
3315 2821 3504 2882 Χιόνος
3533 2820 3590 2872 δὲ
3648 2819 3854 2886 πλῆθος
3920 2817 4025 2869 καὶ

2433 2919 2661 2988 κρυμῶν
2688 2916 3009 2987 ὑπερϐολαὶ,
3037 2914 3129 2977 οὒς
3158 2915 3292 2984 ἄλλη
3329 2913 3514 2983 πληγὴ
3563 2913 3626 2964 ού
3660 2913 4026 2979 προανήρπα-

2436 3030 2520 3076 σε,
2548 3010 2773 3072 τούτους
2806 3008 3334 3075 καταλαμϐάνουσα,
3378 3005 3472 3059 τοῦ
3531 3004 3645 3074 βίου
3702 3003 3969 3070 ἐξήλαυνε
4007 3019 4022 3032 ·

2437 3105 2528 3156 καὶ
2566 3103 2751 3172 σαφῶς
2780 3101 2878 3163 τὴν
2942 3101 3094 3154 θείαν
3157 3101 3528 3168 ἀνεκήρυττεν
3587 3097 3970 3164 ἀγανάκτησιν
4007 3109 4022 3122 ·

761 3195 923 3254 patos
961 3186 1297 3240 esslittxcre.
1326 3184 1457 3251 Quae
1485 3186 1669 3238 omnia
1700 3185 1985 3240 evidenter
2015 3187 2150 3239 satis
2179 3184 2319 3238 divi-
2351 3179 2393 3236 C
2429 3212 2438 3246 τ

2351 3179 2393 3236 C
2429 3196 2558 3265 περὶ
2591 3189 2665 3248 ὧν
2693 3193 2823 3247 καθ’
2862 3194 3093 3246 ’ἑκαστον
3121 3190 3433 3254 ἐπεξελθεῖν
3476 3188 3618 3256 ὑπὲρ
3676 3188 3861 3239 πᾶσαν
3928 3186 4026 3237 ἀν-

762 3289 888 3327 nam
943 3275 1389 3342 deprtedicaruut
1461 3275 1928 3345 indignationem.
1989 3276 2062 3329 De
2123 3277 2328 3345 quibus

762 3368 1040 3437 sigillatim
1078 3383 1536 3431 commemorare,
1570 3384 1735 3438 supra
1763 3369 1909 3422 vires
1945 3367 2186 3422 hominis
2214 3368 2331 3422 fuc-

761 3463 855 3516 rit.
897 3460 1036 3514 Tum
1083 3477 1215 3515 vero
1247 3470 1458 3515 tantum
1493 3461 1661 3518 etiam
1703 3462 1837 3515 solis
1871 3461 2175 3529 deliquium
2206 3460 2329 3522 fuit,

764 3566 823 3607 ut
859 3557 1037 3610 stella:
1068 3557 1237 3609 etiam
1271 3557 1454 3610 medio
1485 3557 1573 3608 die
1604 3555 1921 3609 refulseriut
1953 3573 1964 3608 :
1999 3554 2144 3622 quod
2178 3553 2334 3607 dein-

763 3651 831 3703 de
865 3658 1012 3702 tanta
1045 3629 1265 3703 siet-itas
1309 3661 1395 3701 est
1445 3648 1760 3709 subsecuta,
1798 3656 1857 3699 ut
1902 3661 2052 3699 more
2105 3646 2331 3699 insolito

766 3744 922 3797 multi
968 3743 1248 3806 mortales,
1290 3754 1340 3796 et
1375 3742 1479 3795 alia
1513 3742 1675 3795 etiam
1707 3740 1966 3793 animalia
1994 3738 2329 3793 interierint.

763 3839 896 3892 Cum
940 3849 1122 3891 autent
1171 3838 1252 3890 sel
1298 3835 1523 3900 defecit,
1567 3835 1748 3904 fulgor
1793 3834 2018 3903 quidam
2072 3834 2232 3885 simul
2275 3832 2328 3884 in

763 3933 903 3986 coelo
959 3929 1234 3999 apparuit,
1286 3931 1406 3982 coni
1461 3929 1574 3981 sive
1612 3938 1769 3980 meta:
1806 3926 2045 3996 speciem
2082 3941 2281 3995 gerens
2317 3944 2328 3978 :

764 4038 929 4092 quem
1006 4020 1272 4076 ineruditi
1338 4019 1564 4088 quidam
1624 4026 1895 4071 cometam
1961 4017 2333 4084 crinitamque

765 4117 973 4172 stellam
1007 4131 1126 4169 esse
1164 4117 1458 4166 duxerunt.
1502 4110 1649 4164 Nihil
1683 4111 1854 4174 enim,
1889 4124 2006 4176 qum
2033 4110 2086 4161 in
2121 4122 2187 4161 eo
2217 4107 2333 4160 visa

765 4219 915 4274 sunt,
960 4219 1187 4262 corneae
1216 4206 1394 4260 simile
1430 4204 1555 4257 fuit.
1597 4203 1704 4256 Nec
1738 4203 1916 4268 fulgor
1955 4203 1998 4255 is
2037 4202 2090 4254 in
2116 4215 2326 4254 comam

765 4303 922 4362 abiit,
963 4316 1143 4369 neque
1189 4299 1359 4352 stellze
1410 4311 1638 4366 prorsus
1667 4295 1906 4363 speciem
1958 4293 2194 4347 retulit:
2235 4291 2332 4345 sed

766 4397 936 4452 veluti
970 4396 1207 4449 lucerna:
1237 4391 1518 4461 cujusdam
1556 4404 1762 4455 magna:
1795 4387 2010 4440 ﬂamma
2050 4402 2149 4456 per
2191 4387 2336 4454 seip-

768 4507 883 4544 sam
917 4488 1222 4542 subsistere
1247 4488 1361 4539 visa
1389 4495 1493 4550 cst,
1523 4498 1623 4536 nec
1646 4481 1781 4534 radii
1814 4481 1934 4546 ejus
1963 4480 2132 4548 aliqui
2163 4479 2334 4533 stellae

769 4586 1097 4652 cujusquam
1152 4579 1384 4633 formam
1438 4578 1682 4632 subiere.
1737 4574 1859 4644 ipso
1912 4587 2132 4642 queque
2183 4582 2335 4624 motu

769 4673 1028 4727 variavit.
1077 4670 1241 4741 426
1288 4668 1421 4720 Nam
1457 4681 1521 4720 ea
1560 4674 1711 4734 parte
1746 4679 1852 4732 qua
1886 4662 1966 4718 sol
1996 4663 2142 4716 circa
2169 4663 2339 4730 tequi-

770 4767 1016 4822 noetium
1049 4765 1249 4826 oritur,
1295 4761 1476 4831 fulgor
1521 4761 1567 4814 is
1617 4761 1824 4812 moveri
1861 4759 2067 4827 C(Bpil:
2110 4765 2165 4810 et
2208 4756 2337 4809 inde

766 4859 921 4927 juxta
956 4871 1074 4911 eam
1119 4870 1240 4924 qum
1289 4853 1342 4906 in
1388 4853 1541 4908 Urs:e
1595 4850 1771 4904 cauda
1823 4851 1924 4903 sita
1961 4859 2068 4913 est,
2121 4847 2333 4901 stellam

772 4949 1018 5004 ultimam
1067 4948 1269 5002 sensim
1304 4950 1561 5009 evadens,
1594 4943 1658 4996 ad
1705 4943 2058 4997 Oct-identem
2110 4957 2334 4995 cursum

771 5042 969 5096 tenuit.
993 5041 1286 5108 Postquam
1318 5048 1497 5091 autem
1527 5036 1725 5090 cmlum
1752 5047 1834 5089 est
1860 5035 2165 5094 dimensus,
2188 5043 2334 5086 mutu

771 5149 871 5189 suo
901 5145 1139 5203 quatuor
1174 5113 1455 5185 mensibus
1486 5129 1704 5198 longius
1734 5128 2000 5197 perfecto,
2044 5127 2337 5196 disparuit.

770 5226 970 5280 Vertex
998 5225 1118 5294 ejus
1148 5221 1446 5292 aliquando
1473 5222 1696 5291 quidem
1741 5223 1791 5274 in
1840 5236 2089 5290 magnam
2123 5232 2178 5273 et
2210 5236 2338 5273 acu-

772 5330 883 5372 tam
918 5317 1320 5387 longitudinem
1357 5316 1514 5380 abiit,
1559 5323 1618 5368 ut
1641 5315 1762 5368 coni
1803 5314 2071 5366 rationem
2105 5313 2339 5367 excede-

773 5421 857 5466 ret
887 5428 900 5464 :
936 5425 1334 5478 nonnunquam
1363 5419 1543 5462 autem
1579 5407 1643 5460 ad
1690 5422 2002 5460 mensuram
2038 5406 2185 5459 illius
2212 5422 2340 5459 cou-

778 5513 990 5561 tractus
1059 5514 1162 5558 est.
1244 5503 1366 5555 Alia
1437 5517 1657 5571 quoque
1728 5511 2048 5556 monstrosa.
2103 5502 2340 5570 prmhuit

775 5594 1113 5663 spectacula,
1147 5593 1354 5662 quibus
1386 5607 1415 5644 a
1461 5600 1656 5645 natura
1700 5591 1986 5644 solitarum
2047 5593 2342 5659 apparitio-

777 5702 906 5740 uum
936 5685 1212 5740 discessit.
1243 5683 1428 5738 Videri
1457 5692 1641 5738 autem
1664 5686 1830 5752 carpit
1853 5684 1920 5736 ab
1947 5694 2133 5737 testate
2162 5683 2337 5736 mcdia

774 5777 891 5832 fere
931 5792 1103 5846 usque
1138 5775 1203 5831 ad
1242 5777 1495 5829 autumni
1547 5776 1734 5844 (intem.
1787 5775 1840 5829 ld
1894 5779 2070 5845 ipsum
2121 5793 2338 5844 quoque

775 5871 1129 5934 miraculum,
1189 5868 1495 5936 ingentium
1557 5870 1822 5924 bellorum
1893 5880 1944 5925 et
1998 5870 2341 5924 incredibilis

2433 3282 2712 3351 θρωπίνην
2744 3283 2810 3335 ἂν
2839 3283 2925 3350 εἴη
2963 3280 3216 3351 δύναμιν.
3255 3277 3573 3348 Τηνικαῦτα
3618 3278 3672 3329 δὲ
3712 3277 3809 3329 καὶ
3865 3275 4026 3344 ἥλιος

2432 3375 2574 3428 οὕτω
2599 3375 2805 3442 βαθέως
2837 3375 3107 3435 ἐκλείπει,
3163 3373 3237 3436 ὡς
3296 3373 3390 3425 καὶ
3439 3372 3677 3440 ἀστέρας
3739 3368 4024 3437 μεσούσης

2433 3469 2753 3537 ἀναλάμψαι
2781 3469 3018 3537 ἡμέρας.
3059 3467 3246 3534 Τούτῳ
3277 3464 3332 3516 δὲ
3365 3465 3460 3516 καὶ
3491 3464 3748 3524 τοσοῦτος
3803 3461 4025 3529 anna;

2435 3564 2641 3621 εἵπετο,
2668 3563 2741 3624 ὡς
2781 3561 2994 3611 πολλῶν
3023 3558 3330 3627 ἀνθρώπων
3383 3557 3606 3609 καὶτῶν
3639 3556 3815 3609 ἄλλων
3863 3556 4024 3618 ζώων

2433 3657 2678 3726 ἀσυνήθη
2703 3655 2958 3722 γενέσθαι
2997 3653 3225 3722 φθοράν.
3268 3650 3540 3720 Ὀπηνίκα
3573 3651 3618 3701 δ’
3641 3652 3667 3702 ὁ
3690 3650 3843 3718 ἣλιος
3902 3647 4022 3712 ἐξές

2433 3752 2610 3815 λιπεν,
2645 3749 2851 3816 φέγγος
2885 3765 2935 3799 τι
2976 3746 3095 3798 κατ’
3157 3744 3390 3813 οὐρανὸν
3439 3745 3786 3810 συνανεφάνη
3839 3741 4022 3794 κώνου

2437 3846 2623 3912 σχῆμα
2673 3841 3090 3908 παραδυόμενον
3129 3854 3143 3868 ·
3215 3838 3241 3889 ὃ
3286 3851 3432 3898 τινες
3495 3836 3725 3904 ἀμαθῶς
3775 3835 4023 3902 ἔχοντες,

2435 3937 2684 4004 κομήτην
2710 3932 2849 3986 εἶναι
2902 3931 3106 4000 ἀστέρα
3137 3930 3329 3999 ᾣοντο.
3361 3931 3468 3982 Καὶ
3523 3928 3631 3996 γάρ
3688 3922 3765 3980 ὧν
3811 3930 4024 3988 ἐκεῖνος

2438 4025 2788 4096 παρεδείκνυ,
2850 4021 3004 4073 οὐδὲν
3056 4017 3123 4080 ἦν
3181 4020 3430 4088 κομήτης
3471 4017 3825 4086 παράσημον.
3882 4014 4025 4066 Οὔτε

2437 4118 2545 4188 γὰρ
2578 4117 2873 4184 τὸφέγγος
2918 4116 2996 4177 εἰς
3052 4113 3231 4181 κνῖμην
3290 4111 3611 4169 ἀπέϐαινεν,
3660 4108 3771 4160 οὒτ’
3825 4107 4026 4175 ἀστέρι

2435 4213 2569 4272 ὅλως
2603 4209 2765 4279 ὲῴκει
2791 4225 2803 4238 ·
2846 4206 2963 4261 ἀλλ’
3017 4203 3128 4258 οἷον
3171 4205 3366 4274 λύχνου
3399 4203 3544 4264 τινὸς
3589 4200 3833 4270 μεγάλου
3890 4199 4025 4268 φλὸξ

2438 4304 2656 4372 ὑπῆρχε
2717 4302 2841 4354 καθ’
2889 4301 3088 4367 ἑαυτὴν
3164 4297 3442 4366 ὁρωμένη,
3505 4295 3734 4364 μηδενὸς
3788 4296 4026 4361 ἀστέρος

2438 4392 2751 4462 θρυαλλίδος
2782 4389 2933 4459 αύτῷ
2963 4407 3102 4452 τινος
3142 4387 3352 4457 μορφὴν
3388 4387 3805 4456 ὑποτρέχοντος.
3859 4386 4025 4437 Ἀλλά

2442 4489 2549 4558 γάρ
2583 4485 2676 4538 καὶ
2699 4486 2764 4554 τῇ
2798 4483 3014 4551 κινήσει
3043 4480 3421 4549 παρήλλαττεν
3452 4493 3466 4507 ⁶
3500 4478 3593 4529 καὶ
3627 4479 3732 4546 γάρ
3772 4479 4025 4546 κινηθεὶς

2444 4581 2567 4632 ὅθεν
2603 4581 2628 4630 ὁ
2663 4577 2813 4647 ﬁlio;
2847 4573 2988 4627 κατά
3037 4572 3330 4642 ἰσημερίαν
3383 4571 3619 4639 ἀνίσχει,
3671 4569 3887 4622 ἐκεῖθεν
3933 4569 4026 4621 τὸν

2447 4672 2585 4726 κατὰ
2619 4673 2716 4740 τῆς
2747 4670 2907 4739 οὐράς
2938 4667 3142 4738 ἄρκτου
3176 4665 3506 4732 τεταγμένον
3528 4665 3756 4732 ἔσχατον
3790 4663 4025 4731 ἀστέρα,

2447 4761 2832 4830 ὑπερενεγκὼν
2909 4761 3094 4828 ἡρέμα
3161 4758 3456 4828 προὶϐαινε
3503 4757 3875 4825 πορευόμενος
3932 4756 4028 4807 ἐπὶ

2446 4857 2681 4924 δυσμάς.
2725 4853 2880 4906 Ἐπεὶ
2907 4854 2959 4905 δὲ
2983 4852 3258 4918 διεμέτρει
3292 4850 3649 4918 τδνούρανδν,
3690 4849 3901 4913 agenti};
3934 4842 4026 4914 ἦν,

2447 4951 2669 5001 πλείους
2700 4946 2987 5014 τεσσάρων
3040 4944 3225 5012 μηνῶν
3283 4941 3671 5006 ἐξανυσθείσης
3719 4939 3871 5008 αὐτῷ
3923 4941 4026 5005 τῆς

2450 5042 2694 5111 πορείας.
2736 5040 2800 5091 ἸΙ
2834 5038 2888 5090 δὲ
2915 5037 3126 5108 κορυφὴ
3185 5035 3280 5087 τοῦ
3336 5036 3574 5104 φέγγους
3634 5034 3727 5084 νῦν
3786 5035 3886 5102 μὲν
3945 5035 4026 5093 εἰς

2450 5136 2627 5203 μῆκος
2661 5132 2803 5200 μέγα
2833 5130 3090 5193 tbi-ivero,
3128 5130 3202 5191 ὡς
3230 5128 3503 5181 ἐκϐαίνειν
3533 5129 3660 5189 τοὺς
3710 5125 3807 5178 τοῦ
3843 5126 4026 5177 κώνου

2447 5229 2655 5293 λόγους,
2682 5225 2775 5277 νῦν
2807 5223 2859 5274 δὲ
2885 5224 3017 5292 πρὸς
3040 5223 3098 5275 τὸ
3120 5223 3333 5274 ἐκείνου
3381 5219 3764 5274 συνεστέλλετο
3799 5219 4026 5287 μέτρον.

2451 5314 2619 5365 "Alia
2640 5313 2696 5363 δὲ
2736 5313 2962 5380 παρεῖχε
2997 5310 3280 5379 τερατώδη
3343 5308 3613 5378 θεάματα,
3666 5305 3734 5359 δι’
3785 5303 3862 5360 ὢν
3929 5311 4030 5379 τῆς

2447 5407 2553 5458 τῶν
2591 5406 2837 5470 συνήθων
2879 5405 3179 5470 φασμάτων
3217 5403 3574 5471 ἐξηλλάττετο
3604 5401 3843 5469 φύσεως.
3893 5404 4030 5473 Ἠρ-

2451 5497 2576 5561 ξατο
2600 5498 2651 5548 δὲ
2690 5495 2799 5547 ἀπὸ
2833 5499 2998 5563 μέσου
3037 5495 3228 5563 θέρους
3254 5496 3438 5563 σχεδόν
3469 5511 3520 5545 τι
3575 5495 3737 5565 μέχρι
3799 5495 3900 5562 τῆς
3934 5499 4028 5549 τοῦ

2456 5590 2775 5662 μετοπώρου
2813 5590 3088 5658 τελευτῆς.
3125 5589 3231 5643 Καὶ
3251 5590 3407 5641 τοῦτο
3439 5590 3495 5641 δὲ
3547 5590 3655 5659 ἄρα
3701 5591 3760 5641 τὸ
3797 5595 4027 5658 σημεῖον

2455 5683 2703 5753 μεγάλων
2735 5682 2987 5747 πολέμων
3025 5685 3118 5733 καὶ
3155 5683 3361 5751 φθορᾶς
3410 5682 3718 5750 ἀνθρώπων
3755 5684 3817 5734 ού
3851 5684 4022 5752 ῥητῆς

2453 5776 2739 5843 σύμϐολον.
2788 5776 3010 5841 Ἐσεξῆς
3057 5778 3112 5825 δὲ
3168 5777 3381 5839 σεισμοὶ
3435 5775 3691 5842 ὴρξίνῖο,
3732 5778 3796 5827 οὗ

2449 5870 2600 5930 ὄντες
2633 5870 2738 5929 τοῖς
2773 5869 3100 5933 προλαοουσι
3139 5869 3444 5922 παραϐολή
3488 5909 3498 5919 .
3538 5870 3661 5931 Τοῖς
3695 5871 3745 5922 '3';
3783 5886 3945 5933 οισι
3982 5872 4023 5932 ῖς
