  <div class='ocr_page' id='page_1' title='image "/cluster/home/n/w/nwhite01/storage/ocr_20150623/146/nnc1.0046980610/558.png"; bbox 0 0 4248 6446; ppageno 0'>
   <div class='ocr_carea' id='block_1_1' title="bbox 297 406 437 474">
    <p class='ocr_par' dir='ltr' id='par_1_1' title="bbox 297 406 437 474">
     <span class='ocr_line' id='line_1_1' title="bbox 297 406 437 474; baseline 0.021 -3"><span class='ocrx_word' id='word_1_1' title='bbox 297 406 437 474; x_wconf 68' lang='grc'><strong>1049</strong></span> 
     </span>
    </p>
   </div>
   <div class='ocr_carea' id='block_1_2' title="bbox 1192 418 2604 487">
    <p class='ocr_par' dir='ltr' id='par_1_2' title="bbox 1192 418 2604 487">
     <span class='ocr_line' id='line_1_2' title="bbox 1192 418 2604 487; baseline 0.006 -8"><span class='ocrx_word' id='word_1_2' title='bbox 1192 418 1788 483; x_wconf 63' lang='grc' dir='ltr'><strong>ΕΟΟΕΕΞΙΑΞΤΙΟᾸΞ</strong></span> <span class='ocrx_word' id='word_1_3' title='bbox 1831 422 2215 485; x_wconf 69' lang='lat' dir='ltr'><strong>HlS’l‘Ol&#39;ilsE</strong></span> <span class='ocrx_word' id='word_1_4' title='bbox 2255 424 2402 485; x_wconf 79' lang='lat' dir='ltr'><strong>LIB.</strong></span> <span class='ocrx_word' id='word_1_5' title='bbox 2437 426 2604 487; x_wconf 81' lang='lat' dir='ltr'><strong>XlIl.</strong></span> 
     </span>
    </p>
   </div>
   <div class='ocr_carea' id='block_1_3' title="bbox 3419 418 3562 485">
    <p class='ocr_par' dir='ltr' id='par_1_3' title="bbox 3419 418 3562 485">
     <span class='ocr_line' id='line_1_3' title="bbox 3419 418 3562 485; baseline 0.007 -1"><span class='ocrx_word' id='word_1_6' title='bbox 3419 418 3562 485; x_wconf 74' lang='grc'>1050</span> 
     </span>
    </p>
   </div>
   <div class='ocr_carea' id='block_1_4' title="bbox 295 522 1972 607">
    <p class='ocr_par' dir='ltr' id='par_1_4' title="bbox 295 522 1953 603">
     <span class='ocr_line' id='line_1_4' title="bbox 295 522 1953 603; baseline 0.006 -26"><span class='ocrx_word' id='word_1_7' title='bbox 295 524 392 577; x_wconf 77' lang='grc' dir='ltr'><strong>καί</strong></span> <span class='ocrx_word' id='word_1_8' title='bbox 416 522 531 593; x_wconf 88' lang='grc' dir='ltr'><strong>πῦρ</strong></span> <span class='ocrx_word' id='word_1_9' title='bbox 561 524 856 594; x_wconf 73' lang='grc' dir='ltr'><strong>οὐρανόθεν</strong></span> <span class='ocrx_word' id='word_1_10' title='bbox 878 532 1515 603; x_wconf 77' lang='grc' dir='ltr'><strong>συγκαταρρηγνύμενον</strong></span> <span class='ocrx_word' id='word_1_11' title='bbox 1567 536 1748 588; x_wconf 79' lang='grc' dir='ltr'><strong>πᾶσαν</strong></span> <span class='ocrx_word' id='word_1_12' title='bbox 1800 535 1881 588; x_wconf 75' lang='grc' dir='ltr'><strong>ὲλο</strong></span> <span class='ocrx_word' id='word_1_13' title='bbox 1915 542 1953 595; x_wconf 71' lang='grc' dir='ltr'><strong>Α</strong></span> 
     </span>
    </p>
   </div>
   <div class='ocr_carea' id='block_1_5' title="bbox 1880 522 3557 607">
    <p class='ocr_par' dir='ltr' id='par_1_5' title="bbox 1880 537 3557 607">
     <span class='ocr_line' id='line_1_5' title="bbox 1880 537 3557 607; baseline -0.001 -12"><span class='ocrx_word' id='word_1_14' title='bbox 1880 568 1881 573; x_wconf 56' lang='grc' dir='ltr'><strong>η</strong></span> <span class='ocrx_word' id='word_1_15' title='bbox 1915 542 1953 595; x_wconf 72' lang='grc' dir='ltr'><strong>Α</strong></span> <span class='ocrx_word' id='word_1_16' title='bbox 1994 538 2282 593; x_wconf 84' lang='lat' dir='ltr'><strong>hominum</strong></span> <span class='ocrx_word' id='word_1_17' title='bbox 2339 541 2594 596; x_wconf 76' lang='lat' dir='ltr'><strong>interitus</strong></span> <span class='ocrx_word' id='word_1_18' title='bbox 2628 539 2891 593; x_wconf 87' lang='lat' dir='ltr'><strong>indicium</strong></span> <span class='ocrx_word' id='word_1_19' title='bbox 2946 539 3069 593; x_wconf 84' lang='lat' dir='ltr'><strong>fuit.</strong></span> <span class='ocrx_word' id='word_1_20' title='bbox 3122 537 3393 607; x_wconf 82' lang='lat' dir='ltr'><strong>Deinceps</strong></span> <span class='ocrx_word' id='word_1_21' title='bbox 3422 553 3557 593; x_wconf 81' lang='lat' dir='ltr'><strong>vero</strong></span> 
     </span>
    </p>
   </div>
   <div class='ocr_carea' id='block_1_6' title="bbox 295 615 1878 697">
    <p class='ocr_par' dir='ltr' id='par_1_6' title="bbox 295 615 1878 697">
     <span class='ocr_line' id='line_1_6' title="bbox 295 615 1878 697; baseline 0.008 -30"><span class='ocrx_word' id='word_1_22' title='bbox 295 615 425 669; x_wconf 82' lang='grc' dir='ltr'><strong>πίδα</strong></span> <span class='ocrx_word' id='word_1_23' title='bbox 452 618 788 687; x_wconf 75' lang='grc' dir='ltr'><strong>περιέκοπτε</strong></span> <span class='ocrx_word' id='word_1_24' title='bbox 824 624 1124 691; x_wconf 78' lang='grc' dir='ltr'><strong>σωτηρίας.</strong></span> <span class='ocrx_word' id='word_1_25' title='bbox 1152 624 1300 693; x_wconf 85' lang='grc' dir='ltr'><strong>Πλήν</strong></span> <span class='ocrx_word' id='word_1_26' title='bbox 1324 643 1387 694; x_wconf 85' lang='grc' dir='ltr'><strong>γε</strong></span> <span class='ocrx_word' id='word_1_27' title='bbox 1433 626 1644 697; x_wconf 85' lang='grc' dir='ltr'><strong>φθορὰν</strong></span> <span class='ocrx_word' id='word_1_28' title='bbox 1670 625 1878 695; x_wconf 76' lang='grc' dir='ltr'><strong>ἀνθρώ·</strong></span> 
     </span>
    </p>
   </div>
   <div class='ocr_carea' id='block_1_7' title="bbox 292 710 1873 791">
    <p class='ocr_par' dir='ltr' id='par_1_7' title="bbox 292 710 1873 791">
     <span class='ocr_line' id='line_1_7' title="bbox 292 710 1873 791; baseline 0.009 -32"><span class='ocrx_word' id='word_1_29' title='bbox 292 725 413 762; x_wconf 84' lang='grc' dir='ltr'><strong>πων</strong></span> <span class='ocrx_word' id='word_1_30' title='bbox 434 710 538 763; x_wconf 84' lang='grc' dir='ltr'><strong>οὐκ</strong></span> <span class='ocrx_word' id='word_1_31' title='bbox 560 712 919 783; x_wconf 78' lang='grc' dir='ltr'><strong>ἐνειργάσατο</strong></span> <span class='ocrx_word' id='word_1_32' title='bbox 940 731 957 747; x_wconf 76' lang='grc'><strong><em>⁵</em></strong></span> <span class='ocrx_word' id='word_1_33' title='bbox 990 715 1106 769; x_wconf 90' lang='grc' dir='ltr'><strong>ἀλλ’</strong></span> <span class='ocrx_word' id='word_1_34' title='bbox 1129 718 1160 787; x_wconf 75' lang='grc' dir='ltr'>ἡ</span> <span class='ocrx_word' id='word_1_35' title='bbox 1190 718 1309 772; x_wconf 90' lang='grc' dir='ltr'><strong>θεία</strong></span> <span class='ocrx_word' id='word_1_36' title='bbox 1334 719 1590 788; x_wconf 75' lang='grc' dir='ltr'><strong>εὐμένεια</strong></span> <span class='ocrx_word' id='word_1_37' title='bbox 1655 720 1873 791; x_wconf 89' lang='grc' dir='ltr'><strong>πνεῦμα</strong></span> 
     </span>
    </p>
   </div>
   <div class='ocr_carea' id='block_1_8' title="bbox 292 803 1877 883">
    <p class='ocr_par' dir='ltr' id='par_1_8' title="bbox 292 803 1877 883">
     <span class='ocr_line' id='line_1_8' title="bbox 292 803 1877 883; baseline 0.009 -30"><span class='ocrx_word' id='word_1_38' title='bbox 292 803 528 871; x_wconf 81' lang='grc' dir='ltr'><strong>σφοδρὸν</strong></span> <span class='ocrx_word' id='word_1_39' title='bbox 549 804 804 858; x_wconf 85' lang='grc' dir='ltr'><strong>καθιεῖσα</strong></span> <span class='ocrx_word' id='word_1_40' title='bbox 841 808 936 860; x_wconf 76' lang='grc' dir='ltr'><strong>καὶ</strong></span> <span class='ocrx_word' id='word_1_41' title='bbox 975 808 1037 861; x_wconf 74' lang='grc' dir='ltr'><strong>τὸ</strong></span> <span class='ocrx_word' id='word_1_42' title='bbox 1077 808 1191 877; x_wconf 87' lang='grc' dir='ltr'><strong>πῦρ</strong></span> <span class='ocrx_word' id='word_1_43' title='bbox 1225 812 1569 881; x_wconf 80' lang='grc' dir='ltr'><strong>πανταχόθεν</strong></span> <span class='ocrx_word' id='word_1_44' title='bbox 1624 814 1877 883; x_wconf 86' lang='grc' dir='ltr'><strong>περιελά-</strong></span> 
     </span>
    </p>
   </div>
   <div class='ocr_carea' id='block_1_9' title="bbox 292 896 1875 974">
    <p class='ocr_par' dir='ltr' id='par_1_9' title="bbox 292 896 1875 974">
     <span class='ocr_line' id='line_1_9' title="bbox 292 896 1875 974; baseline 0.008 -29"><span class='ocrx_word' id='word_1_45' title='bbox 292 911 455 957; x_wconf 81' lang='grc' dir='ltr'><strong>σασα,</strong></span> <span class='ocrx_word' id='word_1_46' title='bbox 481 896 627 949; x_wconf 72' lang='grc' dir='ltr'><strong>κατὰ</strong></span> <span class='ocrx_word' id='word_1_47' title='bbox 664 898 766 967; x_wconf 86' lang='grc' dir='ltr'><strong>τῆς</strong></span> <span class='ocrx_word' id='word_1_48' title='bbox 819 898 1097 972; x_wconf 73' lang='grc' dir='ltr'><strong>θαλάσσης</strong></span> <span class='ocrx_word' id='word_1_49' title='bbox 1128 902 1425 974; x_wconf 73' lang='grc' dir='ltr'><strong>ἀπέρριψε.</strong></span> <span class='ocrx_word' id='word_1_50' title='bbox 1474 903 1581 956; x_wconf 78' lang='lat' dir='ltr'><strong>Kal</strong></span> <span class='ocrx_word' id='word_1_51' title='bbox 1634 900 1703 974; x_wconf 82' lang='grc' dir='ltr'><strong>ἦν</strong></span> <span class='ocrx_word' id='word_1_52' title='bbox 1747 904 1875 957; x_wconf 82' lang='grc' dir='ltr'><strong>ίδεῖν</strong></span> 
     </span>
    </p>
   </div>
   <div class='ocr_carea' id='block_1_10' title="bbox 292 985 1873 1065">
    <p class='ocr_par' dir='ltr' id='par_1_10' title="bbox 292 985 1873 1065">
     <span class='ocr_line' id='line_1_10' title="bbox 292 985 1873 1065; baseline 0.008 -28"><span class='ocrx_word' id='word_1_53' title='bbox 292 985 448 1051; x_wconf 79' lang='grc' dir='ltr'><strong>ξένον</strong></span> <span class='ocrx_word' id='word_1_54' title='bbox 502 987 707 1059; x_wconf 83' lang='grc' dir='ltr'><strong>θέαμα,</strong></span> <span class='ocrx_word' id='word_1_55' title='bbox 772 991 880 1044; x_wconf 87' lang='grc' dir='ltr'><strong>τῶν</strong></span> <span class='ocrx_word' id='word_1_56' title='bbox 931 995 1193 1063; x_wconf 82' lang='grc' dir='ltr'><strong>κυμάτων</strong></span> <span class='ocrx_word' id='word_1_57' title='bbox 1244 995 1338 1049; x_wconf 74' lang='grc' dir='ltr'><strong>ἐπὶ</strong></span> <span class='ocrx_word' id='word_1_58' title='bbox 1380 994 1631 1050; x_wconf 74' lang='grc' dir='ltr'><strong>πλεῖστον</strong></span> <span class='ocrx_word' id='word_1_59' title='bbox 1683 997 1873 1065; x_wconf 82' lang='grc' dir='ltr'><strong>ὥσπερ</strong></span> 
     </span>
    </p>
   </div>
   <div class='ocr_carea' id='block_1_11' title="bbox 290 1076 1870 1155">
    <p class='ocr_par' dir='ltr' id='par_1_11' title="bbox 290 1076 1870 1155">
     <span class='ocr_line' id='line_1_11' title="bbox 290 1076 1870 1155; baseline 0.007 -28"><span class='ocrx_word' id='word_1_60' title='bbox 290 1076 455 1130; x_wconf 70' lang='grc' dir='ltr'><strong>τινῶν</strong></span> <span class='ocrx_word' id='word_1_61' title='bbox 486 1078 800 1134; x_wconf 78' lang='grc' dir='ltr'><strong>θαλασσίων</strong></span> <span class='ocrx_word' id='word_1_62' title='bbox 832 1083 1053 1153; x_wconf 80' lang='grc' dir='ltr'><strong>χωρίων</strong></span> <span class='ocrx_word' id='word_1_63' title='bbox 1077 1084 1156 1149; x_wconf 85' lang='grc' dir='ltr'><strong>τῷ</strong></span> <span class='ocrx_word' id='word_1_64' title='bbox 1189 1088 1322 1155; x_wconf 75' lang='grc' dir='ltr'><strong>πυρὶ</strong></span> <span class='ocrx_word' id='word_1_65' title='bbox 1352 1087 1870 1155; x_wconf 80' lang='grc' dir='ltr'><strong>καταφλεγομένων,</strong></span> 
     </span>
    </p>
   </div>
   <div class='ocr_carea' id='block_1_12' title="bbox 291 1170 1869 1248">
    <p class='ocr_par' dir='ltr' id='par_1_12' title="bbox 291 1170 1869 1248">
     <span class='ocr_line' id='line_1_12' title="bbox 291 1170 1869 1248; baseline 0.009 -27"><span class='ocrx_word' id='word_1_66' title='bbox 291 1170 423 1239; x_wconf 77' lang='grc' dir='ltr'><strong>ἄχρι</strong></span> <span class='ocrx_word' id='word_1_67' title='bbox 451 1172 680 1235; x_wconf 79' lang='grc' dir='ltr'><strong>τελείως</strong></span> <span class='ocrx_word' id='word_1_68' title='bbox 709 1174 770 1226; x_wconf 77' lang='grc' dir='ltr'><strong>τὸ</strong></span> <span class='ocrx_word' id='word_1_69' title='bbox 813 1174 1016 1243; x_wconf 77' lang='grc' dir='ltr'><strong>φλέγον</strong></span> <span class='ocrx_word' id='word_1_70' title='bbox 1055 1176 1134 1247; x_wconf 83' lang='grc' dir='ltr'><strong>τῷ</strong></span> <span class='ocrx_word' id='word_1_71' title='bbox 1188 1178 1417 1247; x_wconf 78' lang='grc' dir='ltr'><strong>πελάγει</strong></span> <span class='ocrx_word' id='word_1_72' title='bbox 1473 1179 1869 1248; x_wconf 72' lang='grc' dir='ltr'><strong>ὲναπεσόίσθη.</strong></span> 
     </span>
    </p>
   </div>
   <div class='ocr_carea' id='block_1_13' title="bbox 293 1262 1873 1343">
    <p class='ocr_par' dir='ltr' id='par_1_13' title="bbox 293 1262 1873 1343">
     <span class='ocr_line' id='line_1_13' title="bbox 293 1262 1873 1343; baseline 0.01 -29"><span class='ocrx_word' id='word_1_73' title='bbox 293 1262 418 1315; x_wconf 83' lang='grc' dir='ltr'><strong>Τῶν</strong></span> <span class='ocrx_word' id='word_1_74' title='bbox 443 1264 500 1318; x_wconf 80' lang='grc' dir='ltr'><strong>δὲ</strong></span> <span class='ocrx_word' id='word_1_75' title='bbox 520 1266 584 1337; x_wconf 77' lang='grc' dir='ltr'><strong>δὴ</strong></span> <span class='ocrx_word' id='word_1_76' title='bbox 616 1267 881 1321; x_wconf 85' lang='grc' dir='ltr'><strong>τοιούτων</strong></span> <span class='ocrx_word' id='word_1_77' title='bbox 940 1271 1183 1340; x_wconf 83' lang='grc' dir='ltr'><strong>σεισμῶν</strong></span> <span class='ocrx_word' id='word_1_78' title='bbox 1222 1273 1363 1326; x_wconf 83' lang='grc' dir='ltr'><strong>κατά</strong></span> <span class='ocrx_word' id='word_1_79' title='bbox 1418 1273 1590 1343; x_wconf 81' lang='grc' dir='ltr'><strong>πολλά</strong></span> <span class='ocrx_word' id='word_1_80' title='bbox 1619 1274 1716 1343; x_wconf 84' lang='grc' dir='ltr'><strong>τῆς</strong></span> <span class='ocrx_word' id='word_1_81' title='bbox 1770 1278 1873 1343; x_wconf 75' lang='grc' dir='ltr'><strong>γῆς</strong></span> 
     </span>
    </p>
   </div>
   <div class='ocr_carea' id='block_1_14' title="bbox 293 1341 1873 1435">
    <p class='ocr_par' dir='ltr' id='par_1_14' title="bbox 293 1341 1873 1435">
     <span class='ocr_line' id='line_1_14' title="bbox 293 1341 1873 1435; baseline 0.005 -27"><span class='ocrx_word' id='word_1_82' title='bbox 293 1354 636 1425; x_wconf 76' lang='grc' dir='ltr'><strong>γενομένων,</strong></span> <span class='ocrx_word' id='word_1_83' title='bbox 683 1358 951 1431; x_wconf 77' lang='grc' dir='ltr'><strong>ὤφθησαν</strong></span> <span class='ocrx_word' id='word_1_84' title='bbox 998 1363 1197 1433; x_wconf 74' lang='grc' dir='ltr'><strong>ὀροφαὶ</strong></span> <span class='ocrx_word' id='word_1_85' title='bbox 1259 1341 1449 1417; x_wconf 66' lang='grc' dir='ltr'><strong>οἰκιῶν</strong></span> <span class='ocrx_word' id='word_1_86' title='bbox 1499 1362 1594 1417; x_wconf 88' lang='grc' dir='ltr'><strong>ἀπ’</strong></span> <span class='ocrx_word' id='word_1_87' title='bbox 1628 1341 1873 1435; x_wconf 86' lang='grc' dir='ltr'><strong>ἀλλήλων</strong></span> 
     </span>
    </p>
   </div>
   <div class='ocr_carea' id='block_1_15' title="bbox 296 1451 1871 1529">
    <p class='ocr_par' dir='ltr' id='par_1_15' title="bbox 296 1451 1871 1529">
     <span class='ocr_line' id='line_1_15' title="bbox 296 1451 1871 1529; baseline 0.005 -27"><span class='ocrx_word' id='word_1_88' title='bbox 296 1451 437 1517; x_wconf 75' lang='grc' dir='ltr'><strong>μετὰ</strong></span> <span class='ocrx_word' id='word_1_89' title='bbox 463 1453 721 1521; x_wconf 80' lang='grc' dir='ltr'><strong>μεγάλων</strong></span> <span class='ocrx_word' id='word_1_90' title='bbox 788 1456 1051 1522; x_wconf 80' lang='grc' dir='ltr'><strong>πατάγων</strong></span> <span class='ocrx_word' id='word_1_91' title='bbox 1087 1458 1180 1511; x_wconf 78' lang='grc' dir='ltr'><strong>καὶ</strong></span> <span class='ocrx_word' id='word_1_92' title='bbox 1218 1457 1527 1529; x_wconf 72' lang='grc' dir='ltr'><strong>ἀρραγμῶν</strong></span> <span class='ocrx_word' id='word_1_93' title='bbox 1559 1457 1871 1522; x_wconf 83' lang='grc' dir='ltr'><strong>διαστᾶσαι,</strong></span> 
     </span>
    </p>
   </div>
   <div class='ocr_carea' id='block_1_16' title="bbox 293 1542 1874 1620">
    <p class='ocr_par' dir='ltr' id='par_1_16' title="bbox 293 1542 1874 1620">
     <span class='ocr_line' id='line_1_16' title="bbox 293 1542 1874 1620; baseline 0.005 -28"><span class='ocrx_word' id='word_1_94' title='bbox 293 1542 368 1603; x_wconf 80' lang='grc' dir='ltr'><strong>ὡς</strong></span> <span class='ocrx_word' id='word_1_95' title='bbox 404 1543 659 1609; x_wconf 76' lang='grc' dir='ltr'><strong>καὶτοὺς</strong></span> <span class='ocrx_word' id='word_1_96' title='bbox 692 1544 843 1598; x_wconf 76' lang='grc' dir='ltr'><strong>ἔνδον</strong></span> <span class='ocrx_word' id='word_1_97' title='bbox 878 1548 1302 1618; x_wconf 81' lang='grc' dir='ltr'><strong>παρατυχόντας</strong></span> <span class='ocrx_word' id='word_1_98' title='bbox 1357 1551 1421 1620; x_wconf 78' lang='grc' dir='ltr'><strong>τῇ</strong></span> <span class='ocrx_word' id='word_1_99' title='bbox 1452 1548 1574 1619; x_wconf 74' lang='grc' dir='ltr'><strong>ὄψει</strong></span> <span class='ocrx_word' id='word_1_100' title='bbox 1612 1549 1874 1618; x_wconf 76' lang='grc' dir='ltr'><strong>καθαρῶς</strong></span> 
     </span>
    </p>
   </div>
   <div class='ocr_carea' id='block_1_17' title="bbox 294 1635 1874 1714">
    <p class='ocr_par' dir='ltr' id='par_1_17' title="bbox 294 1635 1874 1714">
     <span class='ocr_line' id='line_1_17' title="bbox 294 1635 1874 1714; baseline 0.006 -29"><span class='ocrx_word' id='word_1_101' title='bbox 294 1635 387 1687; x_wconf 77' lang='grc' dir='ltr'><strong>τὸν</strong></span> <span class='ocrx_word' id='word_1_102' title='bbox 432 1636 662 1706; x_wconf 68' lang='grc' dir='ltr'><strong>οὐρανὸν</strong></span> <span class='ocrx_word' id='word_1_103' title='bbox 702 1638 1028 1693; x_wconf 72' lang='grc' dir='ltr'><strong>ὑποϐάλλειν</strong></span> <span class='ocrx_word' id='word_1_104' title='bbox 1062 1654 1075 1670; x_wconf 89' lang='grc'><strong>·</strong></span> <span class='ocrx_word' id='word_1_105' title='bbox 1128 1642 1223 1695; x_wconf 73' lang='grc' dir='ltr'><strong>καὶ</strong></span> <span class='ocrx_word' id='word_1_106' title='bbox 1273 1642 1412 1711; x_wconf 82' lang='grc' dir='ltr'><strong>μετὰ</strong></span> <span class='ocrx_word' id='word_1_107' title='bbox 1451 1645 1551 1714; x_wconf 79' lang='grc' dir='ltr'><strong>τὴν</strong></span> <span class='ocrx_word' id='word_1_108' title='bbox 1604 1643 1874 1714; x_wconf 79' lang='grc' dir='ltr'><strong>τοσαύτην</strong></span> 
     </span>
    </p>
   </div>
   <div class='ocr_carea' id='block_1_18' title="bbox 294 1730 1865 1806">
    <p class='ocr_par' dir='ltr' id='par_1_18' title="bbox 294 1730 1865 1806">
     <span class='ocr_line' id='line_1_18' title="bbox 294 1730 1865 1806; baseline 0.006 -26"><span class='ocrx_word' id='word_1_109' title='bbox 294 1730 601 1796; x_wconf 71' lang='grc' dir='ltr'><strong>διάστασιν,</strong></span> <span class='ocrx_word' id='word_1_110' title='bbox 622 1732 765 1786; x_wconf 82' lang='grc' dir='ltr'><strong>οὓτω</strong></span> <span class='ocrx_word' id='word_1_111' title='bbox 791 1735 956 1789; x_wconf 86' lang='grc' dir='ltr'><strong>πάλιν</strong></span> <span class='ocrx_word' id='word_1_112' title='bbox 980 1736 1343 1806; x_wconf 82' lang='grc' dir='ltr'><strong>ἀρμοσθεῖσαι</strong></span> <span class='ocrx_word' id='word_1_113' title='bbox 1374 1737 1467 1790; x_wconf 77' lang='grc' dir='ltr'><strong>καὶ</strong></span> <span class='ocrx_word' id='word_1_114' title='bbox 1490 1737 1865 1805; x_wconf 84' lang='grc' dir='ltr'><strong>συναφθετσαι,</strong></span> 
     </span>
    </p>
   </div>
   <div class='ocr_carea' id='block_1_19' title="bbox 1983 612 3554 706">
    <p class='ocr_par' dir='ltr' id='par_1_19' title="bbox 1983 626 3554 706">
     <span class='ocr_line' id='line_1_19' title="bbox 1983 626 3554 706; baseline 0.001 -20"><span class='ocrx_word' id='word_1_115' title='bbox 1983 644 2330 689; x_wconf 68' lang='lat' dir='ltr'><strong>terra-motus</strong></span> <span class='ocrx_word' id='word_1_116' title='bbox 2360 651 2481 690; x_wconf 83' lang='lat' dir='ltr'><strong>esse</strong></span> <span class='ocrx_word' id='word_1_117' title='bbox 2517 644 2828 701; x_wconf 79' lang='lat' dir='ltr'><strong>emperunt,</strong></span> <span class='ocrx_word' id='word_1_118' title='bbox 2864 635 2955 706; x_wconf 86' lang='lat' dir='ltr'><strong>qui</strong></span> <span class='ocrx_word' id='word_1_119' title='bbox 2995 651 3100 689; x_wconf 91' lang='lat' dir='ltr'><strong>non</strong></span> <span class='ocrx_word' id='word_1_120' title='bbox 3129 634 3288 689; x_wconf 87' lang='lat' dir='ltr'><strong>facile</strong></span> <span class='ocrx_word' id='word_1_121' title='bbox 3317 626 3441 687; x_wconf 68' lang='lat' dir='ltr'><strong>cum</strong></span> <span class='ocrx_word' id='word_1_122' title='bbox 3470 633 3554 688; x_wconf 88' lang='lat' dir='ltr'><strong>eis</strong></span> 
     </span>
    </p>
   </div>
   <div class='ocr_carea' id='block_1_20' title="bbox 1979 726 3553 797">
    <p class='ocr_par' dir='ltr' id='par_1_20' title="bbox 1979 726 3553 797">
     <span class='ocr_line' id='line_1_20' title="bbox 1979 726 3553 797; baseline -0.001 -15"><span class='ocrx_word' id='word_1_123' title='bbox 1979 728 2075 797; x_wconf 85' lang='lat' dir='ltr'><strong>qui</strong></span> <span class='ocrx_word' id='word_1_124' title='bbox 2124 741 2282 783; x_wconf 92' lang='lat' dir='ltr'><strong>antea</strong></span> <span class='ocrx_word' id='word_1_125' title='bbox 2323 732 2676 794; x_wconf 74' lang='lat' dir='ltr'><strong>exstiterant,</strong></span> <span class='ocrx_word' id='word_1_126' title='bbox 2706 730 2944 784; x_wconf 87' lang='lat' dir='ltr'><strong>conferri</strong></span> <span class='ocrx_word' id='word_1_127' title='bbox 2984 737 3227 796; x_wconf 75' lang='lat' dir='ltr'><strong>possent.</strong></span> <span class='ocrx_word' id='word_1_128' title='bbox 3260 726 3396 782; x_wconf 90' lang='lat' dir='ltr'><strong>Cum</strong></span> <span class='ocrx_word' id='word_1_129' title='bbox 3438 733 3553 780; x_wconf 89' lang='lat' dir='ltr'><strong>ter-</strong></span> 
     </span>
    </p>
   </div>
   <div class='ocr_carea' id='block_1_21' title="bbox 1980 815 3553 891">
    <p class='ocr_par' dir='ltr' id='par_1_21' title="bbox 1980 815 3553 891">
     <span class='ocr_line' id='line_1_21' title="bbox 1980 815 3553 891; baseline -0.001 -20"><span class='ocrx_word' id='word_1_130' title='bbox 1980 818 2301 873; x_wconf 69' lang='lat' dir='ltr'><strong>raemotibus</strong></span> <span class='ocrx_word' id='word_1_131' title='bbox 2334 820 2478 888; x_wconf 81' lang='lat' dir='ltr'><strong>ignis</strong></span> <span class='ocrx_word' id='word_1_132' title='bbox 2508 836 2755 891; x_wconf 89' lang='lat' dir='ltr'><strong>quoque,</strong></span> <span class='ocrx_word' id='word_1_133' title='bbox 2783 819 2924 875; x_wconf 66' lang='lat' dir='ltr'><strong>coelo</strong></span> <span class='ocrx_word' id='word_1_134' title='bbox 2955 818 3111 889; x_wconf 87' lang='lat' dir='ltr'><strong>quasi</strong></span> <span class='ocrx_word' id='word_1_135' title='bbox 3156 826 3319 887; x_wconf 88' lang='lat' dir='ltr'><strong>rupto</strong></span> <span class='ocrx_word' id='word_1_136' title='bbox 3362 815 3553 885; x_wconf 88' lang='lat' dir='ltr'><strong>delap-</strong></span> 
     </span>
    </p>
   </div>
   <div class='ocr_carea' id='block_1_22' title="bbox 1981 913 3545 985">
    <p class='ocr_par' dir='ltr' id='par_1_22' title="bbox 1981 913 3545 985">
     <span class='ocr_line' id='line_1_22' title="bbox 1981 913 3545 985; baseline -0.001 -20"><span class='ocrx_word' id='word_1_137' title='bbox 1981 928 2096 979; x_wconf 87' lang='lat' dir='ltr'><strong>sus,</strong></span> <span class='ocrx_word' id='word_1_138' title='bbox 2126 915 2322 970; x_wconf 85' lang='lat' dir='ltr'><strong>salutis</strong></span> <span class='ocrx_word' id='word_1_139' title='bbox 2351 930 2502 985; x_wconf 87' lang='lat' dir='ltr'><strong>spem</strong></span> <span class='ocrx_word' id='word_1_140' title='bbox 2535 932 2752 971; x_wconf 90' lang='lat' dir='ltr'><strong>omnem</strong></span> <span class='ocrx_word' id='word_1_141' title='bbox 2785 915 3057 985; x_wconf 68' lang='lat' dir='ltr'><strong>prmcidit,</strong></span> <span class='ocrx_word' id='word_1_142' title='bbox 3119 913 3330 967; x_wconf 82' lang='lat' dir='ltr'><strong>cladem</strong></span> <span class='ocrx_word' id='word_1_143' title='bbox 3363 920 3545 966; x_wconf 86' lang='lat' dir='ltr'><strong>tamen</strong></span> 
     </span>
    </p>
   </div>
   <div class='ocr_carea' id='block_1_23' title="bbox 1980 1005 3549 1077">
    <p class='ocr_par' dir='ltr' id='par_1_23' title="bbox 1980 1005 3549 1077">
     <span class='ocr_line' id='line_1_23' title="bbox 1980 1005 3549 1077; baseline -0.002 -17"><span class='ocrx_word' id='word_1_144' title='bbox 1980 1007 2302 1064; x_wconf 89' lang='lat' dir='ltr'><strong>hominibus</strong></span> <span class='ocrx_word' id='word_1_145' title='bbox 2342 1024 2449 1063; x_wconf 93' lang='lat' dir='ltr'><strong>non</strong></span> <span class='ocrx_word' id='word_1_146' title='bbox 2487 1010 2692 1066; x_wconf 88' lang='lat' dir='ltr'><strong>intulit.</strong></span> <span class='ocrx_word' id='word_1_147' title='bbox 2742 1011 2930 1064; x_wconf 85' lang='lat' dir='ltr'><strong>Divina</strong></span> <span class='ocrx_word' id='word_1_148' title='bbox 2965 1023 3201 1077; x_wconf 86' lang='lat' dir='ltr'><strong>namque</strong></span> <span class='ocrx_word' id='word_1_149' title='bbox 3236 1005 3549 1076; x_wconf 80' lang='lat' dir='ltr'><strong>benignitas</strong></span> 
     </span>
    </p>
   </div>
   <div class='ocr_carea' id='block_1_24' title="bbox 1976 1101 3550 1171">
    <p class='ocr_par' dir='ltr' id='par_1_24' title="bbox 1976 1101 3550 1171">
     <span class='ocr_line' id='line_1_24' title="bbox 1976 1101 3550 1171; baseline -0.003 -16"><span class='ocrx_word' id='word_1_150' title='bbox 1976 1112 2142 1157; x_wconf 85' lang='lat' dir='ltr'><strong>vento</strong></span> <span class='ocrx_word' id='word_1_151' title='bbox 2199 1102 2515 1158; x_wconf 77' lang='lat' dir='ltr'><strong>vehementi</strong></span> <span class='ocrx_word' id='word_1_152' title='bbox 2576 1103 2840 1167; x_wconf 87' lang='lat' dir='ltr'><strong>demisso,</strong></span> <span class='ocrx_word' id='word_1_153' title='bbox 2898 1112 2953 1157; x_wconf 89' lang='lat' dir='ltr'><strong>et</strong></span> <span class='ocrx_word' id='word_1_154' title='bbox 3006 1102 3129 1171; x_wconf 77' lang='lat' dir='ltr'><strong>igne</strong></span> <span class='ocrx_word' id='word_1_155' title='bbox 3181 1101 3550 1168; x_wconf 86' lang='lat' dir='ltr'><strong>undequaque</strong></span> 
     </span>
    </p>
   </div>
   <div class='ocr_carea' id='block_1_25' title="bbox 1977 1194 3552 1267">
    <p class='ocr_par' dir='ltr' id='par_1_25' title="bbox 1977 1194 3552 1267">
     <span class='ocr_line' id='line_1_25' title="bbox 1977 1194 3552 1267; baseline -0.003 -18"><span class='ocrx_word' id='word_1_156' title='bbox 1977 1197 2293 1264; x_wconf 84' lang='lat' dir='ltr'><strong>provoluto,</strong></span> <span class='ocrx_word' id='word_1_157' title='bbox 2340 1198 2394 1251; x_wconf 90' lang='lat' dir='ltr'><strong>in</strong></span> <span class='ocrx_word' id='word_1_158' title='bbox 2435 1214 2585 1254; x_wconf 89' lang='lat' dir='ltr'><strong>mare</strong></span> <span class='ocrx_word' id='word_1_159' title='bbox 2625 1213 2750 1252; x_wconf 90' lang='lat' dir='ltr'><strong>eum</strong></span> <span class='ocrx_word' id='word_1_160' title='bbox 2796 1197 3017 1267; x_wconf 84' lang='lat' dir='ltr'><strong>abjeeit.</strong></span> <span class='ocrx_word' id='word_1_161' title='bbox 3050 1194 3251 1249; x_wconf 87' lang='lat' dir='ltr'><strong>Videre</strong></span> <span class='ocrx_word' id='word_1_162' title='bbox 3283 1203 3396 1247; x_wconf 91' lang='lat' dir='ltr'><strong>tum</strong></span> <span class='ocrx_word' id='word_1_163' title='bbox 3429 1201 3552 1246; x_wconf 88' lang='lat' dir='ltr'><strong>erat</strong></span> 
     </span>
    </p>
   </div>
   <div class='ocr_carea' id='block_1_26' title="bbox 1976 1285 3550 1359">
    <p class='ocr_par' dir='ltr' id='par_1_26' title="bbox 1976 1285 3550 1359">
     <span class='ocr_line' id='line_1_26' title="bbox 1976 1285 3550 1359; baseline -0.003 -18"><span class='ocrx_word' id='word_1_164' title='bbox 1976 1290 2355 1358; x_wconf 72' lang='lat' dir='ltr'><strong>spectaculum</strong></span> <span class='ocrx_word' id='word_1_165' title='bbox 2399 1306 2625 1356; x_wconf 86' lang='lat' dir='ltr'><strong>novum,</strong></span> <span class='ocrx_word' id='word_1_166' title='bbox 2675 1289 2876 1344; x_wconf 80' lang='lat' dir='ltr'><strong>ﬂuctus</strong></span> <span class='ocrx_word' id='word_1_167' title='bbox 2916 1290 3067 1357; x_wconf 88' lang='lat' dir='ltr'><strong>ipsos</strong></span> <span class='ocrx_word' id='word_1_168' title='bbox 3112 1285 3345 1359; x_wconf 84' lang='lat' dir='ltr'><strong>perinde</strong></span> <span class='ocrx_word' id='word_1_169' title='bbox 3385 1294 3550 1353; x_wconf 90' lang='lat' dir='ltr'><strong>atque</strong></span> 
     </span>
    </p>
   </div>
   <div class='ocr_carea' id='block_1_27' title="bbox 1977 1377 3548 1452">
    <p class='ocr_par' dir='ltr' id='par_1_27' title="bbox 1977 1377 3548 1452">
     <span class='ocr_line' id='line_1_27' title="bbox 1977 1377 3548 1452; baseline -0.003 -18"><span class='ocrx_word' id='word_1_170' title='bbox 1977 1380 2233 1451; x_wconf 81' lang='lat' dir='ltr'><strong>regiones</strong></span> <span class='ocrx_word' id='word_1_171' title='bbox 2268 1381 2533 1451; x_wconf 85' lang='lat' dir='ltr'><strong>quasdam</strong></span> <span class='ocrx_word' id='word_1_172' title='bbox 2568 1383 2815 1437; x_wconf 89' lang='lat' dir='ltr'><strong>marinas</strong></span> <span class='ocrx_word' id='word_1_173' title='bbox 2849 1382 3145 1452; x_wconf 84' lang='lat' dir='ltr'><strong>plurimum</strong></span> <span class='ocrx_word' id='word_1_174' title='bbox 3179 1378 3289 1448; x_wconf 83' lang='lat' dir='ltr'><strong>igni</strong></span> <span class='ocrx_word' id='word_1_175' title='bbox 3329 1377 3548 1439; x_wconf 86' lang='lat' dir='ltr'><strong>ardere,</strong></span> 
     </span>
    </p>
   </div>
   <div class='ocr_carea' id='block_1_28' title="bbox 1975 1468 3547 1543">
    <p class='ocr_par' dir='ltr' id='par_1_28' title="bbox 1975 1468 3547 1543">
     <span class='ocr_line' id='line_1_28' title="bbox 1975 1468 3547 1543; baseline -0.003 -18"><span class='ocrx_word' id='word_1_176' title='bbox 1975 1473 2337 1543; x_wconf 79' lang='lat' dir='ltr'><strong>quoadusque</strong></span> <span class='ocrx_word' id='word_1_177' title='bbox 2388 1472 2605 1527; x_wconf 81' lang='lat' dir='ltr'><strong>ﬂanima</strong></span> <span class='ocrx_word' id='word_1_178' title='bbox 2661 1488 2891 1543; x_wconf 84' lang='lat' dir='ltr'><strong>prorsus</strong></span> <span class='ocrx_word' id='word_1_179' title='bbox 2954 1473 3010 1526; x_wconf 91' lang='lat' dir='ltr'><strong>in</strong></span> <span class='ocrx_word' id='word_1_180' title='bbox 3069 1472 3230 1525; x_wconf 89' lang='lat' dir='ltr'><strong>undis</strong></span> <span class='ocrx_word' id='word_1_181' title='bbox 3274 1468 3547 1525; x_wconf 76' lang='lat' dir='ltr'><strong>exstincta</strong></span> 
     </span>
    </p>
   </div>
   <div class='ocr_carea' id='block_1_29' title="bbox 1975 1564 3547 1622">
    <p class='ocr_par' dir='ltr' id='par_1_29' title="bbox 1975 1564 3547 1622">
     <span class='ocr_line' id='line_1_29' title="bbox 1975 1564 3547 1622; baseline -0.003 -3"><span class='ocrx_word' id='word_1_182' title='bbox 1975 1573 2075 1619; x_wconf 89' lang='lat' dir='ltr'><strong>est.</strong></span> <span class='ocrx_word' id='word_1_183' title='bbox 2115 1564 2251 1620; x_wconf 88' lang='lat' dir='ltr'><strong>Cum</strong></span> <span class='ocrx_word' id='word_1_184' title='bbox 2288 1567 2341 1620; x_wconf 88' lang='lat' dir='ltr'><strong>in</strong></span> <span class='ocrx_word' id='word_1_185' title='bbox 2380 1568 2567 1621; x_wconf 83' lang='lat' dir='ltr'><strong>multis</strong></span> <span class='ocrx_word' id='word_1_186' title='bbox 2599 1576 2760 1622; x_wconf 71' lang='lat' dir='ltr'><strong>terrre</strong></span> <span class='ocrx_word' id='word_1_187' title='bbox 2788 1565 2925 1622; x_wconf 90' lang='lat' dir='ltr'><strong>locis</strong></span> <span class='ocrx_word' id='word_1_188' title='bbox 2956 1564 3096 1619; x_wconf 89' lang='lat' dir='ltr'><strong>tanti</strong></span> <span class='ocrx_word' id='word_1_189' title='bbox 3127 1575 3317 1619; x_wconf 79' lang='lat' dir='ltr'><strong>essent</strong></span> <span class='ocrx_word' id='word_1_190' title='bbox 3354 1574 3547 1616; x_wconf 64' lang='lat' dir='ltr'><strong>terra:-</strong></span> 
     </span>
    </p>
   </div>
   <div class='ocr_carea' id='block_1_30' title="bbox 1977 1653 3551 1729">
    <p class='ocr_par' dir='ltr' id='par_1_30' title="bbox 1977 1653 3551 1729">
     <span class='ocr_line' id='line_1_30' title="bbox 1977 1653 3551 1729; baseline -0.002 -19"><span class='ocrx_word' id='word_1_191' title='bbox 1977 1665 2179 1723; x_wconf 85' lang='lat' dir='ltr'><strong>motus,</strong></span> <span class='ocrx_word' id='word_1_192' title='bbox 2233 1658 2509 1727; x_wconf 80' lang='lat' dir='ltr'><strong>laquearia</strong></span> <span class='ocrx_word' id='word_1_193' title='bbox 2548 1667 2604 1713; x_wconf 89' lang='lat' dir='ltr'><strong>et</strong></span> <span class='ocrx_word' id='word_1_194' title='bbox 2655 1668 2795 1715; x_wconf 89' lang='lat' dir='ltr'><strong>tecta</strong></span> <span class='ocrx_word' id='word_1_195' title='bbox 2842 1658 3043 1713; x_wconf 72' lang='lat' dir='ltr'><strong>aedium</strong></span> <span class='ocrx_word' id='word_1_196' title='bbox 3093 1672 3120 1711; x_wconf 90' lang='lat' dir='ltr'><strong>a</strong></span> <span class='ocrx_word' id='word_1_197' title='bbox 3173 1672 3230 1729; x_wconf 71' lang='lat' dir='ltr'><strong>se</strong></span> <span class='ocrx_word' id='word_1_198' title='bbox 3288 1654 3421 1725; x_wconf 85' lang='lat' dir='ltr'><strong>ipsis</strong></span> <span class='ocrx_word' id='word_1_199' title='bbox 3476 1653 3551 1707; x_wconf 89' lang='lat' dir='ltr'><strong>ita</strong></span> 
     </span>
    </p>
   </div>
   <div class='ocr_carea' id='block_1_31' title="bbox 1978 1750 3553 1823">
    <p class='ocr_par' dir='ltr' id='par_1_31' title="bbox 1978 1750 3553 1823">
     <span class='ocr_line' id='line_1_31' title="bbox 1978 1750 3553 1823; baseline -0.002 -18"><span class='ocrx_word' id='word_1_200' title='bbox 1978 1766 2176 1820; x_wconf 74' lang='lat' dir='ltr'><strong>magno</strong></span> <span class='ocrx_word' id='word_1_201' title='bbox 2207 1766 2333 1805; x_wconf 92' lang='lat' dir='ltr'><strong>cum</strong></span> <span class='ocrx_word' id='word_1_202' title='bbox 2366 1752 2550 1807; x_wconf 85' lang='lat' dir='ltr'><strong>sonitu</strong></span> <span class='ocrx_word' id='word_1_203' title='bbox 2586 1761 2641 1807; x_wconf 89' lang='lat' dir='ltr'><strong>et</strong></span> <span class='ocrx_word' id='word_1_204' title='bbox 2669 1752 2883 1823; x_wconf 81' lang='lat' dir='ltr'><strong>fragore</strong></span> <span class='ocrx_word' id='word_1_205' title='bbox 2920 1750 3108 1804; x_wconf 90' lang='lat' dir='ltr'><strong>dirimi</strong></span> <span class='ocrx_word' id='word_1_206' title='bbox 3157 1750 3273 1803; x_wconf 86' lang='lat' dir='ltr'><strong>visa</strong></span> <span class='ocrx_word' id='word_1_207' title='bbox 3306 1756 3457 1810; x_wconf 86' lang='lat' dir='ltr'><strong>sunt.</strong></span> <span class='ocrx_word' id='word_1_208' title='bbox 3492 1758 3553 1802; x_wconf 91' lang='lat' dir='ltr'><strong>ut</strong></span> 
     </span>
    </p>
   </div>
   <div class='ocr_carea' id='block_1_32' title="bbox 294 1819 1971 1914">
    <p class='ocr_par' dir='ltr' id='par_1_32' title="bbox 294 1819 1946 1898">
     <span class='ocr_line' id='line_1_32' title="bbox 294 1819 1946 1898; baseline 0.007 -27"><span class='ocrx_word' id='word_1_209' title='bbox 294 1820 371 1882; x_wconf 84' lang='grc' dir='ltr'><strong>ὡς</strong></span> <span class='ocrx_word' id='word_1_210' title='bbox 402 1819 682 1891; x_wconf 83' lang='grc' dir='ltr'><strong>μηδεμίαν</strong></span> <span class='ocrx_word' id='word_1_211' title='bbox 714 1822 973 1893; x_wconf 86' lang='grc' dir='ltr'><strong>αἴσθησιν</strong></span> <span class='ocrx_word' id='word_1_212' title='bbox 1019 1828 1116 1877; x_wconf 87' lang='grc' dir='ltr'><strong>τοῦ</strong></span> <span class='ocrx_word' id='word_1_213' title='bbox 1163 1826 1611 1896; x_wconf 82' lang='grc' dir='ltr'><strong>νεωτερισθέντος</strong></span> <span class='ocrx_word' id='word_1_214' title='bbox 1684 1828 1874 1898; x_wconf 84' lang='grc' dir='ltr'><strong>μηδενὶ</strong></span> <span class='ocrx_word' id='word_1_215' title='bbox 1909 1843 1946 1896; x_wconf 76' lang='grc' dir='ltr'><strong><em>Β</em></strong></span> 
     </span>
    </p>
   </div>
   <div class='ocr_carea' id='block_1_33' title="bbox 1872 1819 3549 1914">
    <p class='ocr_par' dir='ltr' id='par_1_33' title="bbox 1872 1840 3549 1914">
     <span class='ocr_line' id='line_1_33' title="bbox 1872 1840 3549 1914; baseline -0.002 -18"><span class='ocrx_word' id='word_1_216' title='bbox 1872 1872 1874 1880; x_wconf 64' lang='grc' dir='ltr'><strong>ι</strong></span> <span class='ocrx_word' id='word_1_217' title='bbox 1909 1843 1946 1896; x_wconf 84' lang='grc' dir='ltr'><strong><em>Β</em></strong></span> <span class='ocrx_word' id='word_1_218' title='bbox 1976 1844 2072 1914; x_wconf 91' lang='lat' dir='ltr'><strong>qui</strong></span> <span class='ocrx_word' id='word_1_219' title='bbox 2107 1842 2258 1898; x_wconf 86' lang='lat' dir='ltr'><strong>intus</strong></span> <span class='ocrx_word' id='word_1_220' title='bbox 2308 1844 2362 1897; x_wconf 91' lang='lat' dir='ltr'><strong>in</strong></span> <span class='ocrx_word' id='word_1_221' title='bbox 2417 1843 2678 1897; x_wconf 84' lang='lat' dir='ltr'><strong>domibus</strong></span> <span class='ocrx_word' id='word_1_222' title='bbox 2711 1854 2894 1907; x_wconf 86' lang='lat' dir='ltr'><strong>erant,</strong></span> <span class='ocrx_word' id='word_1_223' title='bbox 2925 1843 3070 1897; x_wconf 87' lang='lat' dir='ltr'><strong>clare</strong></span> <span class='ocrx_word' id='word_1_224' title='bbox 3116 1841 3291 1896; x_wconf 86' lang='lat' dir='ltr'><strong>oculis</strong></span> <span class='ocrx_word' id='word_1_225' title='bbox 3349 1840 3549 1895; x_wconf 77' lang='lat' dir='ltr'><strong>cmlum</strong></span> 
     </span>
    </p>
   </div>
   <div class='ocr_carea' id='block_1_34' title="bbox 297 1911 1873 1988">
    <p class='ocr_par' dir='ltr' id='par_1_34' title="bbox 297 1911 1873 1988">
     <span class='ocr_line' id='line_1_34' title="bbox 297 1911 1873 1988; baseline 0.006 -26"><span class='ocrx_word' id='word_1_226' title='bbox 297 1914 622 1983; x_wconf 81' lang='grc' dir='ltr'><strong>παρασχεῖν.</strong></span> <span class='ocrx_word' id='word_1_227' title='bbox 657 1911 731 1966; x_wconf 77' lang='grc' dir='ltr'><strong>Τὸ</strong></span> <span class='ocrx_word' id='word_1_228' title='bbox 761 1916 895 1968; x_wconf 74' lang='grc' dir='ltr'><strong>αὐτὸ</strong></span> <span class='ocrx_word' id='word_1_229' title='bbox 924 1916 980 1969; x_wconf 80' lang='grc' dir='ltr'><strong>δὲ</strong></span> <span class='ocrx_word' id='word_1_230' title='bbox 1008 1916 1165 1970; x_wconf 84' lang='grc' dir='ltr'><strong>τοῦτο</strong></span> <span class='ocrx_word' id='word_1_231' title='bbox 1184 1918 1354 1982; x_wconf 76' lang='grc' dir='ltr'><strong>πάθος</strong></span> <span class='ocrx_word' id='word_1_232' title='bbox 1381 1921 1475 1972; x_wconf 77' lang='grc' dir='ltr'><strong>καὶ</strong></span> <span class='ocrx_word' id='word_1_233' title='bbox 1526 1920 1654 1988; x_wconf 68' lang='grc' dir='ltr'><strong>περὶ</strong></span> <span class='ocrx_word' id='word_1_234' title='bbox 1716 1921 1873 1972; x_wconf 79' lang='grc' dir='ltr'><strong>πλοῖα</strong></span> 
     </span>
    </p>
   </div>
   <div class='ocr_carea' id='block_1_35' title="bbox 296 2007 1870 2083">
    <p class='ocr_par' dir='ltr' id='par_1_35' title="bbox 296 2007 1870 2083">
     <span class='ocr_line' id='line_1_35' title="bbox 296 2007 1870 2083; baseline 0.004 -26"><span class='ocrx_word' id='word_1_235' title='bbox 296 2008 391 2058; x_wconf 78' lang='grc' dir='ltr'><strong>καὶ</strong></span> <span class='ocrx_word' id='word_1_236' title='bbox 422 2010 549 2075; x_wconf 75' lang='grc' dir='ltr'><strong>περὶ</strong></span> <span class='ocrx_word' id='word_1_237' title='bbox 574 2007 644 2060; x_wconf 73' lang='grc' dir='ltr'><strong>τά</strong></span> <span class='ocrx_word' id='word_1_238' title='bbox 672 2008 782 2061; x_wconf 91' lang='grc' dir='ltr'><strong>τῶν</strong></span> <span class='ocrx_word' id='word_1_239' title='bbox 811 2010 1001 2063; x_wconf 77' lang='grc' dir='ltr'><strong>οἰκιῶν</strong></span> <span class='ocrx_word' id='word_1_240' title='bbox 1034 2011 1208 2079; x_wconf 80' lang='grc' dir='ltr'><strong>ἐδάφη</strong></span> <span class='ocrx_word' id='word_1_241' title='bbox 1241 2011 1507 2079; x_wconf 75' lang='grc' dir='ltr'><strong>πολλαχοῦ</strong></span> <span class='ocrx_word' id='word_1_242' title='bbox 1535 2012 1835 2083; x_wconf 61' lang='grc' dir='ltr'><strong>συνηνέχθη</strong></span> <span class='ocrx_word' id='word_1_243' title='bbox 1857 2028 1870 2041; x_wconf 92' lang='grc'><strong>·</strong></span> 
     </span>
    </p>
   </div>
   <div class='ocr_carea' id='block_1_36' title="bbox 298 2102 1875 2169">
    <p class='ocr_par' dir='ltr' id='par_1_36' title="bbox 298 2102 1875 2169">
     <span class='ocr_line' id='line_1_36' title="bbox 298 2102 1875 2169; baseline 0.003 -18"><span class='ocrx_word' id='word_1_244' title='bbox 298 2102 393 2151; x_wconf 71' lang='grc' dir='ltr'><strong>καὶ</strong></span> <span class='ocrx_word' id='word_1_245' title='bbox 422 2102 532 2169; x_wconf 75' lang='grc' dir='ltr'><strong>γάρ</strong></span> <span class='ocrx_word' id='word_1_246' title='bbox 561 2117 707 2164; x_wconf 85' lang='grc' dir='ltr'><strong>τινες</strong></span> <span class='ocrx_word' id='word_1_247' title='bbox 737 2102 845 2153; x_wconf 88' lang='grc' dir='ltr'><strong>τῶν</strong></span> <span class='ocrx_word' id='word_1_248' title='bbox 881 2102 1178 2155; x_wconf 71' lang='grc' dir='ltr'><strong>σιτοϐόλων</strong></span> <span class='ocrx_word' id='word_1_249' title='bbox 1206 2104 1331 2166; x_wconf 85' lang='grc' dir='ltr'><strong>τοὺς</strong></span> <span class='ocrx_word' id='word_1_250' title='bbox 1382 2103 1629 2156; x_wconf 79' lang='grc' dir='ltr'><strong>κάτωθεν</strong></span> <span class='ocrx_word' id='word_1_251' title='bbox 1663 2104 1875 2157; x_wconf 82' lang='grc' dir='ltr'><strong>οἰκοῦν-</strong></span> 
     </span>
    </p>
   </div>
   <div class='ocr_carea' id='block_1_37' title="bbox 294 2194 1877 2266">
    <p class='ocr_par' dir='ltr' id='par_1_37' title="bbox 294 2194 1877 2266">
     <span class='ocr_line' id='line_1_37' title="bbox 294 2194 1877 2266; baseline 0.003 -23"><span class='ocrx_word' id='word_1_252' title='bbox 294 2194 753 2260; x_wconf 73' lang='grc' dir='ltr'><strong>ταςάπέπνιξαν,</strong></span> <span class='ocrx_word' id='word_1_253' title='bbox 791 2196 883 2248; x_wconf 84' lang='grc' dir='ltr'><strong>τὸν</strong></span> <span class='ocrx_word' id='word_1_254' title='bbox 932 2199 1080 2248; x_wconf 81' lang='grc' dir='ltr'><strong>σῖτον</strong></span> <span class='ocrx_word' id='word_1_255' title='bbox 1131 2197 1319 2259; x_wconf 82' lang='grc' dir='ltr'><strong>αὐτοῖς</strong></span> <span class='ocrx_word' id='word_1_256' title='bbox 1368 2196 1567 2266; x_wconf 85' lang='grc' dir='ltr'><strong>ἀθρόον</strong></span> <span class='ocrx_word' id='word_1_257' title='bbox 1623 2197 1712 2250; x_wconf 67' lang='grc' dir='ltr'><strong>διὰ</strong></span> <span class='ocrx_word' id='word_1_258' title='bbox 1766 2198 1877 2249; x_wconf 90' lang='grc' dir='ltr'><strong>τῶν</strong></span> 
     </span>
    </p>
   </div>
   <div class='ocr_carea' id='block_1_38' title="bbox 295 2288 1877 2360">
    <p class='ocr_par' dir='ltr' id='par_1_38' title="bbox 295 2288 1877 2360">
     <span class='ocr_line' id='line_1_38' title="bbox 295 2288 1877 2360; baseline 0.005 -25"><span class='ocrx_word' id='word_1_259' title='bbox 295 2288 487 2339; x_wconf 78' lang='grc' dir='ltr'><strong>πάτων</strong></span> <span class='ocrx_word' id='word_1_260' title='bbox 515 2290 870 2357; x_wconf 78' lang='grc' dir='ltr'><strong>ὲπιχεάμενοι</strong></span> <span class='ocrx_word' id='word_1_261' title='bbox 902 2306 916 2321; x_wconf 90' lang='grc'><strong>·</strong></span> <span class='ocrx_word' id='word_1_262' title='bbox 953 2290 1046 2341; x_wconf 68' lang='grc' dir='ltr'><strong>καὶ</strong></span> <span class='ocrx_word' id='word_1_263' title='bbox 1102 2289 1263 2343; x_wconf 89' lang='grc' dir='ltr'><strong>πάλιν</strong></span> <span class='ocrx_word' id='word_1_264' title='bbox 1296 2290 1467 2353; x_wconf 76' lang='grc' dir='ltr'><strong>οὕτως</strong></span> <span class='ocrx_word' id='word_1_265' title='bbox 1500 2292 1774 2360; x_wconf 80' lang='grc' dir='ltr'><strong>παρέσχον</strong></span> <span class='ocrx_word' id='word_1_266' title='bbox 1817 2291 1877 2343; x_wconf 77' lang='grc' dir='ltr'><strong>τὸ</strong></span> 
     </span>
    </p>
   </div>
   <div class='ocr_carea' id='block_1_39' title="bbox 296 2381 1877 2453">
    <p class='ocr_par' dir='ltr' id='par_1_39' title="bbox 296 2381 1877 2453">
     <span class='ocr_line' id='line_1_39' title="bbox 296 2381 1877 2453; baseline 0.004 -22"><span class='ocrx_word' id='word_1_267' title='bbox 296 2381 497 2449; x_wconf 78' lang='grc' dir='ltr'><strong>ἔδαφος</strong></span> <span class='ocrx_word' id='word_1_268' title='bbox 541 2383 913 2451; x_wconf 73' lang='grc' dir='ltr'><strong>ἡρμοσμένον,</strong></span> <span class='ocrx_word' id='word_1_269' title='bbox 942 2382 1017 2444; x_wconf 86' lang='grc' dir='ltr'><strong>ὼς</strong></span> <span class='ocrx_word' id='word_1_270' title='bbox 1048 2382 1337 2453; x_wconf 79' lang='grc' dir='ltr'><strong>ἐξαπορείν</strong></span> <span class='ocrx_word' id='word_1_271' title='bbox 1363 2383 1607 2445; x_wconf 75' lang='grc' dir='ltr'><strong>ἅπαντας</strong></span> <span class='ocrx_word' id='word_1_272' title='bbox 1657 2385 1818 2437; x_wconf 71' lang='grc' dir='ltr'><strong>πόθεν</strong></span> <span class='ocrx_word' id='word_1_273' title='bbox 1848 2387 1877 2437; x_wconf 83' lang='grc' dir='ltr'>ὁ</span> 
     </span>
    </p>
   </div>
   <div class='ocr_carea' id='block_1_40' title="bbox 298 2475 1878 2545">
    <p class='ocr_par' dir='ltr' id='par_1_40' title="bbox 298 2475 1878 2545">
     <span class='ocr_line' id='line_1_40' title="bbox 298 2475 1878 2545; baseline 0.004 -20"><span class='ocrx_word' id='word_1_274' title='bbox 298 2476 498 2542; x_wconf 78' lang='grc' dir='ltr'><strong>φονεὺς</strong></span> <span class='ocrx_word' id='word_1_275' title='bbox 536 2475 789 2545; x_wconf 72' lang='grc' dir='ltr'><strong>ἀπερρύη</strong></span> <span class='ocrx_word' id='word_1_276' title='bbox 819 2479 967 2538; x_wconf 72' lang='grc' dir='ltr'><strong>σῖτος</strong></span> <span class='ocrx_word' id='word_1_277' title='bbox 1001 2479 1231 2538; x_wconf 77' lang='grc' dir='ltr'><strong>ἐκεῖνος.</strong></span> <span class='ocrx_word' id='word_1_278' title='bbox 1268 2478 1375 2532; x_wconf 80' lang='grc' dir='ltr'><strong>Καὶ</strong></span> <span class='ocrx_word' id='word_1_279' title='bbox 1402 2476 1537 2529; x_wconf 76' lang='grc' dir='ltr'><strong>ἄλλα</strong></span> <span class='ocrx_word' id='word_1_280' title='bbox 1560 2477 1616 2530; x_wconf 82' lang='grc' dir='ltr'><strong>δὲ</strong></span> <span class='ocrx_word' id='word_1_281' title='bbox 1640 2480 1878 2531; x_wconf 79' lang='grc' dir='ltr'><strong>τοιουτό-</strong></span> 
     </span>
    </p>
   </div>
   <div class='ocr_carea' id='block_1_41' title="bbox 295 2566 1874 2640">
    <p class='ocr_par' dir='ltr' id='par_1_41' title="bbox 295 2566 1874 2640">
     <span class='ocr_line' id='line_1_41' title="bbox 295 2566 1874 2640; baseline 0.003 -22"><span class='ocrx_word' id='word_1_282' title='bbox 295 2585 476 2637; x_wconf 79' lang='grc' dir='ltr'><strong>τροπα</strong></span> <span class='ocrx_word' id='word_1_283' title='bbox 502 2567 649 2636; x_wconf 80' lang='grc' dir='ltr'><strong>πάθη</strong></span> <span class='ocrx_word' id='word_1_284' title='bbox 679 2567 982 2637; x_wconf 70' lang='grc' dir='ltr'><strong>τηνικαῦτα</strong></span> <span class='ocrx_word' id='word_1_285' title='bbox 1029 2566 1363 2638; x_wconf 82' lang='grc' dir='ltr'><strong>ὲνεοχμώθη,</strong></span> <span class='ocrx_word' id='word_1_286' title='bbox 1430 2569 1741 2633; x_wconf 80' lang='grc' dir='ltr'><strong>δεικνύντα,</strong></span> <span class='ocrx_word' id='word_1_287' title='bbox 1800 2571 1874 2640; x_wconf 82' lang='grc' dir='ltr'><strong>μὴ</strong></span> 
     </span>
    </p>
   </div>
   <div class='ocr_carea' id='block_1_42' title="bbox 298 2659 1877 2734">
    <p class='ocr_par' dir='ltr' id='par_1_42' title="bbox 298 2659 1877 2734">
     <span class='ocr_line' id='line_1_42' title="bbox 298 2659 1877 2734; baseline 0.003 -23"><span class='ocrx_word' id='word_1_288' title='bbox 298 2663 505 2730; x_wconf 71' lang='grc' dir='ltr'><strong>φυσικῇ</strong></span> <span class='ocrx_word' id='word_1_289' title='bbox 538 2678 645 2712; x_wconf 84' lang='grc' dir='ltr'><strong>τινι</strong></span> <span class='ocrx_word' id='word_1_290' title='bbox 668 2659 843 2712; x_wconf 87' lang='grc' dir='ltr'><strong>ταῦτα</strong></span> <span class='ocrx_word' id='word_1_291' title='bbox 890 2661 1176 2730; x_wconf 78' lang='grc' dir='ltr'><strong>προελθεῖν</strong></span> <span class='ocrx_word' id='word_1_292' title='bbox 1213 2661 1524 2732; x_wconf 69' lang='grc' dir='ltr'><strong>ἀκολουθίᾳ,</strong></span> <span class='ocrx_word' id='word_1_293' title='bbox 1573 2664 1647 2726; x_wconf 85' lang='grc' dir='ltr'><strong>ὡς</strong></span> <span class='ocrx_word' id='word_1_294' title='bbox 1689 2663 1877 2734; x_wconf 80' lang='grc' dir='ltr'><strong>Ἐλλή-</strong></span> 
     </span>
    </p>
   </div>
   <div class='ocr_carea' id='block_1_43' title="bbox 295 2752 1877 2827">
    <p class='ocr_par' dir='ltr' id='par_1_43' title="bbox 295 2752 1877 2827">
     <span class='ocr_line' id='line_1_43' title="bbox 295 2752 1877 2827; baseline 0.002 -22"><span class='ocrx_word' id='word_1_295' title='bbox 295 2772 404 2805; x_wconf 85' lang='grc' dir='ltr'><strong>νων</strong></span> <span class='ocrx_word' id='word_1_296' title='bbox 454 2753 647 2815; x_wconf 75' lang='grc' dir='ltr'><strong>παίδες</strong></span> <span class='ocrx_word' id='word_1_297' title='bbox 696 2752 998 2823; x_wconf 77' lang='grc' dir='ltr'><strong>ληροῦσιν,</strong></span> <span class='ocrx_word' id='word_1_298' title='bbox 1049 2754 1184 2807; x_wconf 88' lang='grc' dir='ltr'><strong>ἀλλά</strong></span> <span class='ocrx_word' id='word_1_299' title='bbox 1248 2754 1395 2816; x_wconf 81' lang='grc' dir='ltr'><strong>θείας</strong></span> <span class='ocrx_word' id='word_1_300' title='bbox 1445 2757 1877 2827; x_wconf 79' lang='grc' dir='ltr'><strong>ἀγανακτήσεως</strong></span> 
     </span>
    </p>
   </div>
   <div class='ocr_carea' id='block_1_44' title="bbox 298 2845 1875 2920">
    <p class='ocr_par' dir='ltr' id='par_1_44' title="bbox 298 2845 1875 2920">
     <span class='ocr_line' id='line_1_44' title="bbox 298 2845 1875 2920; baseline 0.003 -23"><span class='ocrx_word' id='word_1_301' title='bbox 298 2848 569 2912; x_wconf 75' lang='grc' dir='ltr'><strong>μάστιγας</strong></span> <span class='ocrx_word' id='word_1_302' title='bbox 599 2846 967 2916; x_wconf 75' lang='grc' dir='ltr'><strong>ἐπαφεθῆναι.</strong></span> <span class='ocrx_word' id='word_1_303' title='bbox 1010 2845 1112 2901; x_wconf 69' lang='grc' dir='ltr'><strong>Καὶ</strong></span> <span class='ocrx_word' id='word_1_304' title='bbox 1140 2846 1314 2900; x_wconf 84' lang='grc' dir='ltr'><strong>ταῦτα</strong></span> <span class='ocrx_word' id='word_1_305' title='bbox 1364 2848 1420 2901; x_wconf 78' lang='grc' dir='ltr'>δὲ</span> <span class='ocrx_word' id='word_1_306' title='bbox 1469 2848 1546 2917; x_wconf 82' lang='grc' dir='ltr'><strong>τῷ</strong></span> <span class='ocrx_word' id='word_1_307' title='bbox 1576 2850 1697 2902; x_wconf 85' lang='grc' dir='ltr'><strong>τότε</strong></span> <span class='ocrx_word' id='word_1_308' title='bbox 1736 2868 1875 2920; x_wconf 77' lang='lat' dir='ltr'><strong>cup.-</strong></span> 
     </span>
    </p>
   </div>
   <div class='ocr_carea' id='block_1_45' title="bbox 295 2936 1876 3008">
    <p class='ocr_par' dir='ltr' id='par_1_45' title="bbox 295 2936 1876 3008">
     <span class='ocr_line' id='line_1_45' title="bbox 295 2936 1876 3008; baseline 0.005 -21"><span class='ocrx_word' id='word_1_309' title='bbox 295 2936 459 3006; x_wconf 73' lang='grc' dir='ltr'><strong>ϐῆναι</strong></span> <span class='ocrx_word' id='word_1_310' title='bbox 492 2939 605 3000; x_wconf 84' lang='grc' dir='ltr'><strong>τοῖς</strong></span> <span class='ocrx_word' id='word_1_311' title='bbox 659 2937 874 3001; x_wconf 81' lang='grc' dir='ltr'><strong>πολλοῖς</strong></span> <span class='ocrx_word' id='word_1_312' title='bbox 933 2939 1106 2991; x_wconf 78' lang='grc' dir='ltr'><strong>ἐδόκει</strong></span> <span class='ocrx_word' id='word_1_313' title='bbox 1137 2940 1558 3008; x_wconf 82' lang='grc' dir='ltr'><strong>χαλεπαίνοντος</strong></span> <span class='ocrx_word' id='word_1_314' title='bbox 1586 2940 1681 2994; x_wconf 85' lang='grc' dir='ltr'><strong>τοῦ</strong></span> <span class='ocrx_word' id='word_1_315' title='bbox 1740 2942 1876 2995; x_wconf 84' lang='grc' dir='ltr'><strong>Θεοῦ</strong></span> 
     </span>
    </p>
   </div>
   <div class='ocr_carea' id='block_1_46' title="bbox 292 3029 1875 3105">
    <p class='ocr_par' dir='ltr' id='par_1_46' title="bbox 292 3029 1875 3105">
     <span class='ocr_line' id='line_1_46' title="bbox 292 3029 1875 3105; baseline 0.004 -25"><span class='ocrx_word' id='word_1_316' title='bbox 292 3030 380 3081; x_wconf 70' lang='grc' dir='ltr'><strong>διὰ</strong></span> <span class='ocrx_word' id='word_1_317' title='bbox 410 3030 506 3098; x_wconf 82' lang='grc' dir='ltr'><strong>τὴν</strong></span> <span class='ocrx_word' id='word_1_318' title='bbox 534 3032 615 3091; x_wconf 70' lang='grc' dir='ltr'><strong>εἰς</strong></span> <span class='ocrx_word' id='word_1_319' title='bbox 646 3030 739 3082; x_wconf 74' lang='grc' dir='ltr'><strong>τὸν</strong></span> <span class='ocrx_word' id='word_1_320' title='bbox 769 3029 1026 3099; x_wconf 67' lang='grc' dir='ltr'><strong>μέγιστον</strong></span> <span class='ocrx_word' id='word_1_321' title='bbox 1075 3033 1343 3101; x_wconf 73' lang='grc' dir='ltr'><strong>φωστῆρα</strong></span> <span class='ocrx_word' id='word_1_322' title='bbox 1384 3031 1636 3104; x_wconf 79' lang='grc' dir='ltr'><strong>Ἰωάννην</strong></span> <span class='ocrx_word' id='word_1_323' title='bbox 1661 3052 1875 3105; x_wconf 87' lang='grc' dir='ltr'><strong>προφα-</strong></span> 
     </span>
    </p>
   </div>
   <div class='ocr_carea' id='block_1_47' title="bbox 293 3123 1878 3197">
    <p class='ocr_par' dir='ltr' id='par_1_47' title="bbox 293 3123 1878 3197">
     <span class='ocr_line' id='line_1_47' title="bbox 293 3123 1878 3197; baseline 0.004 -21"><span class='ocrx_word' id='word_1_324' title='bbox 293 3123 360 3189; x_wconf 83' lang='grc' dir='ltr'><strong>νῆ</strong></span> <span class='ocrx_word' id='word_1_325' title='bbox 394 3124 632 3178; x_wconf 84' lang='grc' dir='ltr'><strong>ἀδικίαν.</strong></span> <span class='ocrx_word' id='word_1_326' title='bbox 663 3124 773 3177; x_wconf 80' lang='lat' dir='ltr'><strong>Kal</strong></span> <span class='ocrx_word' id='word_1_327' title='bbox 804 3126 914 3195; x_wconf 85' lang='grc' dir='ltr'><strong>γὰρ</strong></span> <span class='ocrx_word' id='word_1_328' title='bbox 942 3124 1006 3194; x_wconf 85' lang='grc' dir='ltr'><strong>δὴ</strong></span> <span class='ocrx_word' id='word_1_329' title='bbox 1037 3127 1131 3177; x_wconf 77' lang='grc' dir='ltr'><strong>καὶ</strong></span> <span class='ocrx_word' id='word_1_330' title='bbox 1170 3126 1271 3196; x_wconf 80' lang='grc' dir='ltr'><strong>τὴν</strong></span> <span class='ocrx_word' id='word_1_331' title='bbox 1314 3125 1408 3178; x_wconf 90' lang='grc' dir='ltr'><strong>τοῦ</strong></span> <span class='ocrx_word' id='word_1_332' title='bbox 1460 3126 1727 3197; x_wconf 78' lang='grc' dir='ltr'><strong>βασιλέως</strong></span> <span class='ocrx_word' id='word_1_333' title='bbox 1779 3146 1878 3197; x_wconf 86' lang='grc' dir='ltr'><strong>γα-</strong></span> 
     </span>
    </p>
   </div>
   <div class='ocr_carea' id='block_1_48' title="bbox 299 3214 1869 3289">
    <p class='ocr_par' dir='ltr' id='par_1_48' title="bbox 299 3214 1869 3289">
     <span class='ocr_line' id='line_1_48' title="bbox 299 3214 1869 3289; baseline 0.004 -22"><span class='ocrx_word' id='word_1_334' title='bbox 299 3216 469 3285; x_wconf 80' lang='grc' dir='ltr'><strong>μετὴν</strong></span> <span class='ocrx_word' id='word_1_335' title='bbox 545 3214 805 3281; x_wconf 76' lang='grc' dir='ltr'><strong>Εὐδοξίαν</strong></span> <span class='ocrx_word' id='word_1_336' title='bbox 879 3217 1183 3285; x_wconf 77' lang='grc' dir='ltr'><strong>τηνικαῦτα</strong></span> <span class='ocrx_word' id='word_1_337' title='bbox 1258 3218 1459 3289; x_wconf 77' lang='grc' dir='ltr'><strong>συνέϐη</strong></span> <span class='ocrx_word' id='word_1_338' title='bbox 1537 3220 1869 3287; x_wconf 79' lang='grc' dir='ltr'><strong>άποὸιῶναι,</strong></span> 
     </span>
    </p>
   </div>
   <div class='ocr_carea' id='block_1_49' title="bbox 296 3308 1875 3381">
    <p class='ocr_par' dir='ltr' id='par_1_49' title="bbox 296 3308 1875 3381">
     <span class='ocr_line' id='line_1_49' title="bbox 296 3308 1875 3381; baseline 0.006 -26"><span class='ocrx_word' id='word_1_339' title='bbox 296 3309 599 3374; x_wconf 68' lang='grc' dir='ltr'><strong>σκωλήκων</strong></span> <span class='ocrx_word' id='word_1_340' title='bbox 647 3308 953 3377; x_wconf 80' lang='grc' dir='ltr'><strong>γενομένην</strong></span> <span class='ocrx_word' id='word_1_341' title='bbox 1000 3309 1287 3376; x_wconf 73' lang='grc' dir='ltr'><strong>ἀνάλωμα.</strong></span> <span class='ocrx_word' id='word_1_342' title='bbox 1318 3311 1427 3362; x_wconf 83' lang='lat' dir='ltr'><strong>Kal</strong></span> <span class='ocrx_word' id='word_1_343' title='bbox 1477 3311 1573 3381; x_wconf 73' lang='grc' dir='ltr'><strong>τὴν</strong></span> <span class='ocrx_word' id='word_1_344' title='bbox 1627 3311 1875 3381; x_wconf 77' lang='grc' dir='ltr'><strong>λάρνακα</strong></span> 
     </span>
    </p>
   </div>
   <div class='ocr_carea' id='block_1_50' title="bbox 294 3394 1877 3472">
    <p class='ocr_par' dir='ltr' id='par_1_50' title="bbox 294 3394 1877 3472">
     <span class='ocr_line' id='line_1_50' title="bbox 294 3394 1877 3472; baseline 0.004 -23"><span class='ocrx_word' id='word_1_345' title='bbox 294 3398 608 3452; x_wconf 75' lang='grc' dir='ltr'><strong>κλονεῖσθαι</strong></span> <span class='ocrx_word' id='word_1_346' title='bbox 637 3400 768 3469; x_wconf 80' lang='grc' dir='ltr'><strong>ὁρᾷν</strong></span> <span class='ocrx_word' id='word_1_347' title='bbox 800 3395 869 3470; x_wconf 74' lang='grc' dir='ltr'><strong>ἦν</strong></span> <span class='ocrx_word' id='word_1_348' title='bbox 970 3400 1278 3464; x_wconf 80' lang='grc' dir='ltr'><strong>ὑπετίθετο,</strong></span> <span class='ocrx_word' id='word_1_349' title='bbox 1310 3405 1401 3455; x_wconf 71' lang='grc' dir='ltr'><strong>τὸν</strong></span> <span class='ocrx_word' id='word_1_350' title='bbox 1430 3402 1496 3455; x_wconf 83' lang='grc' dir='ltr'><strong>δι’</strong></span> <span class='ocrx_word' id='word_1_351' title='bbox 1530 3404 1695 3472; x_wconf 75' lang='grc' dir='ltr'><strong>αὐτῆς</strong></span> <span class='ocrx_word' id='word_1_352' title='bbox 1724 3405 1877 3472; x_wconf 83' lang='grc' dir='ltr'><strong>γενό-</strong></span> 
     </span>
    </p>
   </div>
   <div class='ocr_carea' id='block_1_51' title="bbox 299 3493 1873 3567">
    <p class='ocr_par' dir='ltr' id='par_1_51' title="bbox 299 3493 1873 3567">
     <span class='ocr_line' id='line_1_51' title="bbox 299 3493 1873 3567; baseline 0.006 -24"><span class='ocrx_word' id='word_1_353' title='bbox 299 3509 465 3558; x_wconf 84' lang='grc' dir='ltr'><strong>μενον</strong></span> <span class='ocrx_word' id='word_1_354' title='bbox 524 3495 591 3562; x_wconf 75' lang='grc' dir='ltr'><strong>τῇ</strong></span> <span class='ocrx_word' id='word_1_355' title='bbox 668 3493 966 3563; x_wconf 69' lang='grc' dir='ltr'><strong>Ἐκκλησία</strong></span> <span class='ocrx_word' id='word_1_356' title='bbox 1020 3495 1209 3547; x_wconf 87' lang='grc' dir='ltr'><strong>κλόνον</strong></span> <span class='ocrx_word' id='word_1_357' title='bbox 1279 3498 1651 3567; x_wconf 74' lang='grc' dir='ltr'><strong>αἰνιττομένου</strong></span> <span class='ocrx_word' id='word_1_358' title='bbox 1712 3498 1873 3553; x_wconf 75' lang='grc' dir='ltr'><strong>Θεοῦ.</strong></span> 
     </span>
    </p>
   </div>
   <div class='ocr_carea' id='block_1_52' title="bbox 297 3586 1877 3662">
    <p class='ocr_par' dir='ltr' id='par_1_52' title="bbox 297 3586 1877 3662">
     <span class='ocr_line' id='line_1_52' title="bbox 297 3586 1877 3662; baseline 0.003 -24"><span class='ocrx_word' id='word_1_359' title='bbox 297 3586 457 3639; x_wconf 75' lang='grc' dir='ltr'><strong>Μετὰ</strong></span> <span class='ocrx_word' id='word_1_360' title='bbox 518 3587 714 3655; x_wconf 72' lang='grc' dir='ltr'><strong>μικρον</strong></span> <span class='ocrx_word' id='word_1_361' title='bbox 782 3588 839 3640; x_wconf 84' lang='grc' dir='ltr'>δὲ</span> <span class='ocrx_word' id='word_1_362' title='bbox 897 3588 993 3640; x_wconf 72' lang='grc' dir='ltr'><strong>καὶ</strong></span> <span class='ocrx_word' id='word_1_363' title='bbox 1044 3588 1303 3656; x_wconf 69' lang='grc' dir='ltr'><strong>Θεόφιλος</strong></span> <span class='ocrx_word' id='word_1_364' title='bbox 1364 3592 1501 3661; x_wconf 77' lang='grc' dir='ltr'><strong>νόσῳ</strong></span> <span class='ocrx_word' id='word_1_365' title='bbox 1562 3593 1877 3662; x_wconf 84' lang='grc' dir='ltr'><strong>περιπεσὼν</strong></span> 
     </span>
    </p>
   </div>
   <div class='ocr_carea' id='block_1_53' title="bbox 300 3680 1874 3756">
    <p class='ocr_par' dir='ltr' id='par_1_53' title="bbox 300 3680 1874 3756">
     <span class='ocr_line' id='line_1_53' title="bbox 300 3680 1874 3756; baseline 0.006 -25"><span class='ocrx_word' id='word_1_366' title='bbox 300 3680 602 3747; x_wconf 80' lang='grc' dir='ltr'><strong>πλευρίτιδι</strong></span> <span class='ocrx_word' id='word_1_367' title='bbox 656 3681 947 3753; x_wconf 84' lang='grc' dir='ltr'><strong>διεφθάρη.</strong></span> <span class='ocrx_word' id='word_1_368' title='bbox 1001 3685 1106 3736; x_wconf 82' lang='lat' dir='ltr'><strong>Kal</strong></span> <span class='ocrx_word' id='word_1_369' title='bbox 1145 3683 1456 3754; x_wconf 78' lang='grc' dir='ltr'><strong>Ἀρσάκιος,</strong></span> <span class='ocrx_word' id='word_1_370' title='bbox 1508 3686 1579 3747; x_wconf 76' lang='grc' dir='ltr'><strong>ὥς</strong></span> <span class='ocrx_word' id='word_1_371' title='bbox 1617 3705 1704 3753; x_wconf 84' lang='grc' dir='ltr'><strong>μοι</strong></span> <span class='ocrx_word' id='word_1_372' title='bbox 1740 3706 1874 3756; x_wconf 85' lang='grc' dir='ltr'><strong>προ-</strong></span> 
     </span>
    </p>
   </div>
   <div class='ocr_carea' id='block_1_54' title="bbox 295 3774 1877 3851">
    <p class='ocr_par' dir='ltr' id='par_1_54' title="bbox 295 3774 1877 3851">
     <span class='ocr_line' id='line_1_54' title="bbox 295 3774 1877 3851; baseline 0.006 -25"><span class='ocrx_word' id='word_1_373' title='bbox 295 3774 537 3844; x_wconf 77' lang='grc' dir='ltr'><strong>εὲρηται,</strong></span> <span class='ocrx_word' id='word_1_374' title='bbox 568 3776 629 3827; x_wconf 84' lang='grc' dir='ltr'><strong>οῦ</strong></span> <span class='ocrx_word' id='word_1_375' title='bbox 673 3778 816 3828; x_wconf 89' lang='grc' dir='ltr'><strong>πάνυ</strong></span> <span class='ocrx_word' id='word_1_376' title='bbox 866 3778 1056 3847; x_wconf 78' lang='grc' dir='ltr'><strong>πόρρω</strong></span> <span class='ocrx_word' id='word_1_377' title='bbox 1112 3778 1403 3848; x_wconf 85' lang='grc' dir='ltr'><strong>ἀπηλλάγη</strong></span> <span class='ocrx_word' id='word_1_378' title='bbox 1432 3781 1543 3849; x_wconf 53' lang='grc' dir='ltr'><strong>,τοῦ</strong></span> <span class='ocrx_word' id='word_1_379' title='bbox 1598 3782 1697 3851; x_wconf 76' lang='grc' dir='ltr'><strong>ζῇν</strong></span> <span class='ocrx_word' id='word_1_380' title='bbox 1768 3785 1877 3836; x_wconf 76' lang='grc' dir='ltr'><strong>Καὶ</strong></span> 
     </span>
    </p>
   </div>
   <div class='ocr_carea' id='block_1_55' title="bbox 297 3866 1876 3947">
    <p class='ocr_par' dir='ltr' id='par_1_55' title="bbox 297 3866 1876 3947">
     <span class='ocr_line' id='line_1_55' title="bbox 297 3866 1876 3947; baseline 0.006 -28"><span class='ocrx_word' id='word_1_381' title='bbox 297 3870 536 3937; x_wconf 76' lang='grc' dir='ltr'><strong>Κυρῖνος</strong></span> <span class='ocrx_word' id='word_1_382' title='bbox 564 3871 592 3921; x_wconf 84' lang='grc' dir='ltr'>ὁ</span> <span class='ocrx_word' id='word_1_383' title='bbox 621 3870 967 3937; x_wconf 71' lang='grc' dir='ltr'><strong>Χαλκηδόνος</strong></span> <span class='ocrx_word' id='word_1_384' title='bbox 993 3872 1048 3936; x_wconf 76' lang='grc' dir='ltr'><strong>ἐξ</strong></span> <span class='ocrx_word' id='word_1_385' title='bbox 1071 3866 1136 3941; x_wconf 81' lang='grc' dir='ltr'><strong>ἦς</strong></span> <span class='ocrx_word' id='word_1_386' title='bbox 1158 3873 1287 3941; x_wconf 79' lang='grc' dir='ltr'><strong>περὶ</strong></span> <span class='ocrx_word' id='word_1_387' title='bbox 1308 3872 1397 3925; x_wconf 71' lang='grc' dir='ltr'><strong>τὸν</strong></span> <span class='ocrx_word' id='word_1_388' title='bbox 1425 3876 1559 3926; x_wconf 64' lang='lat' dir='ltr'><strong>mea</strong></span> <span class='ocrx_word' id='word_1_389' title='bbox 1588 3878 1876 3947; x_wconf 76' lang='grc' dir='ltr'><strong>συμφορᾶς</strong></span> 
     </span>
    </p>
   </div>
   <div class='ocr_carea' id='block_1_56' title="bbox 295 3963 1877 4037">
    <p class='ocr_par' dir='ltr' id='par_1_56' title="bbox 295 3963 1877 4037">
     <span class='ocr_line' id='line_1_56' title="bbox 295 3963 1877 4037; baseline 0.007 -26"><span class='ocrx_word' id='word_1_390' title='bbox 295 3963 648 4031; x_wconf 81' lang='grc' dir='ltr'><strong>περιέπεσεν,</strong></span> <span class='ocrx_word' id='word_1_391' title='bbox 704 3963 970 4034; x_wconf 80' lang='grc' dir='ltr'><strong>ἑκάτερον</strong></span> <span class='ocrx_word' id='word_1_392' title='bbox 1039 3965 1228 4028; x_wconf 78' lang='grc' dir='ltr'><strong>σκέλος</strong></span> <span class='ocrx_word' id='word_1_393' title='bbox 1298 3965 1568 4037; x_wconf 70' lang='grc' dir='ltr'><strong>πρισθεὶς,</strong></span> <span class='ocrx_word' id='word_1_394' title='bbox 1629 3969 1877 4033; x_wconf 74' lang='grc' dir='ltr'><strong>ἐλεεινῶς</strong></span> 
     </span>
    </p>
   </div>
   <div class='ocr_carea' id='block_1_57' title="bbox 297 4054 1873 4134">
    <p class='ocr_par' dir='ltr' id='par_1_57' title="bbox 297 4054 1873 4134">
     <span class='ocr_line' id='line_1_57' title="bbox 297 4054 1873 4134; baseline 0.005 -27"><span class='ocrx_word' id='word_1_395' title='bbox 297 4054 514 4107; x_wconf 76' lang='grc' dir='ltr'><strong>ἁπεὸίω</strong></span> <span class='ocrx_word' id='word_1_396' title='bbox 547 4071 560 4084; x_wconf 86' lang='grc'><strong>·</strong></span> <span class='ocrx_word' id='word_1_397' title='bbox 599 4056 694 4107; x_wconf 71' lang='grc' dir='ltr'><strong>καὶ</strong></span> <span class='ocrx_word' id='word_1_398' title='bbox 728 4054 884 4109; x_wconf 81' lang='grc' dir='ltr'><strong>ἄλλοι</strong></span> <span class='ocrx_word' id='word_1_399' title='bbox 909 4057 1085 4120; x_wconf 75' lang='grc' dir='ltr'><strong>ἄλλως</strong></span> <span class='ocrx_word' id='word_1_400' title='bbox 1112 4072 1125 4086; x_wconf 79' lang='lat'>&#39;</span> <span class='ocrx_word' id='word_1_401' title='bbox 1176 4059 1450 4127; x_wconf 85' lang='grc' dir='ltr'><strong>Ἀντίοχος</strong></span> <span class='ocrx_word' id='word_1_402' title='bbox 1477 4062 1571 4113; x_wconf 78' lang='grc' dir='ltr'><strong>καὶ</strong></span> <span class='ocrx_word' id='word_1_403' title='bbox 1600 4061 1873 4134; x_wconf 82' lang='grc' dir='ltr'><strong>Σευηρια-</strong></span> 
     </span>
    </p>
   </div>
   <div class='ocr_carea' id='block_1_58' title="bbox 293 4149 1874 4226">
    <p class='ocr_par' dir='ltr' id='par_1_58' title="bbox 293 4149 1874 4226">
     <span class='ocr_line' id='line_1_58' title="bbox 293 4149 1874 4226; baseline 0.005 -26"><span class='ocrx_word' id='word_1_404' title='bbox 293 4152 405 4211; x_wconf 63' lang='grc' dir='ltr'><strong>νὸς,</strong></span> <span class='ocrx_word' id='word_1_405' title='bbox 437 4149 533 4201; x_wconf 82' lang='grc' dir='ltr'><strong>καὶ</strong></span> <span class='ocrx_word' id='word_1_406' title='bbox 555 4149 605 4201; x_wconf 83' lang='grc' dir='ltr'><strong>οἳ</strong></span> <span class='ocrx_word' id='word_1_407' title='bbox 634 4150 762 4219; x_wconf 75' lang='grc' dir='ltr'><strong>περὶ</strong></span> <span class='ocrx_word' id='word_1_408' title='bbox 786 4149 984 4211; x_wconf 79' lang='grc' dir='ltr'><strong>αὐτοὺς</strong></span> <span class='ocrx_word' id='word_1_409' title='bbox 1045 4150 1230 4211; x_wconf 81' lang='grc' dir='ltr'><strong>κακῶς</strong></span> <span class='ocrx_word' id='word_1_410' title='bbox 1250 4152 1310 4203; x_wconf 73' lang='grc' dir='ltr'><strong>τὸ</strong></span> <span class='ocrx_word' id='word_1_411' title='bbox 1348 4151 1448 4221; x_wconf 75' lang='grc' dir='ltr'><strong>ζῇν</strong></span> <span class='ocrx_word' id='word_1_412' title='bbox 1480 4154 1874 4226; x_wconf 81' lang='grc' dir='ltr'><strong>ἐξεμέτρησαν,</strong></span> 
     </span>
    </p>
   </div>
   <div class='ocr_carea' id='block_1_59' title="bbox 296 4238 1878 4315">
    <p class='ocr_par' dir='ltr' id='par_1_59' title="bbox 296 4238 1878 4315">
     <span class='ocr_line' id='line_1_59' title="bbox 296 4238 1878 4315; baseline 0.007 -26"><span class='ocrx_word' id='word_1_413' title='bbox 296 4238 489 4309; x_wconf 86' lang='grc' dir='ltr'><strong>ποινὴν</strong></span> <span class='ocrx_word' id='word_1_414' title='bbox 526 4240 992 4309; x_wconf 70' lang='grc' dir='ltr'><strong>εἰσπραττομένου</strong></span> <span class='ocrx_word' id='word_1_415' title='bbox 1024 4240 1159 4291; x_wconf 85' lang='grc' dir='ltr'><strong>Θεοῦ</strong></span> <span class='ocrx_word' id='word_1_416' title='bbox 1196 4241 1290 4309; x_wconf 76' lang='grc' dir='ltr'><strong>τῆς</strong></span> <span class='ocrx_word' id='word_1_417' title='bbox 1323 4242 1530 4309; x_wconf 82' lang='grc' dir='ltr'><strong>ἀδίκου,</strong></span> <span class='ocrx_word' id='word_1_418' title='bbox 1596 4246 1731 4315; x_wconf 73' lang='grc' dir='ltr'><strong>φεῦί</strong></span> <span class='ocrx_word' id='word_1_419' title='bbox 1769 4246 1878 4300; x_wconf 87' lang='grc' dir='ltr'><strong>τῶν</strong></span> 
     </span>
    </p>
   </div>
   <div class='ocr_carea' id='block_1_60' title="bbox 297 4331 1877 4406">
    <p class='ocr_par' dir='ltr' id='par_1_60' title="bbox 297 4331 1877 4406">
     <span class='ocr_line' id='line_1_60' title="bbox 297 4331 1877 4406; baseline 0.006 -24"><span class='ocrx_word' id='word_1_420' title='bbox 297 4331 459 4400; x_wconf 82' lang='grc' dir='ltr'><strong>ἱερῶν</strong></span> <span class='ocrx_word' id='word_1_421' title='bbox 494 4331 853 4400; x_wconf 79' lang='grc' dir='ltr'><strong>ἐξορχήσεως.</strong></span> <span class='ocrx_word' id='word_1_422' title='bbox 901 4331 992 4395; x_wconf 78' lang='grc' dir='ltr'><strong>Ἐξ</strong></span> <span class='ocrx_word' id='word_1_423' title='bbox 1031 4332 1339 4403; x_wconf 84' lang='grc' dir='ltr'><strong>ἀνθρώπων</strong></span> <span class='ocrx_word' id='word_1_424' title='bbox 1364 4336 1418 4388; x_wconf 84' lang='grc' dir='ltr'><strong>δὲ</strong></span> <span class='ocrx_word' id='word_1_425' title='bbox 1452 4339 1547 4390; x_wconf 72' lang='grc' dir='ltr'><strong>καὶ</strong></span> <span class='ocrx_word' id='word_1_426' title='bbox 1568 4340 1595 4389; x_wconf 86' lang='grc' dir='ltr'>ὁ</span> <span class='ocrx_word' id='word_1_427' title='bbox 1624 4337 1877 4406; x_wconf 77' lang='grc' dir='ltr'><strong>βασιλεὺς</strong></span> 
     </span>
    </p>
   </div>
   <div class='ocr_carea' id='block_1_61' title="bbox 306 4423 1877 4501">
    <p class='ocr_par' dir='ltr' id='par_1_61' title="bbox 306 4423 1877 4501">
     <span class='ocr_line' id='line_1_61' title="bbox 306 4423 1877 4501; baseline 0.005 -27"><span class='ocrx_word' id='word_1_428' title='bbox 306 4423 591 4492; x_wconf 74' lang='grc' dir='ltr'><strong>Ἀρκάδιος</strong></span> <span class='ocrx_word' id='word_1_429' title='bbox 656 4424 899 4490; x_wconf 64' lang='grc' dir='ltr'><strong>ἐγεγόνει</strong></span> <span class='ocrx_word' id='word_1_430' title='bbox 955 4425 1092 4493; x_wconf 76' lang='grc' dir='ltr'><strong>μετὰ</strong></span> <span class='ocrx_word' id='word_1_431' title='bbox 1162 4424 1355 4494; x_wconf 84' lang='grc' dir='ltr'><strong>βραχύ.</strong></span> <span class='ocrx_word' id='word_1_432' title='bbox 1432 4426 1574 4479; x_wconf 81' lang='grc' dir='ltr'><strong>Ἀλλ’</strong></span> <span class='ocrx_word' id='word_1_433' title='bbox 1629 4431 1721 4481; x_wconf 77' lang='grc' dir='ltr'><strong>ἐπὶ</strong></span> <span class='ocrx_word' id='word_1_434' title='bbox 1778 4429 1877 4501; x_wconf 82' lang='grc' dir='ltr'><strong>τὴν</strong></span> 
     </span>
    </p>
   </div>
   <div class='ocr_carea' id='block_1_62' title="bbox 1976 1936 3553 2008">
    <p class='ocr_par' dir='ltr' id='par_1_62' title="bbox 1976 1936 3553 2008">
     <span class='ocr_line' id='line_1_62' title="bbox 1976 1936 3553 2008; baseline -0.003 -15"><span class='ocrx_word' id='word_1_435' title='bbox 1976 1938 2386 2008; x_wconf 84' lang='lat' dir='ltr'><strong>conspicerent.</strong></span> <span class='ocrx_word' id='word_1_436' title='bbox 2427 1937 2495 1993; x_wconf 88' lang='lat' dir='ltr'><strong>Et</strong></span> <span class='ocrx_word' id='word_1_437' title='bbox 2540 1945 2662 2006; x_wconf 89' lang='lat' dir='ltr'><strong>post</strong></span> <span class='ocrx_word' id='word_1_438' title='bbox 2704 1936 2974 2007; x_wconf 86' lang='lat' dir='ltr'><strong>ejusmodi</strong></span> <span class='ocrx_word' id='word_1_439' title='bbox 3012 1946 3295 2005; x_wconf 86' lang='lat' dir='ltr'><strong>rupturam</strong></span> <span class='ocrx_word' id='word_1_440' title='bbox 3327 1936 3399 1989; x_wconf 87' lang='lat' dir='ltr'><strong>ita</strong></span> <span class='ocrx_word' id='word_1_441' title='bbox 3431 1952 3553 1988; x_wconf 84' lang='lat' dir='ltr'><strong>rur—</strong></span> 
     </span>
    </p>
   </div>
   <div class='ocr_carea' id='block_1_63' title="bbox 1977 2027 3549 2099">
    <p class='ocr_par' dir='ltr' id='par_1_63' title="bbox 1977 2027 3549 2099">
     <span class='ocr_line' id='line_1_63' title="bbox 1977 2027 3549 2099; baseline -0.003 -15"><span class='ocrx_word' id='word_1_442' title='bbox 1977 2046 2100 2084; x_wconf 86' lang='lat' dir='ltr'><strong>sum</strong></span> <span class='ocrx_word' id='word_1_443' title='bbox 2140 2040 2267 2083; x_wconf 88' lang='lat' dir='ltr'><strong>sunt</strong></span> <span class='ocrx_word' id='word_1_444' title='bbox 2305 2030 2451 2084; x_wconf 89' lang='lat' dir='ltr'><strong>inter</strong></span> <span class='ocrx_word' id='word_1_445' title='bbox 2483 2046 2540 2084; x_wconf 89' lang='lat' dir='ltr'><strong>se</strong></span> <span class='ocrx_word' id='word_1_446' title='bbox 2574 2040 2703 2099; x_wconf 89' lang='lat' dir='ltr'><strong>apte</strong></span> <span class='ocrx_word' id='word_1_447' title='bbox 2737 2030 3055 2098; x_wconf 88' lang='lat' dir='ltr'><strong>conjuncta,</strong></span> <span class='ocrx_word' id='word_1_448' title='bbox 3088 2037 3148 2081; x_wconf 93' lang='lat' dir='ltr'><strong>ut</strong></span> <span class='ocrx_word' id='word_1_449' title='bbox 3183 2027 3392 2082; x_wconf 89' lang='lat' dir='ltr'><strong>nemini</strong></span> <span class='ocrx_word' id='word_1_450' title='bbox 3440 2036 3549 2080; x_wconf 91' lang='lat' dir='ltr'><strong>tam</strong></span> 
     </span>
    </p>
   </div>
   <div class='ocr_carea' id='block_1_64' title="bbox 1978 2121 3549 2192">
    <p class='ocr_par' dir='ltr' id='par_1_64' title="bbox 1978 2121 3549 2192">
     <span class='ocr_line' id='line_1_64' title="bbox 1978 2121 3549 2192; baseline -0.003 -15"><span class='ocrx_word' id='word_1_451' title='bbox 1978 2139 2132 2178; x_wconf 73' lang='lat' dir='ltr'><strong>nova:</strong></span> <span class='ocrx_word' id='word_1_452' title='bbox 2160 2124 2235 2178; x_wconf 89' lang='lat' dir='ltr'><strong>rei</strong></span> <span class='ocrx_word' id='word_1_453' title='bbox 2263 2123 2721 2192; x_wconf 83' lang='lat' dir='ltr'><strong>significationem</strong></span> <span class='ocrx_word' id='word_1_454' title='bbox 2760 2124 3002 2192; x_wconf 87' lang='lat' dir='ltr'><strong>aliquam</strong></span> <span class='ocrx_word' id='word_1_455' title='bbox 3040 2121 3367 2190; x_wconf 76' lang='lat' dir='ltr'><strong>pra-herent.</strong></span> <span class='ocrx_word' id='word_1_456' title='bbox 3400 2121 3549 2175; x_wconf 88' lang='lat' dir='ltr'><strong>Idem</strong></span> 
     </span>
    </p>
   </div>
   <div class='ocr_carea' id='block_1_65' title="bbox 1977 2212 3552 2282">
    <p class='ocr_par' dir='ltr' id='par_1_65' title="bbox 1977 2212 3552 2282">
     <span class='ocr_line' id='line_1_65' title="bbox 1977 2212 3552 2282; baseline 0 -14"><span class='ocrx_word' id='word_1_457' title='bbox 1977 2216 2142 2269; x_wconf 87' lang='lat' dir='ltr'><strong>etiam</strong></span> <span class='ocrx_word' id='word_1_458' title='bbox 2195 2215 2248 2268; x_wconf 90' lang='lat' dir='ltr'><strong>in</strong></span> <span class='ocrx_word' id='word_1_459' title='bbox 2294 2215 2528 2269; x_wconf 80' lang='lat' dir='ltr'><strong>navibus</strong></span> <span class='ocrx_word' id='word_1_460' title='bbox 2559 2224 2615 2269; x_wconf 89' lang='lat' dir='ltr'><strong>et</strong></span> <span class='ocrx_word' id='word_1_461' title='bbox 2645 2213 2934 2267; x_wconf 88' lang='lat' dir='ltr'><strong>domorum</strong></span> <span class='ocrx_word' id='word_1_462' title='bbox 2970 2212 3325 2282; x_wconf 83' lang='lat' dir='ltr'><strong>pavimentis,</strong></span> <span class='ocrx_word' id='word_1_463' title='bbox 3362 2213 3552 2268; x_wconf 86' lang='lat' dir='ltr'><strong>multis</strong></span> 
     </span>
    </p>
   </div>
   <div class='ocr_carea' id='block_1_66' title="bbox 1979 2303 3550 2373">
    <p class='ocr_par' dir='ltr' id='par_1_66' title="bbox 1979 2303 3550 2373">
     <span class='ocr_line' id='line_1_66' title="bbox 1979 2303 3550 2373; baseline -0.001 -12"><span class='ocrx_word' id='word_1_464' title='bbox 1979 2311 2032 2362; x_wconf 93' lang='lat' dir='ltr'><strong>iu</strong></span> <span class='ocrx_word' id='word_1_465' title='bbox 2093 2307 2229 2359; x_wconf 88' lang='lat' dir='ltr'><strong>locis</strong></span> <span class='ocrx_word' id='word_1_466' title='bbox 2278 2306 2501 2360; x_wconf 88' lang='lat' dir='ltr'><strong>accidit.</strong></span> <span class='ocrx_word' id='word_1_467' title='bbox 2590 2306 2848 2371; x_wconf 69' lang='lat' dir='ltr'><strong>Qumdam</strong></span> <span class='ocrx_word' id='word_1_468' title='bbox 2903 2320 3142 2373; x_wconf 77' lang='lat' dir='ltr'><strong>namque</strong></span> <span class='ocrx_word' id='word_1_469' title='bbox 3195 2303 3445 2373; x_wconf 82' lang='lat' dir='ltr'><strong>granaria</strong></span> <span class='ocrx_word' id='word_1_470' title='bbox 3495 2305 3550 2359; x_wconf 90' lang='lat' dir='ltr'><strong>in</strong></span> 
     </span>
    </p>
   </div>
   <div class='ocr_carea' id='block_1_67' title="bbox 1978 2395 3552 2466">
    <p class='ocr_par' dir='ltr' id='par_1_67' title="bbox 1978 2395 3552 2466">
     <span class='ocr_line' id='line_1_67' title="bbox 1978 2395 3552 2466; baseline 0.001 -19"><span class='ocrx_word' id='word_1_471' title='bbox 1978 2397 2231 2466; x_wconf 83' lang='lat' dir='ltr'><strong>partibus</strong></span> <span class='ocrx_word' id='word_1_472' title='bbox 2288 2396 2646 2450; x_wconf 81' lang='lat' dir='ltr'><strong>interioribus</strong></span> <span class='ocrx_word' id='word_1_473' title='bbox 2696 2396 3035 2458; x_wconf 83' lang='lat' dir='ltr'><strong>habitantes.</strong></span> <span class='ocrx_word' id='word_1_474' title='bbox 3094 2395 3372 2450; x_wconf 82' lang='lat' dir='ltr'><strong>frumento</strong></span> <span class='ocrx_word' id='word_1_475' title='bbox 3419 2410 3552 2450; x_wconf 84' lang='lat' dir='ltr'><strong>cou-</strong></span> 
     </span>
    </p>
   </div>
   <div class='ocr_carea' id='block_1_68' title="bbox 1976 2488 3545 2559">
    <p class='ocr_par' dir='ltr' id='par_1_68' title="bbox 1976 2488 3545 2559">
     <span class='ocr_line' id='line_1_68' title="bbox 1976 2488 3545 2559; baseline -0.001 -16"><span class='ocrx_word' id='word_1_476' title='bbox 1976 2489 2158 2544; x_wconf 85' lang='lat' dir='ltr'><strong>fertim</strong></span> <span class='ocrx_word' id='word_1_477' title='bbox 2193 2501 2248 2542; x_wconf 90' lang='lat' dir='ltr'><strong>et</strong></span> <span class='ocrx_word' id='word_1_478' title='bbox 2294 2489 2481 2543; x_wconf 88' lang='lat' dir='ltr'><strong>subito</strong></span> <span class='ocrx_word' id='word_1_479' title='bbox 2516 2488 2568 2542; x_wconf 92' lang='lat' dir='ltr'><strong>in</strong></span> <span class='ocrx_word' id='word_1_480' title='bbox 2597 2504 2692 2543; x_wconf 87' lang='lat' dir='ltr'><strong>eos</strong></span> <span class='ocrx_word' id='word_1_481' title='bbox 2724 2504 2821 2559; x_wconf 90' lang='lat' dir='ltr'><strong>per</strong></span> <span class='ocrx_word' id='word_1_482' title='bbox 2868 2490 3035 2543; x_wconf 81' lang='lat' dir='ltr'><strong>rimas</strong></span> <span class='ocrx_word' id='word_1_483' title='bbox 3064 2498 3317 2557; x_wconf 83' lang='lat' dir='ltr'><strong>patentes</strong></span> <span class='ocrx_word' id='word_1_484' title='bbox 3340 2489 3545 2555; x_wconf 82' lang='lat' dir='ltr'><strong>eil‘uso,</strong></span> 
     </span>
    </p>
   </div>
   <div class='ocr_carea' id='block_1_69' title="bbox 1978 2580 3548 2652">
    <p class='ocr_par' dir='ltr' id='par_1_69' title="bbox 1978 2580 3548 2652">
     <span class='ocr_line' id='line_1_69' title="bbox 1978 2580 3548 2652; baseline 0 -15"><span class='ocrx_word' id='word_1_485' title='bbox 1978 2580 2342 2644; x_wconf 83' lang='lat' dir='ltr'><strong>suffocaruut,</strong></span> <span class='ocrx_word' id='word_1_486' title='bbox 2386 2583 2679 2652; x_wconf 89' lang='lat' dir='ltr'><strong>solumque</strong></span> <span class='ocrx_word' id='word_1_487' title='bbox 2710 2582 2887 2652; x_wconf 90' lang='lat' dir='ltr'><strong>ipsum</strong></span> <span class='ocrx_word' id='word_1_488' title='bbox 2924 2592 3032 2636; x_wconf 90' lang='lat' dir='ltr'><strong>tam</strong></span> <span class='ocrx_word' id='word_1_489' title='bbox 3072 2582 3364 2637; x_wconf 88' lang='lat' dir='ltr'><strong>commode</strong></span> <span class='ocrx_word' id='word_1_490' title='bbox 3391 2598 3548 2637; x_wconf 87' lang='lat' dir='ltr'><strong>com-</strong></span> 
     </span>
    </p>
   </div>
   <div class='ocr_carea' id='block_1_70' title="bbox 1980 2675 3549 2744">
    <p class='ocr_par' dir='ltr' id='par_1_70' title="bbox 1980 2675 3549 2744">
     <span class='ocr_line' id='line_1_70' title="bbox 1980 2675 3549 2744; baseline 0.003 -17"><span class='ocrx_word' id='word_1_491' title='bbox 1980 2685 2200 2744; x_wconf 88' lang='lat' dir='ltr'><strong>pactum</strong></span> <span class='ocrx_word' id='word_1_492' title='bbox 2262 2675 2657 2739; x_wconf 86' lang='lat' dir='ltr'><strong>reddiderunt,</strong></span> <span class='ocrx_word' id='word_1_493' title='bbox 2715 2685 2776 2731; x_wconf 92' lang='lat' dir='ltr'><strong>ut</strong></span> <span class='ocrx_word' id='word_1_494' title='bbox 2828 2677 3083 2733; x_wconf 86' lang='lat' dir='ltr'><strong>homines</strong></span> <span class='ocrx_word' id='word_1_495' title='bbox 3132 2678 3549 2744; x_wconf 88' lang='lat' dir='ltr'><strong>addubitareut,</strong></span> 
     </span>
    </p>
   </div>
   <div class='ocr_carea' id='block_1_71' title="bbox 1981 2765 3549 2840">
    <p class='ocr_par' dir='ltr' id='par_1_71' title="bbox 1981 2765 3549 2840">
     <span class='ocr_line' id='line_1_71' title="bbox 1981 2765 3549 2840; baseline 0.003 -20"><span class='ocrx_word' id='word_1_496' title='bbox 1981 2766 2125 2820; x_wconf 91' lang='lat' dir='ltr'><strong>unde</strong></span> <span class='ocrx_word' id='word_1_497' title='bbox 2152 2765 2487 2821; x_wconf 82' lang='lat' dir='ltr'><strong>frumentum</strong></span> <span class='ocrx_word' id='word_1_498' title='bbox 2521 2766 2650 2821; x_wconf 88' lang='lat' dir='ltr'><strong>illud</strong></span> <span class='ocrx_word' id='word_1_499' title='bbox 2681 2768 2826 2836; x_wconf 93' lang='lat' dir='ltr'><strong>quod</strong></span> <span class='ocrx_word' id='word_1_500' title='bbox 2854 2769 3059 2824; x_wconf 69' lang='lat' dir='ltr'><strong>caedem</strong></span> <span class='ocrx_word' id='word_1_501' title='bbox 3096 2770 3259 2824; x_wconf 84' lang='lat' dir='ltr'><strong>talem</strong></span> <span class='ocrx_word' id='word_1_502' title='bbox 3293 2771 3549 2840; x_wconf 84' lang='lat' dir='ltr'><strong>patrarit,</strong></span> 
     </span>
    </p>
   </div>
   <div class='ocr_carea' id='block_1_72' title="bbox 1979 2856 3550 2930">
    <p class='ocr_par' dir='ltr' id='par_1_72' title="bbox 1979 2856 3550 2930">
     <span class='ocr_line' id='line_1_72' title="bbox 1979 2856 3550 2930; baseline 0.003 -20"><span class='ocrx_word' id='word_1_503' title='bbox 1979 2856 2323 2926; x_wconf 79' lang='lat' dir='ltr'><strong>proﬂuxerit.</strong></span> <span class='ocrx_word' id='word_1_504' title='bbox 2353 2858 2431 2912; x_wconf 78' lang='lat' dir='ltr'><strong>Ad</strong></span> <span class='ocrx_word' id='word_1_505' title='bbox 2463 2859 2599 2925; x_wconf 77' lang='lat' dir='ltr'><strong>hzec,</strong></span> <span class='ocrx_word' id='word_1_506' title='bbox 2633 2859 2738 2912; x_wconf 90' lang='lat' dir='ltr'><strong>alia</strong></span> <span class='ocrx_word' id='word_1_507' title='bbox 2768 2875 2988 2927; x_wconf 87' lang='lat' dir='ltr'><strong>quoque</strong></span> <span class='ocrx_word' id='word_1_508' title='bbox 3020 2861 3242 2930; x_wconf 77' lang='lat' dir='ltr'><strong>generis</strong></span> <span class='ocrx_word' id='word_1_509' title='bbox 3269 2862 3409 2915; x_wconf 86' lang='lat' dir='ltr'><strong>mala</strong></span> <span class='ocrx_word' id='word_1_510' title='bbox 3435 2870 3550 2915; x_wconf 91' lang='lat' dir='ltr'><strong>tum</strong></span> 
     </span>
    </p>
   </div>
   <div class='ocr_carea' id='block_1_73' title="bbox 1979 2952 3553 3021">
    <p class='ocr_par' dir='ltr' id='par_1_73' title="bbox 1979 2952 3553 3021">
     <span class='ocr_line' id='line_1_73' title="bbox 1979 2952 3553 3021; baseline 0.003 -18"><span class='ocrx_word' id='word_1_511' title='bbox 1979 2965 2121 3003; x_wconf 89' lang='lat' dir='ltr'><strong>novo</strong></span> <span class='ocrx_word' id='word_1_512' title='bbox 2160 2966 2389 3020; x_wconf 90' lang='lat' dir='ltr'><strong>prorsus</strong></span> <span class='ocrx_word' id='word_1_513' title='bbox 2420 2954 2585 3005; x_wconf 91' lang='lat' dir='ltr'><strong>modo</strong></span> <span class='ocrx_word' id='word_1_514' title='bbox 2611 2953 2911 3016; x_wconf 74' lang='lat' dir='ltr'><strong>exstitere;</strong></span> <span class='ocrx_word' id='word_1_515' title='bbox 2955 2969 3078 3021; x_wconf 64' lang='lat' dir='ltr'><strong>quae</strong></span> <span class='ocrx_word' id='word_1_516' title='bbox 3109 2954 3245 3009; x_wconf 87' lang='lat' dir='ltr'><strong>satis</strong></span> <span class='ocrx_word' id='word_1_517' title='bbox 3286 2952 3553 3008; x_wconf 86' lang='lat' dir='ltr'><strong>ostende-</strong></span> 
     </span>
    </p>
   </div>
   <div class='ocr_carea' id='block_1_74' title="bbox 1979 3043 3552 3113">
    <p class='ocr_par' dir='ltr' id='par_1_74' title="bbox 1979 3043 3552 3113">
     <span class='ocr_line' id='line_1_74' title="bbox 1979 3043 3552 3113; baseline 0.001 -17"><span class='ocrx_word' id='word_1_518' title='bbox 1979 3052 2132 3109; x_wconf 89' lang='lat' dir='ltr'><strong>runt,</strong></span> <span class='ocrx_word' id='word_1_519' title='bbox 2160 3060 2265 3098; x_wconf 88' lang='lat' dir='ltr'><strong>non</strong></span> <span class='ocrx_word' id='word_1_520' title='bbox 2306 3045 2543 3099; x_wconf 90' lang='lat' dir='ltr'><strong>naturali</strong></span> <span class='ocrx_word' id='word_1_521' title='bbox 2567 3045 2749 3113; x_wconf 77' lang='lat' dir='ltr'><strong>aliqua</strong></span> <span class='ocrx_word' id='word_1_522' title='bbox 2771 3046 2983 3099; x_wconf 88' lang='lat' dir='ltr'><strong>ratione</strong></span> <span class='ocrx_word' id='word_1_523' title='bbox 3008 3046 3142 3106; x_wconf 64' lang='lat' dir='ltr'><strong>haec.</strong></span> <span class='ocrx_word' id='word_1_524' title='bbox 3164 3046 3327 3099; x_wconf 89' lang='lat' dir='ltr'><strong>sicuti</strong></span> <span class='ocrx_word' id='word_1_525' title='bbox 3346 3043 3552 3100; x_wconf 64' lang='lat' dir='ltr'><strong>Graecae</strong></span> 
     </span>
    </p>
   </div>
   <div class='ocr_carea' id='block_1_75' title="bbox 1980 3136 3549 3209">
    <p class='ocr_par' dir='ltr' id='par_1_75' title="bbox 1980 3136 3549 3209">
     <span class='ocr_line' id='line_1_75' title="bbox 1980 3136 3549 3209; baseline 0.001 -20"><span class='ocrx_word' id='word_1_526' title='bbox 1980 3138 2392 3204; x_wconf 87' lang='lat' dir='ltr'><strong>superstitionis</strong></span> <span class='ocrx_word' id='word_1_527' title='bbox 2428 3145 2731 3194; x_wconf 86' lang='lat' dir='ltr'><strong>sectatores</strong></span> <span class='ocrx_word' id='word_1_528' title='bbox 2760 3136 3061 3191; x_wconf 87' lang='lat' dir='ltr'><strong>delirantes</strong></span> <span class='ocrx_word' id='word_1_529' title='bbox 3094 3136 3309 3199; x_wconf 90' lang='lat' dir='ltr'><strong>dicunt,</strong></span> <span class='ocrx_word' id='word_1_530' title='bbox 3343 3152 3549 3209; x_wconf 85' lang='lat' dir='ltr'><strong>prove-</strong></span> 
     </span>
    </p>
   </div>
   <div class='ocr_carea' id='block_1_76' title="bbox 1980 3229 3553 3300">
    <p class='ocr_par' dir='ltr' id='par_1_76' title="bbox 1980 3229 3553 3300">
     <span class='ocr_line' id='line_1_76' title="bbox 1980 3229 3553 3300; baseline -0.001 -16"><span class='ocrx_word' id='word_1_531' title='bbox 1980 3231 2124 3297; x_wconf 89' lang='lat' dir='ltr'><strong>nire,</strong></span> <span class='ocrx_word' id='word_1_532' title='bbox 2157 3230 2252 3284; x_wconf 86' lang='lat' dir='ltr'><strong>sed</strong></span> <span class='ocrx_word' id='word_1_533' title='bbox 2301 3229 2503 3284; x_wconf 73' lang='lat' dir='ltr'><strong>divinae</strong></span> <span class='ocrx_word' id='word_1_534' title='bbox 2534 3230 2935 3300; x_wconf 79' lang='lat' dir='ltr'><strong>indignationis</strong></span> <span class='ocrx_word' id='word_1_535' title='bbox 2968 3230 3178 3300; x_wconf 79' lang='lat' dir='ltr'><strong>ﬂagella</strong></span> <span class='ocrx_word' id='word_1_536' title='bbox 3210 3245 3275 3284; x_wconf 81' lang='lat' dir='ltr'><strong>ea</strong></span> <span class='ocrx_word' id='word_1_537' title='bbox 3310 3230 3553 3284; x_wconf 89' lang='lat' dir='ltr'><strong>homini-</strong></span> 
     </span>
    </p>
   </div>
   <div class='ocr_carea' id='block_1_77' title="bbox 1978 3321 3550 3392">
    <p class='ocr_par' dir='ltr' id='par_1_77' title="bbox 1978 3321 3550 3392">
     <span class='ocr_line' id='line_1_77' title="bbox 1978 3321 3550 3392; baseline 0 -16"><span class='ocrx_word' id='word_1_538' title='bbox 1978 3323 2083 3377; x_wconf 85' lang='lat' dir='ltr'><strong>bus</strong></span> <span class='ocrx_word' id='word_1_539' title='bbox 2131 3322 2375 3377; x_wconf 90' lang='lat' dir='ltr'><strong>immitti.</strong></span> <span class='ocrx_word' id='word_1_540' title='bbox 2430 3321 2591 3392; x_wconf 68' lang='grc'><strong>427</strong></span> <span class='ocrx_word' id='word_1_541' title='bbox 2632 3321 2820 3376; x_wconf 83' lang='lat' dir='ltr'><strong>Multis</strong></span> <span class='ocrx_word' id='word_1_542' title='bbox 2852 3332 3003 3377; x_wconf 91' lang='lat' dir='ltr'><strong>certe</strong></span> <span class='ocrx_word' id='word_1_543' title='bbox 3051 3322 3273 3391; x_wconf 80' lang='lat' dir='ltr'><strong>quidem</strong></span> <span class='ocrx_word' id='word_1_544' title='bbox 3309 3338 3376 3376; x_wconf 90' lang='lat' dir='ltr'><strong>eo</strong></span> <span class='ocrx_word' id='word_1_545' title='bbox 3409 3332 3550 3376; x_wconf 84' lang='lat' dir='ltr'><strong>tem-</strong></span> 
     </span>
    </p>
   </div>
   <div class='ocr_carea' id='block_1_78' title="bbox 1978 3414 3551 3487">
    <p class='ocr_par' dir='ltr' id='par_1_78' title="bbox 1978 3414 3551 3487">
     <span class='ocr_line' id='line_1_78' title="bbox 1978 3414 3551 3487; baseline -0.001 -18"><span class='ocrx_word' id='word_1_546' title='bbox 1978 3431 2113 3487; x_wconf 87' lang='lat' dir='ltr'><strong>pore</strong></span> <span class='ocrx_word' id='word_1_547' title='bbox 2162 3417 2340 3469; x_wconf 87' lang='lat' dir='ltr'><strong>visum</strong></span> <span class='ocrx_word' id='word_1_548' title='bbox 2395 3425 2498 3479; x_wconf 91' lang='lat' dir='ltr'><strong>est,</strong></span> <span class='ocrx_word' id='word_1_549' title='bbox 2557 3416 2693 3467; x_wconf 88' lang='lat' dir='ltr'><strong>irato</strong></span> <span class='ocrx_word' id='word_1_550' title='bbox 2740 3429 2804 3467; x_wconf 90' lang='lat' dir='ltr'><strong>ea</strong></span> <span class='ocrx_word' id='word_1_551' title='bbox 2858 3414 2971 3467; x_wconf 88' lang='lat' dir='ltr'><strong>Deo</strong></span> <span class='ocrx_word' id='word_1_552' title='bbox 3002 3414 3295 3476; x_wconf 85' lang='lat' dir='ltr'><strong>accidisse,</strong></span> <span class='ocrx_word' id='word_1_553' title='bbox 3328 3424 3551 3483; x_wconf 86' lang='lat' dir='ltr'><strong>propter</strong></span> 
     </span>
    </p>
   </div>
   <div class='ocr_carea' id='block_1_79' title="bbox 1980 3505 3549 3577">
    <p class='ocr_par' dir='ltr' id='par_1_79' title="bbox 1980 3505 3549 3577">
     <span class='ocr_line' id='line_1_79' title="bbox 1980 3505 3549 3577; baseline 0.002 -19"><span class='ocrx_word' id='word_1_554' title='bbox 1980 3517 2088 3560; x_wconf 89' lang='lat' dir='ltr'><strong>tam</strong></span> <span class='ocrx_word' id='word_1_555' title='bbox 2121 3516 2391 3577; x_wconf 89' lang='lat' dir='ltr'><strong>apertam,</strong></span> <span class='ocrx_word' id='word_1_556' title='bbox 2424 3522 2548 3575; x_wconf 69' lang='lat' dir='ltr'><strong>qua:</strong></span> <span class='ocrx_word' id='word_1_557' title='bbox 2589 3505 2827 3559; x_wconf 73' lang='lat' dir='ltr'><strong>maximo</strong></span> <span class='ocrx_word' id='word_1_558' title='bbox 2859 3506 2939 3559; x_wconf 92' lang='lat' dir='ltr'><strong>illi</strong></span> <span class='ocrx_word' id='word_1_559' title='bbox 2971 3506 3235 3560; x_wconf 65' lang='lat' dir='ltr'><strong>Ecclesiae</strong></span> <span class='ocrx_word' id='word_1_560' title='bbox 3285 3506 3549 3561; x_wconf 88' lang='lat' dir='ltr'><strong>luminari</strong></span> 
     </span>
    </p>
   </div>
   <div class='ocr_carea' id='block_1_80' title="bbox 1976 3594 3552 3667">
    <p class='ocr_par' dir='ltr' id='par_1_80' title="bbox 1976 3594 3552 3667">
     <span class='ocr_line' id='line_1_80' title="bbox 1976 3594 3552 3667; baseline -0.001 -14"><span class='ocrx_word' id='word_1_561' title='bbox 1976 3596 2173 3653; x_wconf 71' lang='lat' dir='ltr'><strong>Joanni</strong></span> <span class='ocrx_word' id='word_1_562' title='bbox 2210 3598 2358 3650; x_wconf 80' lang='lat' dir='ltr'><strong>illata</strong></span> <span class='ocrx_word' id='word_1_563' title='bbox 2387 3606 2492 3662; x_wconf 84' lang='lat' dir='ltr'><strong>est,</strong></span> <span class='ocrx_word' id='word_1_564' title='bbox 2527 3595 2785 3665; x_wconf 84' lang='lat' dir='ltr'><strong>injuriam</strong></span> <span class='ocrx_word' id='word_1_565' title='bbox 2816 3597 2913 3667; x_wconf 83' lang='grc'><strong>(1).</strong></span> <span class='ocrx_word' id='word_1_566' title='bbox 2964 3594 3249 3665; x_wconf 86' lang='lat' dir='ltr'><strong>Siquidem</strong></span> <span class='ocrx_word' id='word_1_567' title='bbox 3284 3608 3339 3651; x_wconf 85' lang='lat' dir='ltr'><strong>et</strong></span> <span class='ocrx_word' id='word_1_568' title='bbox 3379 3599 3552 3666; x_wconf 78' lang='lat' dir='ltr'><strong>impe-</strong></span> 
     </span>
    </p>
   </div>
   <div class='ocr_carea' id='block_1_81' title="bbox 1978 3688 3549 3759">
    <p class='ocr_par' dir='ltr' id='par_1_81' title="bbox 1978 3688 3549 3759">
     <span class='ocr_line' id='line_1_81' title="bbox 1978 3688 3549 3759; baseline -0.001 -15"><span class='ocrx_word' id='word_1_569' title='bbox 1978 3690 2181 3744; x_wconf 83' lang='lat' dir='ltr'><strong>ratoris</strong></span> <span class='ocrx_word' id='word_1_570' title='bbox 2228 3691 2517 3759; x_wconf 79' lang='lat' dir='ltr'><strong>conjugem</strong></span> <span class='ocrx_word' id='word_1_571' title='bbox 2576 3688 2883 3742; x_wconf 75' lang='lat' dir='ltr'><strong>Eudoxiam</strong></span> <span class='ocrx_word' id='word_1_572' title='bbox 2949 3698 3063 3741; x_wconf 89' lang='lat' dir='ltr'><strong>tum</strong></span> <span class='ocrx_word' id='word_1_573' title='bbox 3117 3689 3226 3742; x_wconf 87' lang='lat' dir='ltr'><strong>vita</strong></span> <span class='ocrx_word' id='word_1_574' title='bbox 3277 3690 3549 3743; x_wconf 79' lang='lat' dir='ltr'><strong>excedere</strong></span> 
     </span>
    </p>
   </div>
   <div class='ocr_carea' id='block_1_82' title="bbox 1978 3780 3547 3851">
    <p class='ocr_par' dir='ltr' id='par_1_82' title="bbox 1978 3780 3547 3851">
     <span class='ocr_line' id='line_1_82' title="bbox 1978 3780 3547 3851; baseline -0.003 -14"><span class='ocrx_word' id='word_1_575' title='bbox 1978 3782 2228 3851; x_wconf 77' lang='lat' dir='ltr'><strong>contigit,</strong></span> <span class='ocrx_word' id='word_1_576' title='bbox 2285 3783 2564 3836; x_wconf 76' lang='lat' dir='ltr'><strong>vermibus</strong></span> <span class='ocrx_word' id='word_1_577' title='bbox 2611 3796 2793 3835; x_wconf 90' lang='lat' dir='ltr'><strong>eseam</strong></span> <span class='ocrx_word' id='word_1_578' title='bbox 2828 3780 3029 3834; x_wconf 88' lang='lat' dir='ltr'><strong>factam</strong></span> <span class='ocrx_word' id='word_1_579' title='bbox 3062 3798 3074 3834; x_wconf 91' lang='lat'>:</span> <span class='ocrx_word' id='word_1_580' title='bbox 3113 3791 3170 3834; x_wconf 88' lang='lat' dir='ltr'><strong>et</strong></span> <span class='ocrx_word' id='word_1_581' title='bbox 3202 3796 3418 3844; x_wconf 87' lang='lat' dir='ltr'><strong>urnam,</strong></span> <span class='ocrx_word' id='word_1_582' title='bbox 3459 3780 3547 3835; x_wconf 91' lang='lat' dir='ltr'><strong>cui</strong></span> 
     </span>
    </p>
   </div>
   <div class='ocr_carea' id='block_1_83' title="bbox 1980 3872 3549 3943">
    <p class='ocr_par' dir='ltr' id='par_1_83' title="bbox 1980 3872 3549 3943">
     <span class='ocr_line' id='line_1_83' title="bbox 1980 3872 3549 3943; baseline -0.003 -14"><span class='ocrx_word' id='word_1_583' title='bbox 1980 3874 2233 3943; x_wconf 86' lang='lat' dir='ltr'><strong>imposita</strong></span> <span class='ocrx_word' id='word_1_584' title='bbox 2270 3882 2375 3939; x_wconf 80' lang='lat' dir='ltr'><strong>est,</strong></span> <span class='ocrx_word' id='word_1_585' title='bbox 2425 3874 2634 3928; x_wconf 82' lang='lat' dir='ltr'><strong>moveri</strong></span> <span class='ocrx_word' id='word_1_586' title='bbox 2662 3886 2890 3926; x_wconf 89' lang='lat' dir='ltr'><strong>cernere</strong></span> <span class='ocrx_word' id='word_1_587' title='bbox 2918 3880 3055 3936; x_wconf 87' lang='lat' dir='ltr'><strong>erat,</strong></span> <span class='ocrx_word' id='word_1_588' title='bbox 3131 3872 3243 3927; x_wconf 90' lang='lat' dir='ltr'><strong>Deo</strong></span> <span class='ocrx_word' id='word_1_589' title='bbox 3290 3872 3549 3925; x_wconf 85' lang='lat' dir='ltr'><strong>videlicet</strong></span> 
     </span>
    </p>
   </div>
   <div class='ocr_carea' id='block_1_84' title="bbox 1979 3965 3546 4037">
    <p class='ocr_par' dir='ltr' id='par_1_84' title="bbox 1979 3965 3546 4037">
     <span class='ocr_line' id='line_1_84' title="bbox 1979 3965 3546 4037; baseline -0.004 -16"><span class='ocrx_word' id='word_1_590' title='bbox 1979 3982 2103 4021; x_wconf 90' lang='lat' dir='ltr'><strong>cum</strong></span> <span class='ocrx_word' id='word_1_591' title='bbox 2136 3970 2228 4035; x_wconf 89' lang='lat' dir='ltr'><strong>qui</strong></span> <span class='ocrx_word' id='word_1_592' title='bbox 2264 3983 2362 4037; x_wconf 90' lang='lat' dir='ltr'><strong>per</strong></span> <span class='ocrx_word' id='word_1_593' title='bbox 2396 3967 2544 4021; x_wconf 88' lang='lat' dir='ltr'><strong>illam</strong></span> <span class='ocrx_word' id='word_1_594' title='bbox 2580 3967 2635 4020; x_wconf 91' lang='lat' dir='ltr'><strong>in</strong></span> <span class='ocrx_word' id='word_1_595' title='bbox 2684 3965 2930 4019; x_wconf 86' lang='lat' dir='ltr'><strong>Ecclesia</strong></span> <span class='ocrx_word' id='word_1_596' title='bbox 2974 3965 3288 4019; x_wconf 89' lang='lat' dir='ltr'><strong>concitatus</strong></span> <span class='ocrx_word' id='word_1_597' title='bbox 3342 3966 3546 4023; x_wconf 82' lang='lat' dir='ltr'><strong>fuerat.</strong></span> 
     </span>
    </p>
   </div>
   <div class='ocr_carea' id='block_1_85' title="bbox 1980 4055 3550 4125">
    <p class='ocr_par' dir='ltr' id='par_1_85' title="bbox 1980 4055 3550 4125">
     <span class='ocr_line' id='line_1_85' title="bbox 1980 4055 3550 4125; baseline -0.005 -11"><span class='ocrx_word' id='word_1_598' title='bbox 1980 4070 2187 4114; x_wconf 90' lang='lat' dir='ltr'><strong>motum</strong></span> <span class='ocrx_word' id='word_1_599' title='bbox 2232 4060 2578 4114; x_wconf 88' lang='lat' dir='ltr'><strong>ostendente.</strong></span> <span class='ocrx_word' id='word_1_600' title='bbox 2608 4058 2676 4112; x_wconf 88' lang='lat' dir='ltr'><strong>Et</strong></span> <span class='ocrx_word' id='word_1_601' title='bbox 2705 4056 3046 4125; x_wconf 85' lang='lat' dir='ltr'><strong>Theophilus</strong></span> <span class='ocrx_word' id='word_1_602' title='bbox 3075 4056 3237 4125; x_wconf 88' lang='lat' dir='ltr'><strong>paulo</strong></span> <span class='ocrx_word' id='word_1_603' title='bbox 3262 4063 3387 4125; x_wconf 82' lang='lat' dir='ltr'><strong>pest</strong></span> <span class='ocrx_word' id='word_1_604' title='bbox 3416 4055 3550 4107; x_wconf 85' lang='lat' dir='ltr'><strong>late-</strong></span> 
     </span>
    </p>
   </div>
   <div class='ocr_carea' id='block_1_86' title="bbox 1980 4148 3548 4221">
    <p class='ocr_par' dir='ltr' id='par_1_86' title="bbox 1980 4148 3548 4221">
     <span class='ocr_line' id='line_1_86' title="bbox 1980 4148 3548 4221; baseline -0.009 -10"><span class='ocrx_word' id='word_1_605' title='bbox 1980 4172 2101 4212; x_wconf 87' lang='lat' dir='ltr'><strong>rum</strong></span> <span class='ocrx_word' id='word_1_606' title='bbox 2156 4154 2351 4208; x_wconf 89' lang='lat' dir='ltr'><strong>morbo</strong></span> <span class='ocrx_word' id='word_1_607' title='bbox 2397 4163 2687 4221; x_wconf 87' lang='lat' dir='ltr'><strong>correptus</strong></span> <span class='ocrx_word' id='word_1_608' title='bbox 2748 4150 2974 4204; x_wconf 86' lang='lat' dir='ltr'><strong>interiit.</strong></span> <span class='ocrx_word' id='word_1_609' title='bbox 3030 4148 3296 4202; x_wconf 82' lang='lat' dir='ltr'><strong>Arsaeius</strong></span> <span class='ocrx_word' id='word_1_610' title='bbox 3356 4151 3548 4209; x_wconf 90' lang='lat' dir='ltr'><strong>etiam,</strong></span> 
     </span>
    </p>
   </div>
   <div class='ocr_carea' id='block_1_87' title="bbox 1980 4238 3549 4317">
    <p class='ocr_par' dir='ltr' id='par_1_87' title="bbox 1980 4238 3549 4317">
     <span class='ocr_line' id='line_1_87' title="bbox 1980 4238 3549 4317; baseline -0.008 -17"><span class='ocrx_word' id='word_1_611' title='bbox 1980 4243 2445 4317; x_wconf 80' lang='lat' dir='ltr'><strong>quemadmodum</strong></span> <span class='ocrx_word' id='word_1_612' title='bbox 2490 4258 2519 4295; x_wconf 91' lang='lat' dir='ltr'><strong>a</strong></span> <span class='ocrx_word' id='word_1_613' title='bbox 2572 4256 2655 4295; x_wconf 90' lang='lat' dir='ltr'><strong>me</strong></span> <span class='ocrx_word' id='word_1_614' title='bbox 2709 4240 2916 4294; x_wconf 84' lang='lat' dir='ltr'><strong>dictum</strong></span> <span class='ocrx_word' id='word_1_615' title='bbox 2949 4247 3053 4302; x_wconf 90' lang='lat' dir='ltr'><strong>est,</strong></span> <span class='ocrx_word' id='word_1_616' title='bbox 3090 4252 3261 4307; x_wconf 90' lang='lat' dir='ltr'><strong>parvo</strong></span> <span class='ocrx_word' id='word_1_617' title='bbox 3306 4238 3549 4289; x_wconf 85' lang='lat' dir='ltr'><strong>interce-</strong></span> 
     </span>
    </p>
   </div>
   <div class='ocr_carea' id='block_1_88' title="bbox 1980 4327 3548 4404">
    <p class='ocr_par' dir='ltr' id='par_1_88' title="bbox 1980 4327 3548 4404">
     <span class='ocr_line' id='line_1_88' title="bbox 1980 4327 3548 4404; baseline -0.008 -11"><span class='ocrx_word' id='word_1_618' title='bbox 1980 4340 2145 4393; x_wconf 87' lang='lat' dir='ltr'><strong>dente</strong></span> <span class='ocrx_word' id='word_1_619' title='bbox 2174 4348 2421 4404; x_wconf 88' lang='lat' dir='ltr'><strong>tempore</strong></span> <span class='ocrx_word' id='word_1_620' title='bbox 2467 4333 2596 4388; x_wconf 85' lang='lat' dir='ltr'><strong>fatis</strong></span> <span class='ocrx_word' id='word_1_621' title='bbox 2624 4332 2921 4387; x_wconf 88' lang='lat' dir='ltr'><strong>concessit.</strong></span> <span class='ocrx_word' id='word_1_622' title='bbox 2953 4330 3018 4385; x_wconf 86' lang='lat' dir='ltr'><strong>Et</strong></span> <span class='ocrx_word' id='word_1_623' title='bbox 3045 4330 3282 4400; x_wconf 89' lang='lat' dir='ltr'><strong>Cyrinus</strong></span> <span class='ocrx_word' id='word_1_624' title='bbox 3320 4327 3548 4383; x_wconf 83' lang='lat' dir='ltr'><strong>Chalce-</strong></span> 
     </span>
    </p>
   </div>
   <div class='ocr_carea' id='block_1_89' title="bbox 1981 4421 3550 4499">
    <p class='ocr_par' dir='ltr' id='par_1_89' title="bbox 1981 4421 3550 4499">
     <span class='ocr_line' id='line_1_89' title="bbox 1981 4421 3550 4499; baseline -0.012 -11"><span class='ocrx_word' id='word_1_625' title='bbox 1981 4433 2144 4488; x_wconf 90' lang='lat' dir='ltr'><strong>donis</strong></span> <span class='ocrx_word' id='word_1_626' title='bbox 2187 4431 2501 4499; x_wconf 89' lang='lat' dir='ltr'><strong>episcopus,</strong></span> <span class='ocrx_word' id='word_1_627' title='bbox 2534 4442 2602 4481; x_wconf 83' lang='lat' dir='ltr'><strong>ex</strong></span> <span class='ocrx_word' id='word_1_628' title='bbox 2632 4442 2699 4481; x_wconf 91' lang='lat' dir='ltr'><strong>eo</strong></span> <span class='ocrx_word' id='word_1_629' title='bbox 2730 4441 2859 4480; x_wconf 86' lang='lat' dir='ltr'><strong>casu</strong></span> <span class='ocrx_word' id='word_1_630' title='bbox 2893 4440 3003 4493; x_wconf 89' lang='lat' dir='ltr'><strong>quo</strong></span> <span class='ocrx_word' id='word_1_631' title='bbox 3044 4425 3099 4477; x_wconf 89' lang='lat' dir='ltr'><strong>in</strong></span> <span class='ocrx_word' id='word_1_632' title='bbox 3133 4422 3272 4493; x_wconf 89' lang='lat' dir='ltr'><strong>pede</strong></span> <span class='ocrx_word' id='word_1_633' title='bbox 3308 4421 3550 4475; x_wconf 86' lang='lat' dir='ltr'><strong>cireum-</strong></span> 
     </span>
    </p>
   </div>
   <div class='ocr_carea' id='block_1_90' title="bbox 292 4512 1969 4591">
    <p class='ocr_par' dir='ltr' id='par_1_90' title="bbox 292 4514 1951 4589">
     <span class='ocr_line' id='line_1_90' title="bbox 292 4514 1951 4589; baseline 0.004 -19"><span class='ocrx_word' id='word_1_634' title='bbox 292 4518 554 4588; x_wconf 77' lang='grc' dir='ltr'><strong>τελευτὴν</strong></span> <span class='ocrx_word' id='word_1_635' title='bbox 590 4517 841 4569; x_wconf 80' lang='grc' dir='ltr'><strong>Ἰωάννου</strong></span> <span class='ocrx_word' id='word_1_636' title='bbox 874 4518 1163 4586; x_wconf 72' lang='grc' dir='ltr'><strong>πρότερον,</strong></span> <span class='ocrx_word' id='word_1_637' title='bbox 1197 4519 1389 4572; x_wconf 63' lang='grc' dir='ltr'><strong>ἔπειτα</strong></span> <span class='ocrx_word' id='word_1_638' title='bbox 1415 4522 1507 4589; x_wconf 78' lang='grc' dir='ltr'><strong>καὶ</strong></span> <span class='ocrx_word' id='word_1_639' title='bbox 1550 4522 1624 4585; x_wconf 84' lang='grc' dir='ltr'><strong>ὡς</strong></span> <span class='ocrx_word' id='word_1_640' title='bbox 1655 4523 1873 4577; x_wconf 78' lang='grc' dir='ltr'><strong>ἐτελεύ·</strong></span> <span class='ocrx_word' id='word_1_641' title='bbox 1908 4514 1951 4571; x_wconf 80' lang='lat' dir='ltr'><strong>D</strong></span> 
     </span>
    </p>
   </div>
   <div class='ocr_carea' id='block_1_91' title="bbox 1870 4512 3547 4591">
    <p class='ocr_par' dir='ltr' id='par_1_91' title="bbox 1870 4512 3547 4591">
     <span class='ocr_line' id='line_1_91' title="bbox 1870 4512 3547 4591; baseline -0.011 -10"><span class='ocrx_word' id='word_1_642' title='bbox 1870 4556 1873 4563; x_wconf 60' lang='grc' dir='ltr'><strong>ν</strong></span> <span class='ocrx_word' id='word_1_643' title='bbox 1908 4514 1951 4571; x_wconf 79' lang='lat' dir='ltr'><strong>D</strong></span> <span class='ocrx_word' id='word_1_644' title='bbox 1980 4536 2178 4580; x_wconf 88' lang='lat' dir='ltr'><strong>ventus</strong></span> <span class='ocrx_word' id='word_1_645' title='bbox 2209 4532 2292 4576; x_wconf 81' lang='lat' dir='ltr'><strong>est</strong></span> <span class='ocrx_word' id='word_1_646' title='bbox 2313 4522 2411 4591; x_wconf 70' lang='lat'><strong>(2),</strong></span> <span class='ocrx_word' id='word_1_647' title='bbox 2432 4529 2667 4588; x_wconf 87' lang='lat' dir='ltr'><strong>utroque</strong></span> <span class='ocrx_word' id='word_1_648' title='bbox 2690 4534 2849 4572; x_wconf 90' lang='lat' dir='ltr'><strong>crure</strong></span> <span class='ocrx_word' id='word_1_649' title='bbox 2869 4517 3130 4580; x_wconf 79' lang='lat' dir='ltr'><strong>dissecto,</strong></span> <span class='ocrx_word' id='word_1_650' title='bbox 3150 4512 3547 4568; x_wconf 88' lang='lat' dir='ltr'><strong>miserabiliter</strong></span> 
     </span>
    </p>
   </div>
   <div class='ocr_carea' id='block_1_92' title="bbox 292 4608 1869 4684">
    <p class='ocr_par' dir='ltr' id='par_1_92' title="bbox 292 4608 1869 4684">
     <span class='ocr_line' id='line_1_92' title="bbox 292 4608 1869 4684; baseline 0.003 -24"><span class='ocrx_word' id='word_1_651' title='bbox 292 4627 363 4661; x_wconf 83' lang='grc' dir='ltr'><strong>τα</strong></span> <span class='ocrx_word' id='word_1_652' title='bbox 392 4609 702 4679; x_wconf 71' lang='grc' dir='ltr'><strong>Ἀρκάδιος,</strong></span> <span class='ocrx_word' id='word_1_653' title='bbox 730 4608 903 4674; x_wconf 84' lang='grc' dir='ltr'><strong>διιὼν,</strong></span> <span class='ocrx_word' id='word_1_654' title='bbox 936 4613 1033 4661; x_wconf 76' lang='grc' dir='ltr'><strong>σὺν</strong></span> <span class='ocrx_word' id='word_1_655' title='bbox 1055 4612 1119 4678; x_wconf 77' lang='grc' dir='ltr'><strong>τῇ</strong></span> <span class='ocrx_word' id='word_1_656' title='bbox 1148 4609 1365 4679; x_wconf 76' lang='grc' dir='ltr'><strong>τελευτῇ</strong></span> <span class='ocrx_word' id='word_1_657' title='bbox 1392 4611 1653 4681; x_wconf 74' lang='grc' dir='ltr'><strong>ἐκατέρου</strong></span> <span class='ocrx_word' id='word_1_658' title='bbox 1680 4616 1773 4665; x_wconf 76' lang='grc' dir='ltr'><strong>καὶ</strong></span> <span class='ocrx_word' id='word_1_659' title='bbox 1804 4617 1869 4684; x_wconf 83' lang='grc' dir='ltr'><strong>τῇ</strong></span> 
     </span>
    </p>
   </div>
   <div class='ocr_carea' id='block_1_93' title="bbox 294 4702 1873 4774">
    <p class='ocr_par' dir='ltr' id='par_1_93' title="bbox 294 4702 1873 4774">
     <span class='ocr_line' id='line_1_93' title="bbox 294 4702 1873 4774; baseline 0.004 -21"><span class='ocrx_word' id='word_1_660' title='bbox 294 4702 725 4771; x_wconf 81' lang='grc' dir='ltr'><strong>τρισκαιδεκάτῃ</strong></span> <span class='ocrx_word' id='word_1_661' title='bbox 764 4719 855 4771; x_wconf 87' lang='grc' dir='ltr'><strong>μοι</strong></span> <span class='ocrx_word' id='word_1_662' title='bbox 910 4702 1019 4755; x_wconf 88' lang='grc' dir='ltr'><strong>τῶν</strong></span> <span class='ocrx_word' id='word_1_663' title='bbox 1069 4703 1341 4771; x_wconf 74' lang='grc' dir='ltr'><strong>ἱστοριῶν,</strong></span> <span class='ocrx_word' id='word_1_664' title='bbox 1375 4706 1681 4774; x_wconf 74' lang='grc' dir='ltr'><strong>ἡγουμένου</strong></span> <span class='ocrx_word' id='word_1_665' title='bbox 1710 4706 1873 4771; x_wconf 86' lang='grc' dir='ltr'><strong>Θεοῦ,</strong></span> 
     </span>
    </p>
   </div>
   <div class='ocr_carea' id='block_1_94' title="bbox 295 4794 763 4864">
    <p class='ocr_par' dir='ltr' id='par_1_94' title="bbox 295 4794 763 4864">
     <span class='ocr_line' id='line_1_94' title="bbox 295 4794 763 4864; baseline 0.002 -16"><span class='ocrx_word' id='word_1_666' title='bbox 295 4794 559 4864; x_wconf 63' lang='grc' dir='ltr'><strong>ἐπιθῇσω¹</strong></span> <span class='ocrx_word' id='word_1_667' title='bbox 592 4796 763 4858; x_wconf 80' lang='grc' dir='ltr'><strong>τέλος.</strong></span> 
     </span>
    </p>
   </div>
   <div class='ocr_carea' id='block_1_95' title="bbox 1984 4608 3543 4673">
    <p class='ocr_par' dir='ltr' id='par_1_95' title="bbox 1984 4608 3543 4673">
     <span class='ocr_line' id='line_1_95' title="bbox 1984 4608 3543 4673; baseline -0.007 -2"><span class='ocrx_word' id='word_1_668' title='bbox 1984 4620 2091 4673; x_wconf 86' lang='lat' dir='ltr'><strong>vita</strong></span> <span class='ocrx_word' id='word_1_669' title='bbox 2140 4628 2225 4671; x_wconf 87' lang='lat' dir='ltr'><strong>cst</strong></span> <span class='ocrx_word' id='word_1_670' title='bbox 2279 4616 2599 4670; x_wconf 87' lang='lat' dir='ltr'><strong>defunctus.</strong></span> <span class='ocrx_word' id='word_1_671' title='bbox 2646 4614 2713 4667; x_wconf 87' lang='lat' dir='ltr'><strong>Et</strong></span> <span class='ocrx_word' id='word_1_672' title='bbox 2758 4614 2847 4667; x_wconf 87' lang='lat' dir='ltr'><strong>alii</strong></span> <span class='ocrx_word' id='word_1_673' title='bbox 2907 4613 3069 4666; x_wconf 87' lang='lat' dir='ltr'><strong>aliter</strong></span> <span class='ocrx_word' id='word_1_674' title='bbox 3118 4611 3286 4664; x_wconf 86' lang='lat' dir='ltr'><strong>vitam</strong></span> <span class='ocrx_word' id='word_1_675' title='bbox 3331 4608 3543 4663; x_wconf 76' lang='lat' dir='ltr'><strong>(iniere.</strong></span> 
     </span>
    </p>
   </div>
   <div class='ocr_carea' id='block_1_96' title="bbox 1980 4707 3543 4771">
    <p class='ocr_par' dir='ltr' id='par_1_96' title="bbox 1980 4707 3543 4771">
     <span class='ocr_line' id='line_1_96' title="bbox 1980 4707 3543 4771; baseline -0.008 -7"><span class='ocrx_word' id='word_1_676' title='bbox 1980 4711 2292 4765; x_wconf 85' lang='lat' dir='ltr'><strong>Antiochus</strong></span> <span class='ocrx_word' id='word_1_677' title='bbox 2337 4718 2395 4762; x_wconf 88' lang='lat' dir='ltr'><strong>et</strong></span> <span class='ocrx_word' id='word_1_678' title='bbox 2446 4707 2817 4771; x_wconf 83' lang='lat' dir='ltr'><strong>Severianus,</strong></span> <span class='ocrx_word' id='word_1_679' title='bbox 2875 4714 3292 4771; x_wconf 88' lang='lat' dir='ltr'><strong>sectatoresque</strong></span> <span class='ocrx_word' id='word_1_680' title='bbox 3351 4716 3543 4755; x_wconf 89' lang='lat' dir='ltr'><strong>eorum</strong></span> 
     </span>
    </p>
   </div>
   <div class='ocr_carea' id='block_1_97' title="bbox 1983 4795 3547 4871">
    <p class='ocr_par' dir='ltr' id='par_1_97' title="bbox 1983 4795 3547 4871">
     <span class='ocr_line' id='line_1_97' title="bbox 1983 4795 3547 4871; baseline -0.004 -16"><span class='ocrx_word' id='word_1_681' title='bbox 1983 4804 2124 4857; x_wconf 85' lang='lat' dir='ltr'><strong>male</strong></span> <span class='ocrx_word' id='word_1_682' title='bbox 2154 4818 2375 4871; x_wconf 85' lang='lat' dir='ltr'><strong>quoque</strong></span> <span class='ocrx_word' id='word_1_683' title='bbox 2402 4802 2547 4855; x_wconf 90' lang='lat' dir='ltr'><strong>diem</strong></span> <span class='ocrx_word' id='word_1_684' title='bbox 2574 4815 2735 4853; x_wconf 88' lang='lat' dir='ltr'><strong>suum</strong></span> <span class='ocrx_word' id='word_1_685' title='bbox 2771 4799 2984 4863; x_wconf 77' lang='lat' dir='ltr'><strong>obiere,</strong></span> <span class='ocrx_word' id='word_1_686' title='bbox 3023 4796 3134 4850; x_wconf 90' lang='lat' dir='ltr'><strong>Deo</strong></span> <span class='ocrx_word' id='word_1_687' title='bbox 3165 4796 3234 4849; x_wconf 91' lang='lat' dir='ltr'><strong>ab</strong></span> <span class='ocrx_word' id='word_1_688' title='bbox 3268 4795 3400 4865; x_wconf 88' lang='lat' dir='ltr'><strong>ipsis</strong></span> <span class='ocrx_word' id='word_1_689' title='bbox 3432 4810 3547 4864; x_wconf 74' lang='lat' dir='ltr'><strong>pa:-</strong></span> 
     </span>
    </p>
   </div>
   <div class='ocr_carea' id='block_1_98' title="bbox 298 4892 3542 4967">
    <p class='ocr_par' dir='ltr' id='par_1_98' title="bbox 298 4892 3542 4967">
     <span class='ocr_line' id='line_1_98' title="bbox 298 4892 3542 4967; baseline -0.001 -22"><span class='ocrx_word' id='word_1_690' title='bbox 298 4908 427 4945; x_wconf 79' lang='lat' dir='ltr'><strong>nant</strong></span> <span class='ocrx_word' id='word_1_691' title='bbox 458 4902 735 4956; x_wconf 83' lang='lat' dir='ltr'><strong>sumente,</strong></span> <span class='ocrx_word' id='word_1_692' title='bbox 783 4901 1011 4962; x_wconf 62' lang='lat' dir='ltr'><strong>promer</strong></span> <span class='ocrx_word' id='word_1_693' title='bbox 1057 4908 1211 4948; x_wconf 86' lang='lat' dir='ltr'><strong>sacra</strong></span> <span class='ocrx_word' id='word_1_694' title='bbox 1246 4894 1406 4966; x_wconf 87' lang='lat' dir='ltr'><strong>(proh</strong></span> <span class='ocrx_word' id='word_1_695' title='bbox 1438 4894 1656 4960; x_wconf 83' lang='lat' dir='ltr'><strong>dolori)</strong></span> <span class='ocrx_word' id='word_1_696' title='bbox 1723 4896 1909 4965; x_wconf 87' lang='lat' dir='ltr'><strong>inique</strong></span> <span class='ocrx_word' id='word_1_697' title='bbox 1950 4900 2190 4967; x_wconf 88' lang='lat' dir='ltr'><strong>prodita.</strong></span> <span class='ocrx_word' id='word_1_698' title='bbox 2254 4898 2400 4952; x_wconf 87' lang='lat' dir='ltr'><strong>Iuter</strong></span> <span class='ocrx_word' id='word_1_699' title='bbox 2438 4898 2690 4951; x_wconf 86' lang='lat' dir='ltr'><strong>homines</strong></span> <span class='ocrx_word' id='word_1_700' title='bbox 2720 4910 2939 4964; x_wconf 83' lang='lat' dir='ltr'><strong>quoque</strong></span> <span class='ocrx_word' id='word_1_701' title='bbox 2966 4908 3087 4947; x_wconf 88' lang='lat' dir='ltr'><strong>esse</strong></span> <span class='ocrx_word' id='word_1_702' title='bbox 3121 4893 3420 4960; x_wconf 87' lang='lat' dir='ltr'><strong>imperator</strong></span> <span class='ocrx_word' id='word_1_703' title='bbox 3439 4892 3542 4945; x_wconf 84' lang='lat' dir='ltr'><strong>Ar-</strong></span> 
     </span>
    </p>
   </div>
   <div class='ocr_carea' id='block_1_99' title="bbox 296 4982 3546 5059">
    <p class='ocr_par' dir='ltr' id='par_1_99' title="bbox 296 4982 3546 5059">
     <span class='ocr_line' id='line_1_99' title="bbox 296 4982 3546 5059; baseline -0.002 -18"><span class='ocrx_word' id='word_1_704' title='bbox 296 4990 489 5042; x_wconf 73' lang='lat' dir='ltr'><strong>cadius</strong></span> <span class='ocrx_word' id='word_1_705' title='bbox 521 4988 675 5042; x_wconf 82' lang='lat' dir='ltr'><strong>brevi</strong></span> <span class='ocrx_word' id='word_1_706' title='bbox 699 4986 885 5041; x_wconf 87' lang='lat' dir='ltr'><strong>desiit.</strong></span> <span class='ocrx_word' id='word_1_707' title='bbox 918 4987 1114 5040; x_wconf 84' lang='lat' dir='ltr'><strong>Verum</strong></span> <span class='ocrx_word' id='word_1_708' title='bbox 1134 4986 1363 5059; x_wconf 83' lang='lat' dir='ltr'><strong>Joannis</strong></span> <span class='ocrx_word' id='word_1_709' title='bbox 1389 4988 1651 5057; x_wconf 79' lang='lat' dir='ltr'><strong>primum,</strong></span> <span class='ocrx_word' id='word_1_710' title='bbox 1676 4988 1877 5042; x_wconf 81' lang='lat' dir='ltr'><strong>deinde</strong></span> <span class='ocrx_word' id='word_1_711' title='bbox 1916 4992 2079 5043; x_wconf 86' lang='lat' dir='ltr'><strong>etiam</strong></span> <span class='ocrx_word' id='word_1_712' title='bbox 2129 4990 2355 5045; x_wconf 73' lang='lat' dir='ltr'><strong>Arcadii</strong></span> <span class='ocrx_word' id='word_1_713' title='bbox 2422 4989 2576 5044; x_wconf 86' lang='lat' dir='ltr'><strong>obitu</strong></span> <span class='ocrx_word' id='word_1_714' title='bbox 2610 4988 2881 5056; x_wconf 77' lang='lat' dir='ltr'><strong>exposito,</strong></span> <span class='ocrx_word' id='word_1_715' title='bbox 2954 4999 3059 5037; x_wconf 88' lang='lat' dir='ltr'><strong>una</strong></span> <span class='ocrx_word' id='word_1_716' title='bbox 3089 4998 3213 5037; x_wconf 86' lang='lat' dir='ltr'><strong>cuin</strong></span> <span class='ocrx_word' id='word_1_717' title='bbox 3258 4982 3546 5050; x_wconf 86' lang='lat' dir='ltr'><strong>utriusque</strong></span> 
     </span>
    </p>
   </div>
   <div class='ocr_carea' id='block_1_100' title="bbox 302 5083 2907 5156">
    <p class='ocr_par' dir='ltr' id='par_1_100' title="bbox 302 5083 2907 5156">
     <span class='ocr_line' id='line_1_100' title="bbox 302 5083 2907 5156; baseline -0.002 -17"><span class='ocrx_word' id='word_1_718' title='bbox 302 5090 435 5149; x_wconf 85' lang='lat' dir='ltr'><strong>line,</strong></span> <span class='ocrx_word' id='word_1_719' title='bbox 489 5084 707 5139; x_wconf 76' lang='lat' dir='ltr'><strong>dei-imo</strong></span> <span class='ocrx_word' id='word_1_720' title='bbox 759 5085 924 5138; x_wconf 90' lang='lat' dir='ltr'><strong>tertio</strong></span> <span class='ocrx_word' id='word_1_721' title='bbox 955 5100 1175 5152; x_wconf 78' lang='lat' dir='ltr'><strong>quoque</strong></span> <span class='ocrx_word' id='word_1_722' title='bbox 1212 5083 1459 5139; x_wconf 69' lang='lat' dir='ltr'><strong>historia:</strong></span> <span class='ocrx_word' id='word_1_723' title='bbox 1511 5085 1673 5155; x_wconf 85' lang='lat' dir='ltr'><strong>hujus</strong></span> <span class='ocrx_word' id='word_1_724' title='bbox 1705 5086 1870 5146; x_wconf 90' lang='lat' dir='ltr'><strong>libro.</strong></span> <span class='ocrx_word' id='word_1_725' title='bbox 1914 5085 2025 5141; x_wconf 88' lang='lat' dir='ltr'><strong>Deo</strong></span> <span class='ocrx_word' id='word_1_726' title='bbox 2053 5087 2371 5156; x_wconf 78' lang='lat' dir='ltr'><strong>adjuvante,</strong></span> <span class='ocrx_word' id='word_1_727' title='bbox 2414 5088 2693 5155; x_wconf 84' lang='lat' dir='ltr'><strong>imponam</strong></span> <span class='ocrx_word' id='word_1_728' title='bbox 2721 5084 2907 5135; x_wconf 87' lang='lat' dir='ltr'><strong>linem.</strong></span> 
     </span>
    </p>
   </div>
   <div class='ocr_carea' id='block_1_101' title="bbox 888 5200 1280 5257">
    <p class='ocr_par' dir='ltr' id='par_1_101' title="bbox 888 5200 1280 5257">
     <span class='ocr_line' id='line_1_101' title="bbox 888 5200 1280 5257; baseline 0.008 -3"><span class='ocrx_word' id='word_1_729' title='bbox 888 5200 1131 5254; x_wconf 81' lang='grc' dir='ltr'><strong>ΚΕΦΑΛ.</strong></span> <span class='ocrx_word' id='word_1_730' title='bbox 1161 5200 1280 5257; x_wconf 88' lang='grc' dir='ltr'><strong>ΛΖ’.</strong></span> 
     </span>
    </p>
   </div>
   <div class='ocr_carea' id='block_1_102' title="bbox 299 5292 1869 5364">
    <p class='ocr_par' dir='ltr' id='par_1_102' title="bbox 299 5292 1869 5364">
     <span class='ocr_line' id='line_1_102' title="bbox 299 5292 1869 5364; baseline -0.001 -17"><span class='ocrx_word' id='word_1_731' title='bbox 299 5297 439 5361; x_wconf 77' lang='grc' dir='ltr'><strong>Περὶ</strong></span> <span class='ocrx_word' id='word_1_732' title='bbox 461 5295 571 5359; x_wconf 84' lang='grc' dir='ltr'><strong>τῆς</strong></span> <span class='ocrx_word' id='word_1_733' title='bbox 601 5295 948 5361; x_wconf 55' lang='grc' dir='ltr'><strong>πορρωτέρω</strong></span> <span class='ocrx_word' id='word_1_734' title='bbox 994 5294 1232 5361; x_wconf 78' lang='grc' dir='ltr'><strong>ἐξορίας</strong></span> <span class='ocrx_word' id='word_1_735' title='bbox 1260 5292 1367 5347; x_wconf 81' lang='grc' dir='ltr'><strong>τοῦ</strong></span> <span class='ocrx_word' id='word_1_736' title='bbox 1414 5294 1869 5364; x_wconf 84' lang='grc' dir='ltr'><strong>Χρυσοστόμου,</strong></span> 
     </span>
    </p>
   </div>
   <div class='ocr_carea' id='block_1_103' title="bbox 370 5364 1871 5431">
    <p class='ocr_par' dir='ltr' id='par_1_103' title="bbox 370 5364 1871 5431">
     <span class='ocr_line' id='line_1_103' title="bbox 370 5364 1871 5431; baseline -0.001 -14"><span class='ocrx_word' id='word_1_737' title='bbox 370 5367 465 5417; x_wconf 86' lang='grc' dir='ltr'><strong>καὶ</strong></span> <span class='ocrx_word' id='word_1_738' title='bbox 502 5365 621 5416; x_wconf 74' lang='grc' dir='ltr'><strong>τῶν</strong></span> <span class='ocrx_word' id='word_1_739' title='bbox 663 5364 1141 5431; x_wconf 66' lang='grc' dir='ltr'><strong>συγγραμμάτων</strong></span> <span class='ocrx_word' id='word_1_740' title='bbox 1183 5364 1406 5417; x_wconf 74' lang='grc' dir='ltr'><strong>(ιὺτοῦο</strong></span> <span class='ocrx_word' id='word_1_741' title='bbox 1456 5365 1554 5417; x_wconf 80' lang='grc' dir='ltr'><strong>καὶ</strong></span> <span class='ocrx_word' id='word_1_742' title='bbox 1592 5365 1673 5427; x_wconf 85' lang='grc' dir='ltr'><strong>ὡς</strong></span> <span class='ocrx_word' id='word_1_743' title='bbox 1720 5364 1871 5431; x_wconf 80' lang='grc' dir='ltr'><strong>πρὸς</strong></span> 
     </span>
    </p>
   </div>
   <div class='ocr_carea' id='block_1_104' title="bbox 371 5434 1483 5503">
    <p class='ocr_par' dir='ltr' id='par_1_104' title="bbox 371 5434 1483 5503">
     <span class='ocr_line' id='line_1_104' title="bbox 371 5434 1483 5503; baseline -0.002 -14"><span class='ocrx_word' id='word_1_744' title='bbox 371 5439 521 5490; x_wconf 70' lang='grc' dir='ltr'><strong>Θεὸν</strong></span> <span class='ocrx_word' id='word_1_745' title='bbox 537 5436 938 5503; x_wconf 67' lang='grc' dir='ltr'><strong>μετεχώρησε,</strong></span> <span class='ocrx_word' id='word_1_746' title='bbox 977 5438 1080 5486; x_wconf 81' lang='grc' dir='ltr'><strong>τὸν</strong></span> <span class='ocrx_word' id='word_1_747' title='bbox 1104 5436 1248 5497; x_wconf 52' lang='grc' dir='ltr'><strong>βίον</strong></span> <span class='ocrx_word' id='word_1_748' title='bbox 1270 5434 1483 5487; x_wconf 78' lang='grc' dir='ltr'><strong>λιπών.</strong></span> 
     </span>
    </p>
   </div>
   <div class='ocr_carea' id='block_1_105' title="bbox 370 5551 1868 5621">
    <p class='ocr_par' dir='ltr' id='par_1_105' title="bbox 370 5551 1868 5621">
     <span class='ocr_line' id='line_1_105' title="bbox 370 5551 1868 5621; baseline 0.001 -16"><span class='ocrx_word' id='word_1_749' title='bbox 370 5555 458 5605; x_wconf 83' lang='grc' dir='ltr'><strong>Ἐν</strong></span> <span class='ocrx_word' id='word_1_750' title='bbox 492 5552 672 5605; x_wconf 84' lang='grc' dir='ltr'><strong>τοίνυν</strong></span> <span class='ocrx_word' id='word_1_751' title='bbox 701 5554 766 5620; x_wconf 80' lang='grc' dir='ltr'><strong>τῇ</strong></span> <span class='ocrx_word' id='word_1_752' title='bbox 804 5551 1103 5620; x_wconf 73' lang='grc' dir='ltr'><strong>Κουλουαῷ</strong></span> <span class='ocrx_word' id='word_1_753' title='bbox 1135 5552 1425 5620; x_wconf 83' lang='grc' dir='ltr'><strong>γενόμενος</strong></span> <span class='ocrx_word' id='word_1_754' title='bbox 1456 5552 1703 5621; x_wconf 75' lang='grc' dir='ltr'><strong>Ἰωάννης</strong></span> <span class='ocrx_word' id='word_1_755' title='bbox 1731 5554 1868 5620; x_wconf 74' lang='grc' dir='ltr'><strong>πρὸς</strong></span> 
     </span>
    </p>
   </div>
   <div class='ocr_carea' id='block_1_106' title="bbox 293 5642 1866 5713">
    <p class='ocr_par' dir='ltr' id='par_1_106' title="bbox 293 5642 1866 5713">
     <span class='ocr_line' id='line_1_106' title="bbox 293 5642 1866 5713; baseline -0.004 -12"><span class='ocrx_word' id='word_1_756' title='bbox 293 5667 317 5701; x_wconf 78' lang='grc' dir='ltr'><strong>τ</strong></span> <span class='ocrx_word' id='word_1_757' title='bbox 348 5648 389 5700; x_wconf 73' lang='grc' dir='ltr'><strong>ιῦ</strong></span> <span class='ocrx_word' id='word_1_758' title='bbox 415 5646 719 5698; x_wconf 76' lang='grc' dir='ltr'><strong>ἐπισκόπου</strong></span> <span class='ocrx_word' id='word_1_759' title='bbox 760 5642 1043 5712; x_wconf 73' lang='grc' dir='ltr'><strong>Ἀδελφίου</strong></span> <span class='ocrx_word' id='word_1_760' title='bbox 1099 5645 1277 5707; x_wconf 81' lang='grc' dir='ltr'><strong>καλῶς</strong></span> <span class='ocrx_word' id='word_1_761' title='bbox 1331 5645 1647 5713; x_wconf 74' lang='grc' dir='ltr'><strong>ὑποδέχεται</strong></span> <span class='ocrx_word' id='word_1_762' title='bbox 1687 5663 1701 5676; x_wconf 96' lang='grc'><strong>·</strong></span> <span class='ocrx_word' id='word_1_763' title='bbox 1739 5647 1866 5698; x_wconf 80' lang='grc' dir='ltr'><strong>ἔνθα</strong></span> 
     </span>
    </p>
   </div>
   <div class='ocr_carea' id='block_1_107' title="bbox 371 5780 1865 5851">
    <p class='ocr_par' dir='ltr' id='par_1_107' title="bbox 371 5780 1865 5851">
     <span class='ocr_line' id='line_1_107' title="bbox 371 5780 1865 5851; baseline 0 -15"><span class='ocrx_word' id='word_1_764' title='bbox 371 5786 444 5840; x_wconf 72' lang='lat' dir='ltr'><strong>ili</strong></span> <span class='ocrx_word' id='word_1_765' title='bbox 484 5783 638 5835; x_wconf 83' lang='lat' dir='ltr'><strong>Socr.</strong></span> <span class='ocrx_word' id='word_1_766' title='bbox 684 5784 773 5836; x_wconf 88' lang='lat' dir='ltr'><strong>lib.</strong></span> <span class='ocrx_word' id='word_1_767' title='bbox 811 5799 884 5845; x_wconf 82' lang='lat' dir='ltr'><strong>vi,</strong></span> <span class='ocrx_word' id='word_1_768' title='bbox 921 5793 1038 5848; x_wconf 78' lang='lat' dir='ltr'><strong>cap.</strong></span> <span class='ocrx_word' id='word_1_769' title='bbox 1082 5782 1160 5835; x_wconf 68' lang='grc' dir='ltr'><strong>ιν.</strong></span> <span class='ocrx_word' id='word_1_770' title='bbox 1213 5780 1326 5832; x_wconf 75' lang='lat' dir='ltr'><strong>hzee</strong></span> <span class='ocrx_word' id='word_1_771' title='bbox 1370 5782 1611 5851; x_wconf 77' lang='lat' dir='ltr'><strong>exempla</strong></span> <span class='ocrx_word' id='word_1_772' title='bbox 1649 5783 1865 5837; x_wconf 85' lang='lat' dir='ltr'><strong>occulto</strong></span> 
     </span>
    </p>
   </div>
   <div class='ocr_carea' id='block_1_108' title="bbox 301 5854 1295 5921">
    <p class='ocr_par' dir='ltr' id='par_1_108' title="bbox 301 5854 1295 5921">
     <span class='ocr_line' id='line_1_108' title="bbox 301 5854 1295 5921; baseline -0.005 -12"><span class='ocrx_word' id='word_1_773' title='bbox 301 5856 396 5910; x_wconf 63' lang='lat' dir='ltr'><strong>[lvi</strong></span> <span class='ocrx_word' id='word_1_774' title='bbox 430 5854 949 5921; x_wconf 67' lang='lat' dir='ltr'><strong>judlcsojudtcanzla</strong></span> <span class='ocrx_word' id='word_1_775' title='bbox 1012 5856 1295 5921; x_wconf 70' lang='lat' dir='ltr'><strong>pptmttttl.</strong></span> 
     </span>
    </p>
   </div>
   <div class='ocr_carea' id='block_1_109' title="bbox 2494 5195 3023 5254">
    <p class='ocr_par' dir='ltr' id='par_1_109' title="bbox 2494 5195 3023 5254">
     <span class='ocr_line' id='line_1_109' title="bbox 2494 5195 3023 5254; baseline -0.011 -1"><span class='ocrx_word' id='word_1_776' title='bbox 2494 5196 2720 5254; x_wconf 82' lang='lat' dir='ltr'><strong>CAPUT</strong></span> <span class='ocrx_word' id='word_1_777' title='bbox 2762 5195 3023 5249; x_wconf 65' lang='lat' dir='ltr'><strong>XXXVII.</strong></span> 
     </span>
    </p>
   </div>
   <div class='ocr_carea' id='block_1_110' title="bbox 1979 5285 3540 5359">
    <p class='ocr_par' dir='ltr' id='par_1_110' title="bbox 1979 5285 3540 5359">
     <span class='ocr_line' id='line_1_110' title="bbox 1979 5285 3540 5359; baseline -0.009 -12"><span class='ocrx_word' id='word_1_778' title='bbox 1979 5294 2055 5347; x_wconf 82' lang='lat' dir='ltr'><strong>De</strong></span> <span class='ocrx_word' id='word_1_779' title='bbox 2102 5293 2352 5347; x_wconf 82' lang='lat' dir='ltr'><strong>ulteriore</strong></span> <span class='ocrx_word' id='word_1_780' title='bbox 2378 5292 2559 5346; x_wconf 69' lang='lat' dir='ltr'><strong>exsilio</strong></span> <span class='ocrx_word' id='word_1_781' title='bbox 2592 5290 2962 5359; x_wconf 77' lang='lat' dir='ltr'><strong>Chrysostomi.</strong></span> <span class='ocrx_word' id='word_1_782' title='bbox 3012 5285 3261 5359; x_wconf 72' lang='lat' dir='ltr'><strong>librisque</strong></span> <span class='ocrx_word' id='word_1_783' title='bbox 3302 5286 3457 5359; x_wconf 78' lang='lat' dir='ltr'><strong>ejus:</strong></span> <span class='ocrx_word' id='word_1_784' title='bbox 3493 5290 3540 5334; x_wconf 81' lang='lat' dir='ltr'><strong>et</strong></span> 
     </span>
    </p>
   </div>
   <div class='ocr_carea' id='block_1_111' title="bbox 2148 5356 3366 5424">
    <p class='ocr_par' dir='ltr' id='par_1_111' title="bbox 2148 5356 3366 5424">
     <span class='ocr_line' id='line_1_111' title="bbox 2148 5356 3366 5424; baseline -0.012 -6"><span class='ocrx_word' id='word_1_785' title='bbox 2148 5376 2203 5417; x_wconf 79' lang='lat' dir='ltr'><strong>ut</strong></span> <span class='ocrx_word' id='word_1_786' title='bbox 2230 5367 2336 5418; x_wconf 77' lang='lat' dir='ltr'><strong>vita</strong></span> <span class='ocrx_word' id='word_1_787' title='bbox 2375 5366 2472 5416; x_wconf 79' lang='lat' dir='ltr'><strong>hac</strong></span> <span class='ocrx_word' id='word_1_788' title='bbox 2502 5356 2714 5422; x_wconf 64' lang='lat' dir='ltr'><strong>relicta,</strong></span> <span class='ocrx_word' id='word_1_789' title='bbox 2738 5360 2806 5412; x_wconf 81' lang='lat' dir='ltr'><strong>ad</strong></span> <span class='ocrx_word' id='word_1_790' title='bbox 2840 5360 3004 5410; x_wconf 77' lang='lat' dir='ltr'><strong>Deum</strong></span> <span class='ocrx_word' id='word_1_791' title='bbox 3039 5356 3366 5424; x_wconf 78' lang='lat' dir='ltr'><strong>migraverit.</strong></span> 
     </span>
    </p>
   </div>
   <div class='ocr_carea' id='block_1_112' title="bbox 2044 5538 3538 5608">
    <p class='ocr_par' dir='ltr' id='par_1_112' title="bbox 2044 5538 3538 5608">
     <span class='ocr_line' id='line_1_112' title="bbox 2044 5538 3538 5608; baseline -0.01 -5"><span class='ocrx_word' id='word_1_792' title='bbox 2044 5548 2244 5603; x_wconf 78' lang='lat' dir='ltr'><strong>Cueusi</strong></span> <span class='ocrx_word' id='word_1_793' title='bbox 2279 5547 2518 5602; x_wconf 80' lang='lat' dir='ltr'><strong>Joannes</strong></span> <span class='ocrx_word' id='word_1_794' title='bbox 2536 5559 2658 5598; x_wconf 80' lang='lat' dir='ltr'><strong>eam</strong></span> <span class='ocrx_word' id='word_1_795' title='bbox 2680 5549 2847 5605; x_wconf 86' lang='lat' dir='ltr'><strong>esset,</strong></span> <span class='ocrx_word' id='word_1_796' title='bbox 2878 5541 2943 5595; x_wconf 89' lang='lat' dir='ltr'><strong>ab</strong></span> <span class='ocrx_word' id='word_1_797' title='bbox 2973 5538 3243 5608; x_wconf 86' lang='lat' dir='ltr'><strong>Adelphio</strong></span> <span class='ocrx_word' id='word_1_798' title='bbox 3274 5550 3538 5605; x_wconf 81' lang='lat' dir='ltr'><strong>episcopo</strong></span> 
     </span>
    </p>
   </div>
   <div class='ocr_carea' id='block_1_113' title="bbox 1972 5623 3536 5709">
    <p class='ocr_par' dir='ltr' id='par_1_113' title="bbox 1972 5623 3536 5709">
     <span class='ocr_line' id='line_1_113' title="bbox 1972 5623 3536 5709; baseline -0.011 -14"><span class='ocrx_word' id='word_1_799' title='bbox 1972 5642 2207 5709; x_wconf 75' lang='lat' dir='ltr'><strong>benigne</strong></span> <span class='ocrx_word' id='word_1_800' title='bbox 2255 5646 2520 5706; x_wconf 71' lang='lat' dir='ltr'><strong>exceptus</strong></span> <span class='ocrx_word' id='word_1_801' title='bbox 2567 5648 2731 5703; x_wconf 83' lang='lat' dir='ltr'><strong>atque</strong></span> <span class='ocrx_word' id='word_1_802' title='bbox 2780 5639 3044 5685; x_wconf 83' lang='lat' dir='ltr'><strong>tractatus</strong></span> <span class='ocrx_word' id='word_1_803' title='bbox 3090 5637 3195 5684; x_wconf 89' lang='lat' dir='ltr'><strong>est.</strong></span> <span class='ocrx_word' id='word_1_804' title='bbox 3228 5628 3408 5697; x_wconf 84' lang='lat' dir='ltr'><strong>Atque</strong></span> <span class='ocrx_word' id='word_1_805' title='bbox 3460 5623 3536 5678; x_wconf 85' lang='lat' dir='ltr'><strong>ibi</strong></span> 
     </span>
    </p>
   </div>
   <div class='ocr_carea' id='block_1_114' title="bbox 2040 5769 2929 5849">
    <p class='ocr_par' dir='ltr' id='par_1_114' title="bbox 2040 5769 2929 5849">
     <span class='ocr_line' id='line_1_114' title="bbox 2040 5769 2929 5849; baseline -0.01 -18"><span class='ocrx_word' id='word_1_806' title='bbox 2040 5779 2115 5849; x_wconf 67' lang='grc' dir='ltr'><strong>(ἐξ)</strong></span> <span class='ocrx_word' id='word_1_807' title='bbox 2150 5778 2365 5832; x_wconf 84' lang='lat' dir='ltr'><strong>Snzom.</strong></span> <span class='ocrx_word' id='word_1_808' title='bbox 2402 5776 2494 5828; x_wconf 82' lang='lat' dir='ltr'><strong>lib.</strong></span> <span class='ocrx_word' id='word_1_809' title='bbox 2531 5788 2642 5833; x_wconf 81' lang='lat' dir='ltr'><strong>vin,</strong></span> <span class='ocrx_word' id='word_1_810' title='bbox 2680 5787 2801 5840; x_wconf 79' lang='lat' dir='ltr'><strong>cap.</strong></span> <span class='ocrx_word' id='word_1_811' title='bbox 2835 5769 2929 5823; x_wconf 73' lang='grc'><strong>27.</strong></span> 
     </span>
    </p>
   </div>
  </div>
