4248 6446
718 314 851 375 1051

1930 326 2344 387 ΝΙΟΕΡΗΟΞΗ
2389 326 2729 388 CALLISTI

3820 325 3959 390 i952

708 426 914 479 multo:
942 426 1163 495 quidem
1196 445 1355 497 pane,
1386 430 1651 496 plurimos
1686 450 1815 487 vero
1847 436 2037 490 divino
2080 440 2269 503 verbo,
2304 447 2346 500 Α

2314 447 2346 500 Α
2379 439 2605 501 πολλοὺς
2640 437 2740 507 μὲν
2775 438 2944 506 ἄρτῳ,
2977 435 3264 496 πλείστους
3308 434 3365 488 δὲ
3402 434 3492 487 καὶ
3524 435 3599 505 τῷ
3641 436 3769 506 θείῳ
3812 435 3957 505 λόγῳ

706 520 854 588 quod
904 535 1031 574 vere
1063 521 1227 574 corda
1278 523 1591 589 confirmat,
1642 536 1697 579 et
1746 537 1959 581 mentes
2004 530 2268 595 illustrat,

708 610 879 677 pavit.
911 611 1227 664 Permultos
1261 628 1390 665 vero
1439 614 1602 667 etiam
1638 616 1801 669 utiles
1831 629 1994 687 atque
2022 634 2276 673 necessa-

710 702 824 753 rios
852 702 1023 755 libros
1053 703 1382 770 composuit.
1417 705 1586 759 Nulla-
1618 708 1764 761 enim
1795 725 1915 778 qua:
1942 711 1989 763 ei
2023 711 2276 765 accidere

708 810 970 848 :erumme
1013 795 1257 863 linguam
1300 798 1441 866 ejus,
1479 796 1725 853 ﬂuminis
1775 802 1947 855 instar
1988 803 2273 865 ﬂuentem,

710 888 967 941 cohibere
991 896 1316 956 potuerunt.
1351 890 1424 943 De
1470 891 1734 958 patientia
1767 909 1987 962 quoque
2028 906 2085 949 et
2114 897 2180 951 de
2211 912 2277 951 eo

711 979 856 1046 quod
892 993 999 1032 non
1042 980 1222 1033 solum
1273 996 1373 1034 nos
1414 981 1479 1034 ad
1513 984 1824 1037 socordiam
1858 1001 1966 1039 non
1998 986 2153 1052 dare,
2186 1004 2280 1041 ve-

710 1086 833 1123 rum
888 1071 1052 1124 etiam
1100 1071 1171 1125 ob
1217 1088 1303 1126 res
1347 1073 1628 1137 adversas,
1661 1092 1782 1145 qua:
1825 1077 2105 1143 accidunt,
2166 1094 2275 1132 non

711 1161 916 1217 offendi
966 1163 1289 1237 debeamus,
1337 1180 1446 1217 non
1496 1182 1664 1236 pauca
1707 1170 2061 1239 conscripsit.
2100 1171 2281 1225 Pluri-

711 1270 830 1309 mas
857 1255 1022 1308 etiam
1060 1264 1174 1309 tum
1216 1257 1284 1311 ad
1332 1271 1574 1312 sanctam
1608 1257 1986 1329 Olympiadem
2014 1260 2279 1331 epistolas

711 1347 883 1400 dedit.
917 1346 1198 1402 Universae
1232 1348 1314 1403 hae
1342 1349 1658 1418 quindecim
1688 1361 1837 1414 sunt,
1868 1352 2155 1407 mirificam
2183 1370 2279 1425 pa-

714 1438 917 1491 tientia:
970 1442 1203 1508 gratiam
1254 1442 1710 1511 complectentes.
1760 1445 1816 1498 ln
1862 1445 2065 1514 quibus
2099 1447 2279 1501 solum

710 1544 997 1598 peccatum
1035 1547 1155 1585 esse
1187 1533 1284 1602 (l),
1314 1534 1381 1587 ad
1414 1535 1561 1602 quod
1592 1535 1986 1593 exhorrescere
2019 1555 2115 1595 nos
2145 1555 2281 1594 con-

710 1621 922 1682 veniat,
952 1622 1105 1676 dicit.
1142 1623 1441 1679 IErumnas
1468 1632 1634 1681 etiam
1666 1644 1803 1696 quas
1836 1630 1890 1683 in
1927 1632 2125 1686 itinere
2156 1650 2281 1703 per-

716 1714 877 1775 tulit,
928 1714 981 1766 in
1031 1714 1113 1769 eis
1158 1728 1599 1773 commemorat:
1655 1720 1821 1791 428
1866 1732 1922 1776 et
1975 1734 2034 1778 ut
2076 1740 2197 1779 eam
2246 1744 2275 1783 a

715 1803 1107 1872 desperatione
1156 1817 1494 1874 revocatam,
1540 1811 1607 1864 ad
1654 1790 1807 1880 spem
1856 1814 2054 1870 bonam
2107 1818 2275 1873 futuri
2315 1790 2354 1844 Β

717 1909 1050 1955 congressus
1098 1900 1339 1953 erexerit
1382 1918 1395 1954 :
1445 1910 1612 1971 atque
1646 1912 1705 1957 ut
1742 1904 1992 1963 fervente
2048 1911 2283 1966 maxime

717 1996 909 2040 testate
947 1989 1051 2041 iter
1080 1988 1310 2054 faciens,
1350 2007 1472 2046 cum
1506 1996 1990 2054 vehementissima
2038 2001 2178 2057 febri
2212 2005 2284 2058 sit

719 2078 1070 2139 colluctatus.
1099 2082 1316 2137 serihit.
1345 2084 1535 2139 Refert
1562 2087 1786 2157 insuper
1813 2092 2083 2146 stomachi
2114 2094 2285 2163 ipsius

720 2172 849 2225 vitia
880 2183 981 2224 ret
1010 2174 1345 2242 improbum,
1378 2179 1471 2247 qui
1507 2179 1681 2233 virum
1707 2184 1916 2252 justum
1944 2183 1998 2237 in
2030 2186 2281 2241 exsilium

719 2262 968 2326 abduxit,
990 2262 1233 2318 Galatam
1270 2284 1282 2320 :
1323 2283 1537 2323 necnon
1563 2270 1995 2327 diversoriorum
2026 2277 2284 2331 mansio-

722 2372 965 2425 numque
1019 2359 1550 2427 ineommoditatem,
1583 2366 1961 2422 ministrorum
2013 2369 2281 2437 inopiam,

721 2463 903 2499 rerum
939 2452 1375 2505 necessariarum
1415 2457 1723 2523 penuriam,
1754 2458 1884 2513 item
1932 2462 2077 2529 quod
2115 2462 2287 2516 medi-

721 2551 843 2590 cum
906 2553 1015 2591 non
1084 2540 1366 2606 habuerit,
1413 2554 1488 2598 .et
1548 2545 1615 2600 de
1681 2548 1994 2603 Isaurorum
2047 2561 2283 2607 terrore.

720 2629 1186 2693 Quemadmodum
1231 2635 1394 2688 etiam
1434 2639 1684 2691 monachi
1719 2640 1819 2705 t2),
1868 2643 2135 2697 adversus
2159 2660 2285 2697 eum

720 2718 992 2786 furentes,
1024 2722 1365 2778 domicilium
1403 2729 1520 2796 ejus
1552 2729 1846 2786 incendere
1877 2733 2195 2789 voluerint:
2230 2743 2287 2790 et

724 2813 1003 2881 quomodo
1037 2816 1203 2868 rebus
1235 2817 1353 2886 ejus
1404 2818 1458 2871 in
1495 2820 1695 2874 itii-.ere
1749 2823 2127 2892 comploratis,
2175 2840 2285 2880 non

724 2903 902 2955 solum
950 2900 1056 2973 ipsi
1086 2904 1205 2975 ejus
1240 2907 1447 2960 miserti
1485 2924 1590 2961 non
1639 2911 1771 2973 sint,
1808 2912 1902 2965 sed
1933 2913 2098 2967 etiam
2126 2916 2289 2969 mise-

723 2993 1019 3047 ricordiam
1079 2996 1333 3059 aliorum,
1392 3008 1639 3060 extrema
1694 3004 1879 3056 omnia
1929 3006 2287 3074 comminati,

724 3084 1101 3153 impedierint.
1136 3088 1210 3141 De
1261 3088 1345 3142 via
1398 3090 1633 3160 denique
1663 3094 1939 3162 queritur,
1975 3106 2165 3167 utpote
2199 3114 2287 3153 ar-

724 3176 853 3241 dua,
890 3178 1159 3247 lapidosa,
1198 3179 1405 3235 difﬁcili
1462 3195 1517 3236 et
1554 3184 1824 3239 molesta:
1855 3204 2019 3257 quam
2062 3190 2131 3243 ob
2159 3204 2289 3243 cau-

726 3282 839 3320 sam
876 3268 1089 3322 beatam
1122 3271 1270 3324 illam
1298 3272 1559 3327 teminam
1591 3287 1769 3345 rogat,
1814 3288 1873 3334 ut
1915 3281 2003 3335 illa
2036 3291 2196 3337 curet
2220 3298 2291 3338 ne

728 3361 943 3430 longior
981 3363 1242 3431 ejusiftat
1291 3365 1586 3434 profectio,
1641 3372 1919 3426 sexcentis
1965 3374 2177 3429 exsiliis
2213 3376 2293 3430 la-

731 3455 914 3506 borem
945 3455 1161 3511 itineris
1195 3456 1429 3512 faciendi
1459 3461 1763 3529 graviorem
1790 3464 1895 3519 sibi
1928 3481 2048 3522 esse
2077 3468 2288 3525 dicens.

732 3546 854 3599 llaec
880 3548 1063 3599 omnia
1122 3557 1285 3618 atque
1311 3551 1416 3605 alia
1450 3552 1603 3607 hisce
1630 3555 1829 3609 similia
1886 3559 2132 3626 epistolae
2174 3560 2293 3615 ista:

726 3648 785 3689 et
830 3637 951 3690 alia:
1005 3649 1270 3707 pra-terea
1317 3643 1381 3695 ad
1433 3645 1751 3715 episcopum
1806 3646 2097 3718 Cyriacum
2150 3651 2292 3707 datae

727 3727 1195 3795 complectuntur.
1246 3732 1419 3787 Porro
1470 3750 1591 3788 cum
1647 3738 1697 3791 ei
1751 3738 2090 3806 adversarii,
2138 3744 2287 3811 quod

726 3818 928 3871 Cucusi
976 3831 1243 3886 maneret,
1291 3824 1623 3892 inviderent,
1666 3828 1988 3886 Arabissum
2022 3835 2291 3891 abductus

728 3917 833 3962 est.
865 3909 1191 3965 Ductoribus
1212 3915 1357 3969 enim
1384 3918 1501 3986 ejns
1533 3917 1637 3974 hoc
1664 3921 1849 3976 studio
1881 3923 2007 3985 fuit,
2028 3938 2086 3980 ut
2115 3936 2293 3983 trans-

728 3998 904 4053 itione
964 4001 1240 4072 frequenti
1294 4006 1658 4063 labefactatus
1740 4012 1830 4066 ille
1881 4014 2046 4067 vitam
2093 4019 2293 4073 misere

725 4094 934 4149 finiret.
965 4097 1220 4153 Sedenim
1250 4117 1358 4169 quo
1394 4102 1647 4170 pluribus
1673 4106 1925 4177 objectus
1985 4119 2067 4164 est
2095 4128 2294 4166 terum-

732 4189 840 4251 nis,
870 4205 936 4242 eo
966 4190 1189 4245 Casibus
1215 4194 1470 4248 omnibus
1502 4206 1726 4265 propter
1752 4200 2085 4255 sanctiorem
2107 4203 2290 4271 philo-

729 4280 987 4347 sophiam
1044 4283 1301 4351 superior
1348 4282 1473 4348 fuit,
1523 4287 1974 4358 splendidiusque
2031 4293 2288 4348 refulsit:

730 4359 1201 4438 quemadmodum
1255 4375 1308 4427 in
1359 4374 1483 4445 igne
1516 4375 1758 4445 flamma,
1798 4379 1842 4432 si
1886 4382 2169 4435 materiam
2202 4398 2293 4436 co-

2379 531 2649 597 διέτρεφε,
2717 528 2796 596 τῷ
2853 529 2927 591 ὡς
2980 527 3200 596 ἀληθῶς
3246 527 3477 597 καρδίαν
3522 526 3799 596 στηρίζειν
3860 530 3957 581 καὶ

2379 621 2636 689 φωτίζειν
2674 621 2834 673 εἰδότι
2862 620 3105 672 διάνοιαν
3139 634 3152 649 ·
3193 619 3423 684 πολλοὺς
3454 620 3512 673 δέ
3557 621 3653 672 καὶ
3685 618 3793 671 τῶν
3820 620 3956 671 ἀνα-

2377 709 2547 761 καίων
2582 708 2771 775 λόγους
2803 708 3119 771 συνέταξεν.
3152 706 3290 759 Οὐδὲ
3326 707 3435 776 γάρ
3465 724 3516 759 τι
3561 707 3670 759 τῶν
3712 708 3956 774 ἐπισυμ-

2381 796 2674 850 ϐαινόντων
2733 798 2922 851 δεινῶν
2974 799 3220 865 ἐπισχεῖν
3273 798 3371 867 τὴν
3441 797 3691 866 γλῶτταν
3745 798 3957 849 ἐκείνου

2378 889 2611 954 ἠδύνατο
2653 890 2743 942 ίσα
2778 891 2872 941 καὶ
2908 891 3175 953 ποταμοῖς
3224 889 3473 958 ῥέουσαν.
3508 889 3617 941 Καὶ
3667 889 3793 956 περὶ
3825 889 3959 939 07:0-

2386 980 2553 1047 μονῆς
2596 979 2695 1031 οὐκ
2748 979 2965 1046 ὀλίγους
3027 979 3280 1033 συνέθετο
3322 995 3335 1009 ·
3373 980 3469 1031 καὶ
3515 977 3606 1031 τοῦ
3670 978 3746 1049 μὴ
3797 979 3960 1047 μόνον

2382 1072 2579 1139 χρῆναι
2634 1072 2922 1141 ῥᾳθυμεῖν,
2984 1070 3121 1125 ἀλλά
3178 1071 3315 1140 μηδέ
3374 1069 3820 1135 σκανδαλίζεσθαι
3864 1069 3960 1121 ἐπὶ

2382 1165 2497 1222 τοῖς
2548 1163 2952 1231 προσπίπτουσι
2988 1163 3095 1216 τῶν
3145 1163 3407 1232 ἀνιαρῶν.
3468 1164 3534 1214 Αἱ
3596 1163 3850 1215 πλεῖσται
3901 1159 3961 1212 δὲ

2382 1252 2531 1319 αὐτῷ
2581 1254 2678 1306 καὶ
2741 1253 2851 1305 τῶν
2906 1255 3040 1324 πρὸς
3099 1253 3200 1323 τὴν
3263 1252 3610 1321 Ὀλυμπιάδα
3660 1249 3961 1306 ἐπιστολῶν

2382 1343 2689 1412 τηνικαῦτα
2748 1345 3137 1398 συντάττονται
3187 1346 3287 1415 τὴν
3329 1345 3506 1399 ὁσίαν.
3560 1343 3961 1397 Πεντεκαίδεκα

2381 1436 2437 1488 δέ
2472 1440 2610 1489 εἰσιν
2640 1437 2695 1489 αἱ
2720 1437 2914 1501 πᾶσαι,
2938 1436 3197 1507 ὑπερφυῆ
3221 1437 3380 1506 χάριν
3406 1437 3672 1505 ἐπιμονῆς
3698 1435 3921 1505 ἔχουσαι
3943 1450 3957 1462 ·

2382 1527 2515 1580 ὅπου
2548 1528 2612 1597 δὴ
2650 1528 2887 1599 φοϐερὰν
2913 1529 3076 1599 μόνον
3112 1522 3255 1581 εῖναι
3292 1528 3393 1602 τὴν
3435 1526 3714 1598 ἁμαρτίαν
3768 1525 3958 1595 φησίν.

2396 1618 2483 1671 Ἐν
2515 1615 2604 1683 αἷς
2627 1620 2849 1687 διέξεισι
2884 1621 2981 1674 καὶ
3029 1623 3161 1692 περὶ
3208 1621 3319 1676 τῶν
3370 1620 3760 1690 συμπεσόντων
3812 1614 3962 1684 αὐτῷ

2386 1709 2603 1761 ἐνοδίων
2632 1710 2873 1780 ἀνιαρῶν
2908 1727 2921 1742 ⁶
2956 1711 3054 1763 καὶ
3084 1711 3160 1772 ὠς
3189 1709 3513 1780 ἀθυμοῦσαν
3546 1707 3957 1776 ἀνακτώμενος,

2382 1801 2482 1851 οὐκ
2502 1798 2826 1852 ἀνέλπιστον
2858 1800 2956 1871 τὴν
3027 1802 3306 1854 εἰσέπειτα
3358 1800 3612 1870 ἐντυχίαν
3670 1800 3910 1851 ποιεῖται
3942 1814 3960 1828 ·

2384 1889 2475 1942 καὶ
2508 1889 2581 1951 ὡς
2609 1889 2762 1959 ἀκμῇ
2793 1889 2989 1961 θέρους
3023 1892 3120 1961 τὴν
3154 1891 3271 1944 ὁδὸν
3306 1891 3508 1956 ἀνύων,
3535 1889 3757 1960 πυρετῷ
3793 1903 3964 1957 προσ-

2383 1980 2645 2034 επάλαισε
2685 1981 2893 2052 λάϐρῳ.
2932 1980 3098 2036 Ἀλλά
3144 1982 3208 2051 δὴ
3255 1982 3350 2035 καὶ
3394 1984 3459 2034 ἐκ
3528 1980 3623 2034 τοῦ
3686 1979 3962 2048 στομάχου

2384 2074 2552 2141 κακὰ,
2590 2077 2685 2128 καὶ
2729 2075 2756 2127 ὁ
2793 2074 3031 2145 πονηρὸς
3071 2075 3318 2143 Γαλάτης
3380 2074 3531 2143 ἀγων
3588 2074 3679 2126 τὸν
3729 2072 3963 2132 δίκαιον.

2384 2168 2480 2220 καὶ
2515 2167 2581 2220 τὰ
2616 2168 2675 2221 ἐν
2713 2171 2832 2230 ταῖς
2862 2171 3216 2236 καταγωγαῖς
3258 2168 3501 2239 λυπηρὰ,
3548 2165 3657 2219 τῶν
3698 2166 3967 2234 θεραπόν-

2382 2278 2491 2312 των
2530 2262 2561 2331 ἡ
2596 2263 2819 2331 ἐρημία,
2878 2261 2987 2313 τῶν
3054 2261 3378 2331 ἐπιτηδείων
3421 2264 3452 2328 ὴ
3501 2259 3726 2330 ἀπορία,
3760 2259 3819 2311 τὸ
3890 2257 3967 2327 μὴ

2385 2352 2642 2421 εὐπορεῖν
2700 2350 2910 2423 ἰατροῦ,
2959 2354 2986 2404 ὁ
3033 2351 3341 2423 Ἰσαυρικὸς
3404 2351 3565 2419 φόϐος
3603 2368 3616 2383 ο
3673 2349 3751 2402 ἐτι
3797 2350 3851 2402 δὲ
3913 2351 3965 2401 οἱ

2384 2447 2743 2511 ἐπιμανέντες
2804 2443 2950 2515 αὑτῷ
3021 2446 3249 2515 μοναχοὶ
3305 2447 3615 2514 ἐμπρήσειν
3663 2442 3811 2512 αὐτῷ
3864 2443 3967 2511 τὴν

2385 2536 2565 2588 οὶκίαν
2631 2535 2999 2606 βουλόμενοι’
3057 2538 3206 2599 ὅπως
3274 2553 3333 2588 τε
3396 2535 3854 2605 ἀπαγορεύσαντα
3908 2537 3968 2584 ἐν

2385 2628 2507 2699 ὁδῷ,
2530 2630 2589 2683 οὐ
2621 2631 2782 2698 μόνον
2805 2630 2967 2682 αὐτὸν
2996 2629 3180 2692 ἐλέους
3206 2630 3416 2699 ἠξίουν,
3448 2630 3583 2683 ἀλλά
3636 2632 3732 2682 καὶ
3768 2629 3964 2691 ἀλλους

2390 2722 2743 2792 βουλομένους
2773 2717 2977 2793 εἶργον,
3007 2723 3073 2773 τά
3095 2721 3298 2791 ἔσχατα
3330 2723 3549 2777 πάντων
3578 2722 3967 2791 διαπειλούμε-

2389 2833 2491 2869 νοι.
2524 2814 2604 2867 Τά
2636 2815 2692 2867 δέ
2721 2814 2821 2883 τῆς
2878 2813 3021 2879 ὁδοῦ,
3049 2814 3122 2875 ῶς
3169 2814 3427 2883 ἀνάντης,
3462 2812 3536 2875 ὼς
3589 2812 3844 2881 λιθώδης,
3887 2814 3965 2874 ὡς

2387 2906 2654 2977 δυσχερής
2706 2923 2764 2958 τε
2804 2908 2893 2958 καί
2932 2906 3177 2975 χαλεπή·
3213 2908 3342 2975 περὶ
3381 2901 3447 2974 ἦς
3489 2905 3629 2969 ἀξιοῖ
3666 2904 3968 2973 μελετῆσαι

2388 2996 2485 3064 τὴν
2508 2996 2806 3066 μακαρίαν,
2835 2997 2907 3064 μὴ
2939 2996 3290 3065 μακροτέραν
3318 2981 3498 3064 ἐαυθτῷ
3525 2995 3624 3064 τὴν
3648 2995 3970 3066 ὁδοιπορίαν

2314 3126 2361 3189 c
2390 3085 2643 3153 γενέσθαι
2672 3099 2685 3114 ·
2724 3084 2904 3149 Ἐμοὶ,
2938 3084 3134 3150 λέγων,
3172 3084 3387 3152 μυρίων
3414 3082 3637 3151 ὲξοριῶν
3668 3083 3728 3134 τὸ
3757 3083 3969 3134 ὁδεύειν

2393 3177 2509 3228 ἐστὶ
2535 3176 2934 3246 χαλεπώτερον.
2967 3175 3151 3228 Ταῦτα
3182 3175 3244 3245 δὴ
3283 3176 3461 3228 πάντα
3491 3176 3585 3228 καὶ
3624 3175 3759 3229 ἄλλα
3792 3191 3975 3244 παρα-

2393 3273 2597 3342 πλήσια
2620 3272 2676 3324 αἱ
2712 3271 2994 3324 ἐπιστολαὶ
3017 3270 3179 3325 αὗται
3238 3271 3701 3341 διαλαμϐάνουσιν
3734 3288 3746 3302 ·
3774 3271 3855 3322 ἔτι
3909 3270 3971 3321 δὲ

2392 3364 2485 3416 καὶ
2506 3363 2559 3416 αἱ
2591 3363 2726 3433 πρὸς
2756 3364 2847 3417 τὸν
2870 3363 3168 3415 ἐπίσκοπον
3220 3364 3524 3434 Κυριακόν.
3566 3364 3657 3416 Ἕν
3688 3364 3870 3416 τοίνυν
3901 3367 3969 3432 τῇ

2392 3455 2692 3524 Κουκουσῷ
2718 3454 3028 3525 φθονηθεὶς,
3068 3455 3148 3519 είς
3183 3454 3512 3524 Ἀραϐισσὸν
3563 3457 3725 3526 ἤγετο
3751 3472 3766 3487 ·
3801 3472 3973 3508 σπου-

2391 3547 2457 3618 δὴ
2477 3548 2584 3618 γὰρ
2606 3543 2675 3618 ἦν
2697 3549 2811 3609 τοῖς
2842 3548 3118 3615 ἀπάγουσι
3165 3549 3285 3610 ταῖς
3339 3548 3573 3608 πυκναῖς
3634 3546 3973 3617 μεταϐάσεσι

2392 3639 2903 3709 ταλαιπωρούμενον
2955 3639 3140 3702 κακῶς
3195 3639 3501 3693 ἀποθέσθαι
3534 3638 3591 3692 τὸ
3659 3637 3780 3707 ζῇν.
3816 3640 3972 3710 Ὂσῳ

2392 3734 2449 3787 δέ
2484 3733 2706 3791 πολλαῖς
2726 3732 3128 3803 ταλαιπωρίαις
3153 3732 3373 3793 ἐδίδοτο,
3413 3733 3669 3786 τοσοῦτον
3697 3720 3972 3803 κρείττων

2394 3826 2498 3879 ὑπὸ
2527 3824 2846 3893 φιλοσοφίας
2874 3818 2942 3893 ἦν
2996 3824 3195 3886 παντὸς
3229 3824 3323 3877 τοῦ
3367 3825 3823 3893 προσπίπτοντος,
3877 3827 3973 3879 καὶ

2394 3916 2747 3986 φαιδρότερον
2776 3916 3135 3980 ἀποστίλϐων,
3167 3916 3506 3985 ὦσπερτὸέν
3538 3918 3667 3983 πυρὶ
3687 3916 3800 3984 φῶς
3835 3917 3972 3986 ὕλης

2394 4010 2542 4078 αὐτῷ
2571 4007 2813 4069 πλείονος
2872 4007 3341 4076 ὑποϐαλλομένης.
3400 4008 3639 4061 Ἐκεῖθεν
3691 4008 3747 4061 δὲ
3802 4010 3973 4062 πάλιν

2393 4102 2475 4160 είς
2509 4098 2813 4152 Πιτυοῦντα
2869 4095 3010 4148 οὕτω
3066 4095 3355 4149 κελευσθὲν
3395 4096 3631 4163 ἄγεται·
3696 4100 3974 4165 πολίχνιον

2393 4193 2449 4245 δὲ
2479 4192 2627 4243 τουτὶ
2656 4188 2845 4251 δεινῶς
2879 4189 3105 4258 ἔρημον,
3165 4190 3221 4240 ἐν
3273 4188 3507 4256 τέρματι
3556 4188 3655 4255 τῆς
3700 4190 3972 4257 Ποντικῆς

2395 4284 2673 4354 θαλάσσης
2701 4282 3066 4351 διακείμενον,
3091 4280 3388 4350 βαρϐάροις
3409 4283 3605 4351 ὅμορον
3628 4281 3935 4349 ὠμοτάτοις
3955 4298 3971 4312 ·

2394 4379 2526 4431 ὅπου
2558 4376 2623 4446 δὴ
2651 4376 3027 4443 ἀπαγόμενος,
3056 4374 3150 4427 καὶ
3201 4376 3338 4443 πρὸς
3386 4373 3520 4426 Θεὸν
3558 4373 3655 4445 ἤδη
3709 4374 3973 4443 ἐκδημεῖν

730 4463 1024 4530 piasiorem
1071 4463 1177 4518 sibi
1222 4465 1477 4535 injectam
1526 4468 1746 4523 habeat.
1791 4470 1923 4526 Inde
1966 4488 2098 4527 vero
2149 4473 2294 4544 Pity-
2324 4490 2354 4548 [ς

2324 4490 2370 4548 ι)
2402 4470 2630 4538 μέλλων,
2662 4466 2857 4529 νυκτὸς
2888 4467 3188 4536 εὐχομένῳ,
3244 4465 3562 4534 ἐφίστανται
3619 4467 3667 4518 οἱ
3713 4464 3809 4517 τοῦ
3852 4465 3971 4536 βίου

731 4563 917 4607 untem
949 4554 1024 4623 (5)
1054 4554 1154 4624 (ita
1194 4554 1340 4609 enim
1369 4557 1685 4611 mandatum
1718 4559 1917 4631 fuerat)
1946 4562 2143 4617 ductus
2181 4574 2288 4619 est.

728 4642 997 4711 Oppidum
1063 4645 1115 4699 id
1176 4654 1259 4701 est
1326 4641 1508 4718 gravis
1566 4651 1917 4719 solitudinis,
1993 4654 2060 4708 ad
2129 4655 2290 4710 finem

730 4738 937 4791 Pontici
978 4740 1143 4794 maris
1191 4742 1380 4808 situm,
1431 4745 1747 4799 saevissimis
1797 4746 2048 4802 barbaris
2079 4759 2295 4805 conter-

733 4826 962 4880 minum.
994 4828 1070 4882 Eo
1098 4844 1222 4883 cum
1254 4832 1573 4895 duceretur,
1596 4844 1649 4889 et
1674 4836 1783 4905 jam
1810 4838 1875 4891 ad
1905 4838 2073 4891 Deum
2102 4840 2298 4909 migra-

732 4928 894 4973 turus
923 4929 1093 4983 esset,
1130 4930 1297 4976 noctu
1347 4922 1397 4977 ei
1428 4927 1635 4986 oranti,
1677 4928 1770 4995 qui
1813 4927 1940 4982 vitae
1973 4931 2095 5000 ejus
2126 4930 2296 4984 duces

733 5010 976 5074 fuerant,
998 5022 1052 5066 et
1072 5012 1265 5067 Petrus
1293 5022 1349 5067 et
1372 5014 1636 5081 Joannes,
1661 5017 2004 5083 assistentes,
2031 5035 2294 5088 perquam

734 5106 911 5160 amice
950 5122 1072 5161 cum
1099 5123 1166 5163 eo
1197 5118 1326 5163 sunt
1355 5111 1615 5165 οοΙΙοιύιί
1640 5126 1655 5164 :
1680 5113 1843 5184 eique
1869 5129 1994 5168 eum
2028 5115 2298 5171 adversus

732 5197 1009 5253 darmones
1056 5198 1368 5265 victoriam,
1423 5210 1538 5256 tum
1572 5211 1854 5271 postremo
1903 5204 2293 5275 migrationem

808 5335 997 5409 (l)_Tu
1023 5336 1119 5409 tibi
1150 5335 1436 5409 persuade,
1480 5346 1675 5409 praeter
1729 5340 1942 5408 culpam
1994 5356 2058 5395 ac
2107 5356 2297 5409 pecea-

737 5414 874 5479 tum,
910 5404 1113 5458 homini
1152 5404 1423 5479 accidere
1450 5408 1596 5479 nihil
1616 5404 1982 5479 _pusse.‘quod
2019 5412 2086 5465 sit
2110 5404 2300 5465 'horri-

742 5475 847 5528 bile
881 5485 973 5527 aut
1027 5476 1546 5542 pertimescendum.
1582 5475 1936 5545 (Cicerol—v—
1974 5479 2187 5533 Scimus
2238 5496 2301 5533 ea

741 5554 945 5615 mente,
968 5559 1129 5612 quam
1164 5546 1300 5599 ratio
1332 5556 1387 5598 et
1415 5548 1611 5599 veritas
1637 5549 1959 5615 przescrihit,
1994 5558 2051 5601 ut
2079 5551 2210 5603 nihil
2247 5551 2299 5603 in

741 5613 849 5665 vita
904 5615 1064 5665 nobis
1097 5616 1479 5681 praestandum,
1517 5613 1708 5683 prteter
1738 5619 1974 5686 culpam,
2004 5631 2258 5686 putemus
2288 5637 2300 5671 :

739 5698 913 5747 caque
974 5698 1097 5735 cum
1155 5698 1457 5757 careamus,
1493 5686 1676 5739 omnia
1726 5688 1958 5741 humana
1995 5690 2202 5757 placate
2251 5700 2302 5743 ct

742 5752 1022 5806 moderate
1049 5754 1306 5806 feramus.
1349 5753 1562 5811 tldcm.)

2396 4560 2545 4631 αὐτῷ
2577 4558 2766 4629 ὁδηγοὶ
2805 4559 3009 4629 Πέτρος
3065 4559 3162 4611 καὶ
3219 4558 3518 4625 ’1ωάννης’
3576 4558 3970 4625 προσειπόντες

2394 4670 2454 4705 τε
2481 4655 2581 4706 ὅσα
2611 4652 2738 4721 φίλα
2769 4651 2863 4703 καὶ
2918 4650 3017 4719 τὴν
3076 4649 3217 4702 κατά
3272 4648 3761 4720 δαιμόνωνννίκην.
3814 4650 3970 4711 τέλος

2397 4747 2491 4800 καὶ
2533 4745 2632 4815 τὴν
2665 4745 2802 4814 πρὸς
2836 4744 2970 4797 Θεὸν
3031 4743 3298 4812 ἐκδημίαν
3350 4740 3817 4809 εὐαγγελίζονται,
3874 4745 3973 4795 καὶ

2395 4843 2495 4907 τὴν
2519 4840 2629 4893 τῶν
2664 4838 3031 4905 ἐκδεξομένων
3062 4838 3362 4891 ἀπόλαυσιν
3385 4835 3627 4904 ἀγαθῶν.
3658 4832 3793 4890 Εἶτα
3838 4853 3969 4907 τρο-

2397 4936 2471 5003 φῇ
2529 4932 2757 5003 οὐρανία
2815 4932 2913 4985 καὶ
2959 4930 3258 5000 ἀπορρήτῳ
3315 4926 3503 4980 τοῦτον
3565 4928 3825 4990 σιτίζουσι
3880 4932 3972 4984 καὶ

2398 5025 2454 5091 ἐξ
2526 5025 2733 5077 ἐκείνου
2803 5024 3041 5092 διέμεινε
3116 5021 3287 5091 μηδέν
3339 5037 3392 5071 τι
3438 5020 3971 5088 προσενεγκάμενος.

2399 5117 2631 5186 Εἴρηται
2675 5115 2867 5179 ταῦτα,
2924 5108 3005 5176 οἷς
3054 5114 3260 5173 ἐκεῖνος
3306 5109 3476 5162 συνὼν
3519 5109 3971 5163 κατεπίστευσεν,

2399 5210 2635 5273 Ἐκεῖνος
2664 5212 2707 5264 δ’
2733 5210 2982 5263 ἐντεῦθεν
3013 5208 3150 5279 πρὸς
3209 5207 3433 5277 μείζονα
3491 5206 3799 5275 σκάμματα
3838 5208 3977 5277 μάλ-

2477 5341 2551 5405 (2)
2585 5339 2833 5393 Fortasse
2867 5356 2965 5407 pro
2993 5334 3971 5413 monachislegendumumonomachi,

2402 5411 2506 5463 hoc
2545 5420 2629 5463 est
2673 5405 3038 5477 gladiatores:
3090 5421 3147 5462 ut
3198 5408 3402 5462 milites
3456 5405 3853 5474 intelligantur,
3882 5410 3975 5475 qui

2403 5496 2527 5533 cum
2566 5480 2616 5530 in
2646 5479 2896 5532 exsilium
2928 5480 3294 5531 abduxerunt.

2474 5550 2549 5611 (5)
2582 5549 2720 5603 l'lin.
2753 5549 2847 5601 lih.
2872 5564 2944 5607 γι,
2969 5564 3087 5614 t'ap.
3115 5548 3170 5605 5.
3204 5548 3269 5602 de
3304 5547 3525 5616 regione
3567 5546 3825 5603 Colchica
3873 5567 3883 5598 :
3914 5547 3975 5599 lu

2404 5620 2587 5670 intimo
2623 5635 2680 5670 co
2709 5618 3095 5687 tractuJ’ityua
3119 5620 3365 5686 Oppidum
3410 5617 3621 5686 opttlcut
3645 5620 3868 5671 “tutum
3913 5621 3975 5669 ab

2414 5689 2689 5741 Ht'nicthis
2717 5691 2967 5756 direptum
3004 5698 3097 5740 est.
