4248 6446
253 405 380 471 1097

1162 406 1759 470 ECCLESIASTICAZ
1799 406 2184 468 IllSTOIiI.‘E
2220 406 2363 467 LIB.
2408 406 2561 467 XIV.

3346 399 3481 467 1098

249 544 397 596 νιμος
424 524 680 592 δἰσάγαν
714 525 809 579 καὶ
861 525 1094 597 σώφρων
1129 524 1205 580 ὢν
1260 528 1289 579 6
1316 529 1477 596 ἀνὴρ,
1507 526 1807 595 ἐπιμᾶλλον
1840 536 1881 588 Α
1910 540 1926 579 ε

1840 536 1881 588 Α
1910 524 2057 587 silio,
2094 537 2311 577 omnem
2334 521 2519 577 funem
2554 533 2801 583 movens,
2857 519 3236 589 episcopatum
3286 532 3484 575 conse-

250 619 346 680 τὰς
370 618 480 671 τῶν
528 618 885 671 Ναυατιανῶν
947 619 1245 689 ἐκκλησίας
1296 619 1531 687 αὐξῆσαι
1592 622 1686 673 καὶ
1734 621 1811 681 είς

252 712 392 777 μέγα
416 710 698 763 ἐπιδοῦναι
748 710 1222 778 παρεσκευάσατο’
1282 711 1494 764 οἴκοθεν
1549 711 1648 780 μὲν
1700 712 1815 775 τοῖς

248 801 445 870 πένησι
479 804 702 872 χρυσίον
749 803 1243 873 καταϐαλλόμενος,
1277 803 1431 856 οὐδὲν
1489 807 1674 872 μέντοι
1717 805 1813 871 τῆς

251 894 551 962 ἑκκλησίας
587 895 887 965 ἐλάμϐανε,
924 896 1065 965 πλὴν
1116 896 1198 949 ὅτι
1229 896 1304 965 μὴ
1354 896 1461 949 τῶν
1490 895 1584 948 δύο
1631 896 1814 966 ἀρτων

248 985 353 1037 τῶν
378 985 644 1052 εὐλογιῶν
681 986 747 1049 ἃς
774 987 916 1040 κατά
958 989 1246 1057 Κυριακὴν
1284 986 1450 1057 εἶχεν.
1490 986 1615 1040 Ἐπὶ
1655 988 1813 1039 τόσον

248 1078 303 1129 δὲ
336 1078 623 1140 σπουδαῖος
659 1079 788 1148 περὶ
819 1079 917 1149 τὴν
962 1079 1293 1147 Ἐκκλησίαν
1320 1080 1558 1146 ἐγένετο,
1620 1078 1694 1141 ὡς
1720 1082 1813 1131 καὶ

251 1168 542 1223 ’Δὸλάδιον
574 1171 666 1223 τὸν
707 1173 1082 1235 γενναιότατον
1142 1172 1347 1241 ῥήτορα
1397 1170 1493 1224 τοῦ
1557 1171 1813 1239 σοφιστοῦ

251 1263 493 1330 Τρωΐλου
528 1262 969 1332 ἀκροασάμενον,
1006 1262 1313 1326 συλλαᾶεῖν,
1364 1265 1473 1332 καὶ]
1526 1264 1658 1333 πρὸς
1719 1264 1815 1333 τὴν

251 1354 342 1406 τοῦ
406 1336 786 1424 πρεσϐυτέρου
836 1353 990 1419 τάξιν
1047 1354 1530 1426 προχειρίσασθαι·
1606 1351 1668 1410 οὗ
1724 1359 1816 1409 καὶ⁵

254 1446 603 1516 προσομιλίαι
652 1447 937 1517 γλαφυραὶ
989 1448 1083 1500 καὶ
1115 1447 1364 1501 σύντονοι
1420 1447 1582 1518 μέχρι
1615 1449 1814 1503 πολλοῦ

253 1538 561 1606 διεφέροντο
580 1554 595 1568 ο
622 1537 680 1599 ὃς
716 1539 774 1600 ὲς
804 1536 1033 1608 ὕστερον
1093 1541 1186 1592 καὶ
1215 1541 1311 1609 τῆς
1357 1542 1412 1593 ὲν
1471 1540 1678 1612 Νικαίᾳ
1707 1542 1813 1595 τῶν

255 1630 624 1683 Ναυατιανῶν
681 1630 983 1699 ἐκκλησίας
1043 1634 1309 1702 προέστη,
1368 1633 1504 1702 μηδὲ
1555 1635 1615 1687 τὺ
1667 1651 1819 1703 σοφι-

256 1720 467 1772 στεύειν
498 1721 678 1787 ἀφείς.
706 1721 794 1774 Ἑν
851 1722 1228 1795 Ἀλεξανδρείᾳ
1280 1724 1334 1776 δὲ
1388 1726 1445 1777 αἱ
1488 1726 1597 1779 τῶν
1634 1727 1816 1779 Ναυα-

252 1811 453 1864 τιανῶν
498 1811 786 1880 ἐκκλησίαι
843 1813 1134 1866 ἐκλείοντο*
1196 1818 1291 1867 καὶ
1343 1814 1412 1867 τὰ
1453 1816 1582 1885 παρ’
1634 1818 1817 1878 αὐτοῖς

254 1902 515 1972 κειμήλια
548 1904 790 1974 δημόσια
820 1906 1090 1973 ἐγεγόνει.
1118 1900 1327 1976 rem;
1358 1908 1414 1960 δὲ
1446 1910 1539 1960 καὶ
1570 1908 1817 1975 Θεόπομ-

255 2011 352 2057 πος
381 1997 410 2048 6
449 1994 677 2048 ἐκείνων
726 1997 1025 2061 ἐπίσκοπος
1082 1994 1171 2069 ἦν.
1230 1998 1460 2069 Ἐπίσης
1507 2000 1563 2052 δὲ
1615 2000 1710 2051 καὶ
1761 2002 1819 2051 ἐν

266 2086 450 2157 Ῥώμῃ
504 2083 690 2157 εἶχον·
768 2090 1113 2161 ἀφῃρημένοι
1171 2091 1283 2161 γὰρ
1339 2092 1439 2149 τὰς
1497 2092 1816 2160 ἐκκλησίας,

254 2178 311 2230 ὲν
342 2178 683 2249 παραδύστῳ
724 2195 825 2234 που
877 2182 1135 2251 συνῆγον.
1178 2183 1358 2252 Μέχρι
1404 2184 1512 2254 γὰρ
1570 2182 1665 2235 τοῦ
1715 2200 1819 2237 παο

259 2269 444 2336 ρόντος
500 2270 836 2339 ἁνθήσαντες
894 2272 987 2324 ἐπὶ
1066 2272 1295 2336 πολλαῖς
1356 2273 1673 2343 ἐκκλησίαις
1723 2274 1819 2325 καὶ

258 2359 515 2429 ἀφθόνοις
546 2364 660 2424 τοῖς
686 2362 919 2432 πλήθεσι
945 2404 960 2427 ,
998 2365 1152 2433 παρὰ
1203 2365 1312 2416 τῶν
1370 2364 1684 2416 ἐπισκόπων
1719 2364 1818 2429 τῆς

254 2450 487 2503 καθόλου
543 2453 876 2521 Ἐκκλησίας
931 2455 1089 2509 πάντ’
1126 2452 1511 2525 ἀφῃρέθησαν,
1594 2454 1670 2522 μὴ
1732 2453 1819 2505 ἐπ’

254 2545 437 2605 ἀδεῖας
471 2544 729 2611 συνάγειν
755 2544 1227 2615 συγχωρηθέντες·
1264 2548 1360 2600 καὶ
1413 2545 1589 2599 πάντα
1617 2547 1683 2598 τὰ
1728 2547 1822 2598 αὑ-

253 2637 363 2689 τῶν
392 2637 744 2707 ἀφελόμενοι,
778 2640 990 2707 ἐπαίνῳ
1024 2639 1185 2706 δῆθεν
1215 2639 1577 2709 προσήγοντο.
1612 2639 1687 2690 Οὐ
1717 2639 1823 2707 μὴν

255 2728 312 2780 δὲ
351 2728 447 2781 καὶ
499 2729 560 2780 ὲν
618 2730 1192 2782 Κωνσταντινουπόλει
1250 2729 1408 2781 τοῦτο
1464 2728 1819 2780 πεπόνθασινο

253 2820 391 2874 ἀλλά
419 2820 562 2888 μετὰ
598 2819 695 2872 τοῦ
726 2822 974 2889 στέργειν
1002 2823 1096 2873 καὶ
1124 2820 1274 2872 ἔνδον
1324 2821 1579 2887 συνάγειν
1627 2820 1821 2882 αὐτοὺς

254 2913 467 2976 εἴασαν,
506 2914 646 2964 κατὰ
681 2914 844 2981 μόνον
876 2913 936 2965 τὺ
961 2912 1263 2981 ’κηρύττειν
1314 2912 1375 2964 τὸ
1406 2911 1716 2981 ὁμοούσιον,
1747 2910 1823 2972 ὡς

255 3006 650 3075 καὶπρότερον
682 3004 1000 3074 ἀρκούντως
1052 3004 1322 3058 διέλαϐον.
1378 3005 1488 3059 Καὶ
1536 3004 1669 3075 περὶ
1721 3004 1821 3074 μὲν

253 3098 364 3150 τῶν
388 3096 750 3149 Ναυατιανῶν
780 3096 1040 3151 τοσαῦτα.
1058 3096 1347 3151 Ἐτελεύτα
1376 3096 1431 3149 δὲ
1458 3096 1550 3149 τὸν
1586 3096 1699 3165 βίον
1724 3112 1822 3161 τη-

1916 616 2011 684 qui
2050 613 2431 678 contenderet,
2464 613 2533 668 ab
2565 628 2630 668 eo
2675 614 2913 684 reiectus
2951 622 3055 667 est.
3095 610 3481 683 Chrysanthus

1916 719 2098 762 autem
2133 723 2350 762 rursum
2380 708 2700 778 inquisitus.
2725 702 2826 773 Qui
2861 706 2915 759 in
2950 705 3224 777 Bithynia,
3253 704 3347 760 ubi
3407 704 3483 759 la-

1918 801 2087 867 tebat,
2134 800 2410 861 inventus.
2443 801 2609 856 etiam
2668 800 2946 854 reluctans
3001 800 3065 852 ad
3102 798 3480 868 episcopatum

1914 900 1999 945 est
2022 899 2267 947 evectus.
2298 893 2349 947 ls
2385 892 2531 963 quod
2584 891 2822 962 prudens
2882 890 3176 945 admodum
3211 898 3265 945 et
3298 898 3482 944 castus

1916 982 1999 1034 vir
2021 991 2189 1045 esset,
2228 983 2516 1037 ecclesiam
2563 983 2993 1037 Novatianorum
3054 981 3266 1050 magnis
3299 982 3477 1034 incre-

1918 1075 2117 1127 mentis
2151 1076 2322 1128 auxit.
2356 1074 2649 1128 Pecuniam
2690 1076 2836 1130 enim
2877 1075 2993 1145 ipse
3017 1088 3170 1127 suam
3197 1074 3249 1125 in
3283 1087 3485 1142 paupe-

1918 1178 2004 1220 res
2041 1181 2297 1234 erogans,
2337 1166 2474 1221 nihil
2509 1183 2574 1221 ex
2612 1167 2843 1224 ecclesia
2908 1166 3249 1236 percipiebat
3287 1173 3483 1233 praeter

1917 1272 2079 1327 quam
2110 1257 2249 1312 duos
2280 1260 2683 1315 benedictionis
2732 1274 2922 1329 panes,
2953 1274 3090 1328 quos
3130 1246 3329 1312 diebus
3373 1257 3482 1311 Do-

1920 1349 2135 1405 minicis
2196 1351 2453 1408 habebat.
2510 1353 2663 1407 Adeo
2728 1360 2908 1407 autem
2969 1350 3353 1407 ecclesiastica:
3401 1349 3481 1402 rei

1917 1446 2304 1512 promovenda!
2337 1445 2617 1500 studiosus
2642 1446 2765 1510 fuit,
2800 1455 2860 1500 ut
2913 1444 3202 1501 Ablabium
3258 1442 3485 1498 nobilis-

1918 1535 2114 1587 simum
2146 1546 2446 1599 oratorem,
2474 1537 2644 1591 Troili
2697 1537 2958 1607 sophista:
3008 1537 3342 1600 auditorem,
3379 1535 3483 1595 sibi

1919 1624 2253 1695 adjunxerit,
2293 1639 2347 1683 et
2373 1630 2426 1683 in
2464 1629 2918 1700 presbyterorum
2953 1630 3204 1683 ordinem
3265 1636 3490 1697 coopta-

1921 1719 1991 1770 rit
2022 1736 2034 1769 :
2067 1716 2230 1790 484
2250 1721 2408 1790 cujus
2436 1721 2600 1775 etiam
2628 1723 2922 1777 conciones
2948 1723 3262 1791 pepularcs,
3289 1735 3488 1774 suaves

1919 1814 1975 1861 et
2009 1806 2386 1875 vehementes,
2424 1812 2515 1865 diu
2552 1815 2906 1868 exstiterunt.
2951 1813 3050 1868 Hic
3090 1821 3279 1883 postea
3312 1813 3484 1867 Nova-

1923 1899 2192 1954 tianorum
2248 1901 2503 1957 Ecclesia:
2552 1904 2604 1958 in
2640 1905 2855 1958 Nicacna
2913 1904 3047 1959 urbe
3111 1905 3343 1974 praefuit,
3399 1918 3487 1958 so-

1920 1991 2212 2059 phisticam
2244 1997 2407 2048 etiam
2432 2005 2545 2049 tum
2584 1999 2890 2065 professus.
2923 1997 3028 2052 Sed
3076 1998 3223 2052 enim
3256 1999 3488 2052 Alexan-

1920 2079 2050 2135 driae
2110 2082 2539 2140 Novatianorum
2592 2089 2836 2143 ecclesia:
2895 2090 3126 2155 clausae,
3169 2100 3224 2143 et
3259 2088 3486 2143 donaria

1920 2184 2353 2247 ornamentaque
2421 2195 2615 2234 eorum
2675 2182 2949 2250 publicata
3008 2184 3245 2238 fuerant.
3296 2182 3489 2237 Nudus

1921 2268 2085 2322 etiam
2109 2268 2496 2339 Theopompus
2529 2274 2820 2342 episcopus
2856 2289 3046 2327 eorum
3109 2286 3249 2328 erat.
3301 2270 3488 2344 Nequé

1923 2361 1999 2414 illi
2041 2361 2223 2415 Romae
2270 2363 2467 2417 melius
2513 2365 2827 2431 habebant;
2890 2367 3135 2422 ecclesiis
3191 2369 3337 2423 enim
3408 2370 3490 2425 eis

1922 2452 2214 2521 ademptis,
2278 2456 2330 2507 in
2401 2456 2537 2509 locis
2596 2457 2848 2512 obscuris
2884 2468 3187 2515 conventus
3230 2462 3487 2532 agebant.

1924 2543 2202 2599 Hactenus
2238 2562 2472 2615 namque
2500 2564 2623 2601 cuin
2655 2558 2710 2603 et
2741 2550 2931 2604 multis
2986 2560 3043 2605 et
3106 2552 3492 2621 frequentibus

1922 2637 2171 2691 ecclesiis
2208 2638 2543 2703 ﬂoruissent,
2574 2656 2671 2709 per
2705 2630 2991 2713 episcopos
3028 2645 3328 2701 catholicos
3381 2647 3492 2701 illis

1922 2730 2002 2784 eis
2030 2739 2143 2782 tuin
2184 2730 2470 2800 ademptis,
2502 2748 2679 2801 neque
2713 2745 3083 2791 conventuum
3119 2739 3488 2808 cogendorum

1921 2821 2148 2876 libertas
2170 2820 2431 2888 permissa
2466 2822 2668 2879 fuerat.
2701 2823 2765 2878 Et
2799 2841 2921 2880 cum
2952 2829 3133 2884 ablata
3166 2832 3249 2891 eis
3272 2834 3485 2899 omnia,

1927 2919 2036 2964 tum
2074 2913 2129 2962 in
2174 2910 2384 2979 judicia
2427 2911 2528 2980 ipsi
2560 2928 2779 2983 quoque
2832 2927 2961 2972 sunt
3000 2922 3284 2990 protracti.
3342 2925 3490 2981 Con-

1924 3002 2279 3070 stantinnpoli
2314 3018 2443 3056 vero
2481 3019 2589 3058 non
2628 3006 2819 3073 eadem
2852 3011 2992 3079 passi
3046 3023 3195 3068 sunt.
3259 3018 3493 3074 Prmter—

1923 3106 2087 3160 quam
2120 3095 2269 3147 enim
2305 3094 2450 3163 quod
2473 3098 2683 3166 expulsi
2734 3116 2844 3155 non
2900 3112 3052 3171 sunt,
3100 3107 3241 3162 intra
3293 3113 3485 3168 urbem

252 3191 486 3243 νικαῦτα
512 3191 608 3243 καὶ
650 3189 927 3260 Θεόδωρος
956 3192 983 3242 ὀ
1006 3189 1107 3258 τῆς
1145 3190 1487 3259 Ἀρειανικῆς
1524 3187 1823 3259 θρησκείας
1849 3209 1895 3269 c
1928 3212 1929 3227 ι

1807 3206 1895 3269 ςο
1928 3184 2092 3239 etiam
2150 3186 2409 3241 ecclesias
2445 3201 2639 3257 cogere
2685 3190 2768 3244 eis
2822 3192 3000 3258 licuit,
3040 3207 3263 3267 prepter
3321 3218 3484 3259 unam

254 3283 396 3334 κατᾶ
422 3282 522 3349 τὴν
573 3280 993 3333 Κωνσταντίνου
1056 3277 1437 3346 προεστηκὼς,
1472 3281 1644 3331 εἴκοσι
1685 3277 1822 3346 πρὸς

251 3373 370 3432 τοῖς
404 3369 603 3421 ἑκατὸν
624 3369 724 3436 ἔτη
752 3368 1057 3436 βεὸιωκώς·
1118 3367 1177 3418 ὃν
1199 3367 1273 3429 ὡς
1314 3366 1644 3437 δραστήριον
1689 3364 1825 3435 περὶ

251 3463 352 3531 τὴν
374 3458 698 3530 θρησκείαν,
730 3461 794 3510 ὲκ
823 3458 924 3525 τῆς
958 3457 1237 3527 Ἀντιόχου
1266 3455 1541 3527 Ἀρειανοὶ
1588 3459 1681 3512 ἐπὶ
1723 3460 1823 3529 τὴν

253 3552 524 3616 Βύζαντος
554 3552 783 3621 ἤγαγον.
823 3542 900 3602 Οὗ
926 3550 1172 3619 διάδοχος
1219 3550 1545 3611 καθίσταται
1602 3549 1822 3619 Βάρόας

252 3646 449 3714 όνομαο
475 3644 561 3711 ἐφ’
594 3635 656 3695 οὗ
684 3643 717 3712 ή
746 3642 857 3695 τῶν
887 3641 1185 3709 Ἀρειανῶν
1245 3640 1513 3711 θρησκεία
1539 3641 1631 3693 δύο
1670 3641 1823 3693 ἐλλο-

253 3734 438 3803 γίμων
467 3732 679 3801 ἀνδρῶν
703 3731 1028 3802 ηὑμοίρησε’
1087 3732 1180 3784 καὶ
1220 3731 1389 3800 ἄμςςω
1415 3731 1471 3783 δὲ
1524 3732 1826 3801 πρεσδύτε-

256 3843 341 3895 ροι
376 3822 540 3894 ἦσαν’
587 3818 663 3876 ὧν
714 3822 793 3893 τῷ
855 3826 954 3892 μὲν
1009 3823 1088 3875 ἐν).
1153 3822 1441 3892 Τιμόθεος,
1504 3822 1719 3896 θατέριρ
1769 3822 1826 3875 δὲ

254 3917 530 3986 Γεώργιος
580 3916 824 3986 ὀνόματα
854 3912 1016 3988 ἦσαν.
1069 3913 1231 3969 ’Λλλὰ
1262 3916 1536 3985 Γεώργιος
1573 3918 1672 3987 μὲν
1726 3917 1826 3984 τὴν

267 4009 592 4078 Ἑλληνικὴν
629 4010 830 4077 μᾶλλον
858 4010 1105 4062 παιδείαν
1170 4009 1401 4079 ήσκητοο
1454 4008 1716 4078 Τιμόθεος
1769 4008 1825 4060 δὲ

252 4104 369 4164 τοῖς
417 4102 587 4163 θείοις
636 4100 820 4167 λόγοις
874 4099 1040 4153 πλέον
1085 4098 1342 4152 διέκειτο.
1394 4097 1662 4158 Κάκεῖνος
1728 4097 1826 4165 μὲν

252 4181 623 4262 Ἀριστοτέλει
651 4193 744 4246 καὶ
789 4192 1039 4246 Πλάτωνι
1076 4191 1242 4259 συνῆν
1270 4191 1379 4243 ἀεί·
1409 4192 1437 4243 6
1457 4190 1512 4243 δὲ
1543 4191 1636 4242 τὸν
1682 4188 1827 4257 Ὠρι-

250 4289 423 4356 τένην
472 4286 567 4339 ἐπὶ
596 4286 844 4353 γλώττης
876 4282 1050 4335 ἔπνει·
1094 4284 1189 4335 καὶ
1243 4282 1312 4335 τὰ
1346 4282 1467 4350 ίερὰ
1516 4282 1827 4351 γράμματα

251 4379 594 4433 ἐκδιδάσκων
623 4376 926 4449 παρρησίᾳ,
964 4378 1059 4428 καὶ
1097 4375 1197 4445 τὴν
1244 4374 1520 4444 Ἐϐραίων
1574 4375 1827 4442 γλῶτταν

248 4472 504 4538 ἠσκεῖτο.
544 4467 603 4524 Ὀ
628 4469 727 4537 μὲν
754 4465 850 4521 οὖν
875 4466 1138 4535 Τιμόθεος
1158 4468 1252 4536 τῆς
1274 4464 1642 4535 Ψαθυριανῶν
1678 4466 1828 4535 αἱρέ-

1927 3276 2068 3330 hanc
2091 3291 2332 3341 causam,
2357 3280 2500 3348 quod
2535 3282 2839 3350 ὁμοούσιον,
2866 3289 3355 3359 consubstantiale,
3390 3300 3486 3354 de-

1925 3366 2310 3436 praadicarent,
2355 3372 2515 3425 sicuti
2577 3374 2753 3428 fusius
2804 3389 2964 3433 antea
3021 3397 3049 3435 a
3108 3386 3269 3441 nobis
3298 3399 3380 3444 est
3407 3392 3493 3446 di-

1925 3470 2098 3515 ctum.
2150 3460 2275 3515 llaec
2308 3463 2374 3517 de
2417 3464 2754 3520 Novatianis.
2803 3467 2880 3523 Eo
2925 3478 3166 3542 tempore
3201 3478 3492 3537 defunctus

1923 3557 2090 3609 etiam
2113 3565 2194 3609 est
2226 3556 2531 3613 Dorotheus
2559 3560 2771 3614 Ariana:
2810 3562 3061 3632 religioni
3096 3566 3487 3630 Constantino-

1927 3648 2033 3716 poli
2059 3648 2366 3716 praefectus,
2397 3666 2517 3704 cum
2554 3653 2622 3706 ad
2651 3659 3008 3711 centesimum
3066 3670 3120 3714 et
3168 3665 3487 3723 vicesimum

1924 3739 2049 3792 vita:
2072 3754 2271 3792 annum
2291 3742 2631 3809 pervenisSet
2658 3762 2670 3798 :
2692 3761 2851 3813 quem
2871 3752 3015 3819 quod
3039 3765 3262 3813 strenue
3281 3770 3486 3817 sectam

1927 3842 2080 3881 suam
2119 3839 2388 3907 tueretur,
2421 3833 2608 3887 Ariani
2665 3852 2729 3890 cx
2764 3841 3052 3898 Antiochia
3102 3846 3491 3909 Constantino-

1928 3920 2091 3987 polim
2133 3924 2541 3978 transtulerant.
2572 3926 2740 3998 Cujus
2770 3947 3057 3990 successor
3104 3938 3206 3995 fuit
3260 3944 3488 4012 Barbati,

1926 4012 2029 4065 sub
2057 4026 2167 4081 quo
2197 4013 2392 4068 Ariana
2426 4018 2616 4086 religio
2639 4022 2777 4077 duos
2801 4026 3032 4084 eximios
3083 4032 3277 4089 habuit
3303 4040 3450 4095 viros
3470 4082 3488 4107 ,

1929 4101 2275 4171 presbyteros
2300 4105 2692 4164 ambos:alteri
2721 4112 2980 4186 Georgio,
3006 4122 3166 4177 alteri
3198 4101 3487 4187 Timotheo

1928 4206 2123 4293 nomen
2150 4201 2285 4249 erat.
2315 4194 2584 4267 Georgius
2618 4202 2930 4262 Graecorum
2968 4216 3140 4284 magis
3182 4195 3521 4293 disciplinis‘

1928 4281 2183 4375 pollebat,
2218 4285 2536 4343 Timotheus
2568 4291 2769 4351 divinis
2795 4299 2994 4359 litteris
3023 4281 3148 4375 plus
3182 4281 3490 4373 delectaba-

1930 4380 2033 4426 tur.
2070 4374 2136 4427 Et
2166 4375 2253 4429 ille
2288 4376 2342 4430 in
2375 4379 2667 4439 Aristotele
2695 4396 2749 4441 et
2778 4389 3005 4449 Platone
3026 4374 3251 4468 semper
3302 4422 3487 4464 versa-

1930 4466 2091 4519 batur
2122 4486 2134 4520 :
2177 4468 2275 4522 hic
2298 4470 2591 4541 Origenem
2620 4479 2835 4547 spirans
2904 4486 2957 4539 in
3013 4505 3107 4545 ore
3140 4466 3396 4567 habebat,
3430 4519 3489 4559 et

252 4582 395 4626 σεως
426 4564 747 4632 μετειλήφει
771 4576 787 4592 ο
817 4562 1090 4631 Γεώργιος
1121 4561 1178 4613 δὲ
1211 4561 1317 4612 ὑπὸ
1350 4561 1538 4631 Βάρσα
1577 4577 1823 4631 κεχειρο-
1856 4573 1901 4628 ι)

1811 4588 1823 4599 -
1856 4573 1901 4628 ι)
1929 4574 2112 4614 sacras
2134 4561 2368 4642 Litteras
2394 4567 2612 4630 publice
2638 4570 2862 4638 docens,
2886 4577 2938 4631 in
2966 4578 3317 4643 Hebraeorum
3350 4561 3488 4662 q-uo-

248 4658 469 4723 τόνητο.
522 4654 783 4722 Ἐτοιμος
834 4652 882 4705 δ’
910 4648 976 4723 ἦν
1009 4655 1037 4704 ὁ
1098 4651 1361 4719 Τιμόθεος
1421 4652 1822 4739 ἀποκρίνασθαι

250 4749 350 4800 καὶ
401 4747 558 4800 λύσιν
589 4747 647 4809 ἐξ
709 4745 931 4814 ἑτοίμου
984 4747 1290 4814 παρασχεῖν
1346 4744 1446 4797 ὅσα
1502 4742 1821 4815 δῆτ’άσαφῆ

246 4846 365 4905 τοῖς
402 4842 569 4904 θείοις
594 4840 796 4907 λογίοις
822 4838 1146 4908 εὑρίσκοιτο·
1179 4839 1274 4889 καὶ
1305 4838 1545 4907 μάρτυρι
1568 4838 1660 4890 ἐπὶ
1691 4840 1823 4891 πᾶσι

250 4935 496 5004 μάλιστα
526 4933 605 5003 τῷ
632 4930 901 5000 Ὠριγένει
929 4930 1147 4999 ἐχρῆτο.
1181 4930 1246 4981 Ὀ
1274 4930 1369 4981 καὶ
1392 4927 1695 4997 θαυμάζειν
1728 4933 1822 4982 καὶ

248 5025 399 5096 ὑπὲρ
436 5026 768 5093 ἀμφοτέρων
791 5021 972 5074 ἔπεισί
998 5037 1107 5089 μοι.
1152 5022 1269 5083 πῶς
1296 5023 1406 5084 τοῖς
1452 5021 1664 5090 Ἀρείου
1700 5020 1819 5089 δόγ-

251 5132 425 5187 μασιν
478 5115 768 5180 εῐποντο,ό
816 5112 916 5182 μὲν
963 5113 1248 5178 Πλάτωνα,
1303 5110 1564 5180 Τιμόθεος
1622 5111 1679 5165 δὲ
1727 5112 1819 5165 τὸν

247 5204 544 5275 Ὠριγένην
573 5203 830 5273 ἄντικρυς
854 5203 1129 5265 πνέοντες.
1153 5202 1288 5254 Οὐδὲ
1346 5204 1454 5271 γὰρ
1512 5203 1736 5256 Πλάτων
1759 5203 1819 5255 τὸ

244 5299 509 5368 δεύτερον
536 5296 737 5349 mihi.
787 5296 991 5365 τρίτον,
1029 5293 1104 5358 ὼς
1156 5294 1316 5356 αὐτὸς
1370 5293 1553 5348 καλεῖν
1607 5296 1819 5363 εἴωθεν,

245 5393 433 5461 ἀρχὴν
468 5389 755 5459 ὑπάρξεως
788 5387 1071 5454 εἰληφέναι
1098 5387 1282 5455 φησίν.
1321 5387 1485 5438 Ἀλλά
1527 5390 1618 5440 καὶ
1668 5388 1816 5457 Ὠρι-

244 5485 418 5549 γένης
456 5477 779 5547 ἁπανταχοῦ
830 5477 937 5529 τῶν
974 5476 1151 5543 λόγων
1183 5476 1484 5547 διαρρήδην
1539 5480 1815 5533 συναῖδιόν

244 5588 393 5642 φησι
424 5572 516 5623 τὸν
564 5569 694 5623 Υίὸν
754 5568 949 5639 Πατρί.
1004 5570 1149 5640 Πλὴν
1211 5571 1260 5622 εί
1321 5569 1413 5622 καὶ
1462 5572 1529 5639 τῇ
1592 5573 1815 5625 ἐκείνων

328 5738 409 5807 (1)
441 5736 595 5790 Plato
620 5734 685 5807 τὸ
704 5732 963 5807 νδερτερον
989 5736 1082 5786 καὶ
1102 5720 1375 5807 τδτρῖτον
1406 5736 1577 5791 αἴτιον
1604 5737 1822 5792 initium

241 5805 576 5865 substantia:
610 5805 887 5873 ὑπάρξεως
924 5806 1203 5874 accepisse
1236 5805 1489 5877 negavit.
1534 5808 1685 5864 Unde
1716 5809 1816 5863 Ju-

569 5898 845 5958 'PATROL.
878 5900 964 5963 Gn
980 5944 996 5960 .
1040 5903 1267 5963 CXLVI

1925 4666 2030 4753 que
2056 4653 2254 4758 linguai
2273 4655 2594 4758 dcsudahat.
2613 4662 2956 4758 _Timotheus
3000 4677 3222 4743 quidem
3269 4653 3490 4758 Psathy-

1902 4743 2209 4846 ‘rianorum
2242 4747 2463 4803 haeresis
2486 4754 2760 4822 particeps
2794 4757 2971 4815 fuerat
3023 4784 3036 4818 :
3064 4777 3120 4821 at
3161 4743 3486 4846 Georgius'a

1926 4833 2099 4939 Barba
2135 4838 3008 4939 fuerat.ordinatusaTimOtheus
3056 4833 3342 4933 promptu;
3392 4833 3489 4939 pa-

1926 4936 2186 5019 ratusque
2249 4929 2351 4982 fuit
2392 4932 2460 4985 dc
2533 4936 2703 4990 sacris
2729 4937 2954 4999 Litteris
2996 4929 3329 5019 respondere
3367 4929 3488 5015 z-et

1926 5016 2086 5072 facile
2118 5036 2239 5089 quae
2278 5023 2332 5075 in
2370 5024 2573 5080 divinis
2622 5032 2859 5086 oraculis
2889 5016 3124 5093 obscura
3166 5043 3488 5105 inveniren-

1927 5119 2035 5175 tur,
2067 5111 2279 5166 solvere
2304 5126 2357 5168 et
2389 5117 2661 5185 explicare
2702 5125 2900 5192 p0tuit,
2923 5139 3085 5197 atque
3112 5132 3168 5186 in
3202 5135 3339 5192 locis
3360 5156 3485 5195 οω-

1929 5202 2088 5256 nibus
2109 5203 2340 5273 Origene
2376 5209 2608 5263 maxime
2641 5221 2777 5267 teste
2809 5231 2940 5271 usus
2970 5230 3074 5277 est.
3140 5224 3488 5300 Quapropter

1928 5304 2221 5366 utrumque
2238 5299 2496 5355 admirari
2527 5304 2660 5358 mihi
2686 5306 2741 5359 in
2757 5321 2994 5364 mentem
3020 5317 3188 5381 venit,
3208 5299 3486 5388 quomodo

1926 5389 2136 5443 scilicet
2162 5399 2219 5442 ut
2248 5391 2363 5444 Arii
2396 5392 2590 5463 dogma
2616 5411 2998 5467 sequerentur,
3028 5407 3271 5464 animum
3319 5413 3485 5470 indu-

1924 5482 2128 5546 xerint,
2167 5483 2305 5537 alter
2369 5485 2671 5553 Platonem,
2739 5492 2877 5546 alter
2935 5472 3224 5566 O‘rigenem
3254 5520 3486 5572 prorsus

1924 5575 2142 5645 spirans
2177 5596 2190 5632 :
2226 5579 2373 5635 uuod
2420 5588 2475 5633 et
2506 5581 2661 5637 Plato
2704 5586 2781 5655 (Ι)
2820 5590 3113 5645 secundam
3158 5608 3212 5649 et
3269 5601 3485 5656 tertiam

1932 5737 2345 5817 s_tinus_rnartyr
2369 5743 2604 5817 aliquam
2636 5748 2912 5804 notionem
2944 5752 3232 5809 Trinitatis
3258 5762 3488 5817 sanctis-

1921 5810 2073 5864 sima:
2110 5810 2391 5867 Platonem
2424 5810 2681 5873 habuisse
2718 5823 2974 5891 Opinatus
3008 5834 3112 5878 est.

3091 5916 3165 5977 35
