4248 6446
215 373 356 444 1101

1110 369 1702 432 ECCLESIASTICJ!
1739 364 2126 428 IllSTORLE
2167 365 2309 424 LlB.
2351 362 2502 423 XIV.

3314 357 3447 418 1192

206 493 446 562 θέατρον
493 493 603 553 τοῖς
653 481 948 560 ὀρχησταῖς
999 492 1370 560 σδνηγείρετο,
1421 487 1516 540 ac:
1563 487 1626 554 δὴ
1673 486 1778 536 τῶν
1813 493 1852 546 Α

1770 506 1778 532 ν
1813 493 1852 546 Α
1885 494 2091 537 motum
2125 482 2347 551 patitur.
2389 480 2570 548 Itaque
2616 475 2908 530 multitudo
2955 473 3274 527 tumultuari
3307 483 3447 526 inter

219 579 500 634 Ἰουδαίων
531 581 590 631 ού
626 579 761 648 πρὸς
795 579 895 649 τὴν
927 577 1020 630 τοῦ
1055 579 1219 647 νόμου
1255 579 1516 647 ἀκρόασιν
1550 578 1645 645 τὴν
1681 577 1776 646 ἀρ-

206 673 340 739 γίαν
373 671 820 743 καταχρωμένων
842 713 855 736 ,
890 670 1024 724 ἀλλὰ
1052 669 1112 722 τὸ
1142 672 1252 732 τοῖς
1288 669 1536 738 θεάτροις
1578 669 1776 738 μᾶλλον

208 765 646 836 ἐνασχολεῖσθαι.
682 764 781 818 Διά
812 782 892 818 τοι
921 762 1079 816 τοῦτο
1109 763 1203 816 καὶ
1233 762 1504 831 ἐπίμαχος
1535 764 1565 831 ὴ
1599 764 1778 831 ἡμέρα

209 857 354 926 αῦτη
384 859 497 918 τοῖς
525 855 618 909 τοῦ
653 856 829 925 δήμου
867 855 1162 907 καθίστατο
1199 855 1430 923 μέρεσι·
1468 854 1561 905 καὶ
1589 853 1778 903 τούτου

209 951 379 1020 χάριν
417 949 520 1001 ὑπὸ
555 948 648 1001 τοῦ
685 948 784 1018 τῆς
817 946 1222 1016 Ἀλεξανδρείας
1261 945 1501 1026 ἐπάρχου
1540 947 1597 997 ἐν
1633 945 1781 1007 τάξει

212 1043 627 1104 καταστάντος,
678 1041 727 1093 οί
766 1040 1004 1093 Ἰουδαῖοι
1055 1039 1205 1091 οὐδὲν
1254 1033 1415 1108 ἦττον
1465 1038 1781 1100 ἐπέκειντο,

215 1133 432 1204 θατέρῳ
467 1133 575 1184 τῶν
611 1132 796 1202 μερῶν
827 1131 1016 1200 ῶσπερ
1054 1128 1499 1190 ἀντιπαθοῦντος.
1531 1127 1644 1178 Ἀεὶ
1687 1127 1786 1195 μέν

214 1222 311 1279 οῦν
340 1225 598 1294 πολέμιον
627 1223 784 1276 τοῦτο
811 1223 872 1274 τδ
904 1221 1068 1288 φῦλον
1098 1221 1440 1288 Χριστιανοῖς
1461 1260 1475 1280 ,
1510 1219 1603 1271 καὶ
1633 1218 1787 1269 εὐσε-

216 1317 332 1368 ϐεῖν
363 1314 859 1382 ἀναπεπεισμένον,
891 1313 959 1382 ἢν
984 1314 1062 1364 ὅτι
1095 1313 1348 1364 πλεῖστον
1374 1312 1550 1362 αἴτιον
1577 1309 1787 1375 γένοιτο

217 1410 387 1462 κακόν
415 1425 466 1460 τι
499 1408 731 1475 πάσχειν
762 1408 911 1476 ἡμᾶς
937 1423 949 1435 ·
983 1405 1103 1458 τότε
1136 1405 1190 1455 δὲ
1223 1405 1315 1456 καὶ
1347 1402 1546 1472 μᾶλλον
1576 1403 1662 1454 διὰ
1690 1401 1790 1467 τὴν

219 1499 523 1568 εἰρημένην
562 1499 742 1550 αἰτίαν
778 1496 886 1547 τῶν
921 1494 1204 1564 ὀρχηστῶν
1246 1495 1337 1546 καὶ
1375 1493 1626 1544 πλεῖστον
1671 1491 1790 1543 καθ’

223 1592 435 1646 ἐαυτῶν
470 1587 610 1660 ἦσαν
647 1587 1189 1655 ἐκπεπολεμωμένοι.
1233 1587 1339 1636 Καὶ
1377 1584 1438 1653 δή
1478 1601 1594 1635 τινα
1636 1582 1789 1634 πολι-

219 1681 369 1732 τείαν
401 1677 828 1748 πρυτανεύοντος
850 1675 1104 1740 Ὀρέστου
1132 1672 1224 1724 τοῦ
1255 1674 1354 1740 τῆς
1375 1672 1790 1739 Ἀλεξανδρείας

222 1772 470 1841 ἐπάρχου
502 1770 579 1838 τῷ
612 1768 768 1835 δήμῳ
802 1766 981 1835 (οὕτω
1013 1765 1120 1832 γὰρ
1155 1765 1342 1826 εἰωθὸς
1377 1763 1666 1832 ὀνομάζειν
1696 1761 1794 1821 τὰς

1887 588 1945 628 se
1995 573 2187 641 C(Bpit,
2236 586 2343 625 non
2393 567 2715 625 necessitate
2765 565 3019 635 quapiam
3057 563 3313 627 abducta,
3351 563 3447 616 sed

1889 674 2111 736 propter
2141 679 2482 718 communem
2507 703 2519 724 ,
2560 677 2679 731 qure
2714 669 2826 713 tum
2863 673 3052 712 omnes
3083 673 3249 726 prope
3281 657 3447 710 urbes

1891 758 2184 817 invaserat.
2220 756 2604 809 calamitatem.
2644 752 2869 807 Relictis
2894 751 3102 806 scilicet
3130 749 3295 804 rebus
3326 764 3445 803 om-

1892 846 2090 910 nibus,
2139 845 2378 899 studium
2431 859 2591 898 omne
2643 844 2695 897 in
2755 841 3070 896 saltatorum
3127 838 3453 909 spectaculis

1894 938 2191 1004 ponebant.
2223 937 2445 991 Sabbati
2477 937 2564 990 die
2594 937 2646 991 in
2673 936 2888 991 theatro
2919 932 2984 986 ad
3015 932 3300 986 saltatores
3330 947 3454 1002 spe-

1893 1029 2120 1084 ctandos
2142 1029 2540 1099 frequentiores
2563 1025 2930 1082 convenerant
2953 1025 3225 1090 homines,
3251 1024 3453 1080 Judaeis

1897 1120 2156 1184 nimirum
2178 1121 2290 1172 otio
2314 1134 2421 1171 non
2448 1117 2513 1172 ad
2534 1119 2706 1187 legem
2731 1117 3054 1171 audiendam
3079 1114 3455 1176 abutentibus,

1898 1208 1994 1262 sed
2021 1209 2073 1261 in
2102 1210 2409 1278 spectacula
2447 1210 2624 1277 potius
2684 1207 3149 1263 incumbentibus.
3181 1208 3352 1274 Quam
3388 1208 3457 1260 ob

1896 1315 2118 1354 causam
2150 1316 2218 1356 co
2248 1301 2336 1355 die
2365 1302 2536 1371 major
2563 1301 2706 1354 inter
2735 1301 2917 1369 p0pnli
2952 1301 3218 1355 [actiones
3247 1303 3459 1356 exstitit

1901 1407 2099 1460 pugna.
2154 1392 2222 1445 Et
2265 1392 2515 1461 quamvis
2566 1392 2683 1460 ejus
2731 1391 2805 1444 rei
2859 1391 3030 1459 gratia
3081 1390 3461 1445 Alexandrina:

1903 1481 2056 1534 urbis
2110 1481 2430 1548 pra-fectus,
2482 1496 2606 1535 cum
2656 1482 2917 1534 instructa
2965 1481 3193 1535 cohorte
3242 1497 3338 1535 sua
3385 1481 3460 1534 ihi

1901 1574 2162 1637 adesset,
2227 1574 2582 1627 nihilominus
2628 1583 2805 1628 tamen
2854 1573 3024 1627 Judmi
3076 1573 3458 1634 imminebant,

1900 1664 2066 1716 veluti
2119 1664 2274 1738 alteri
2330 1664 2553 1718 factioni
2621 1666 2957 1718 resistentes.
3012 1665 3255 1730 Quorum
3309 1664 3460 1718 natio

1901 1771 2024 1809 cum
2077 1756 2267 1810 infesta
2306 1771 2521 1825 semper
2566 1755 2893 1809 Christianis
2922 1764 3043 1818 est,
3092 1755 3461 1824 pietatemque

220 1864 528 1932 δημοτικὰς
577 1860 1020 1926 διατυπώσεις),
1068 1858 1320 1927 παρῆσαν
1361 1858 1456 1908 καλ⁸
1499 1857 1615 1907 ὅσοι
1662 1857 1791 1924 περὶ
1825 1854 1897 1914 B:

1785 1891 1791 1905 .
1825 1854 1864 1914 ῃ
1895 1861 1952 1899 se
1994 1855 2252 1914 praestare
2292 1847 2403 1900 Deo
2444 1861 2764 1915 persnasuut
2806 1846 3005 1909 habet,
3039 1845 3082 1898 si
3118 1844 3462 1913 quampluri-

221 1953 314 2004 τὸν
361 1951 660 2003 ἐπίσκοπον
709 1950 977 2020 Κύριλλον
1022 1947 1150 2014 φίλα
1195 1948 1389 2016 ἐκείνῳ
1434 1945 1793 2016 φρονοῦντες,

221 2046 323 2108 τὰς
359 2044 615 2106 τοιαύτας
657 2041 1020 2103 διατυπώσεις
1056 2042 1313 2109 ὀψόμενοι
1338 2055 1351 2070 ο
1392 2042 1448 2089 ἐν
1484 2033 1562 2101 οἷς
1602 2036 1669 2108 ἦν
1705 2037 1796 2089 καί

221 2154 307 2198 τις
346 2135 520 2205 Ἰέραξ
562 2135 754 2204 ὄνομα.
789 2135 882 2196 Ὃς
929 2132 1273 2203 γραμμάτων
1320 2132 1418 2200 μὲν
1461 2130 1570 2182 τῶν
1615 2129 1796 2190 πεζῶν

221 2229 546 2286 διδάσκαλος
576 2222 671 2297 ἦν,
711 2225 958 2278 τοσοῦτον
987 2226 1042 2277 δὲ
1076 2227 1189 2285 ταῖς
1222 2223 1315 2276 τοῦ
1351 2223 1619 2292 Κυρίλλοιι
1652 2222 1796 2274 διδα-

224 2321 482 2382 σκαλίαις
522 2322 820 2389 ἐξήρτητο,
851 2318 925 2380 ὡς
967 2318 1129 2386 μηδὲν
1161 2317 1288 2370 ἄλλο
1324 2317 1592 2385 αἱρεῖσθαι
1631 2316 1662 2384 ἦ
1700 2315 1795 2384 τὴν

223 2413 439 2467 ἐκεῖθεν
469 2413 758 2480 ἀκρόασιν,
788 2413 883 2461 καὶ
914 2410 1141 2477 κρότους
1175 2410 1408 2478 ἐγείρειν
1440 2411 1550 2469 τοῖς
1582 2408 1791 2459 ἐκείνου

221 2507 498 2573 νοήμασιν
549 2501 920 2554 ἐπισπεύδειν.
957 2502 1054 2553 Ὃν
1105 2500 1301 2562 ἰδόντες
1345 2501 1413 2552 τὰ
1461 2499 1640 2567 πλήθη
1686 2499 1793 2551 τῶν

220 2597 522 2659 Ἰουδαίων,
565 2594 724 2656 εὐθὺς
771 2593 1010 2662 ἐχρῶντο
1054 2592 1174 2662 βοῇ,
1212 2593 1297 2644 διὰ
1341 2592 1505 2660 μηδὲν
1545 2591 1676 2643 άλλο
1716 2591 1793 2661 τῷ

221 2690 440 2756 θεάτρῳ
477 2689 684 2739 ἐκεῖνον
717 2685 1053 2755 παραϐαλεῖν
1074 2724 1090 2749 ,
1125 2685 1156 2754 ἢ
1195 2684 1280 2735 ἵνα
1317 2685 1506 2736 στάσιν
1537 2682 1791 2752 ύπανάψῃ

218 2782 296 2852 τῷ
331 2783 511 2850 δήμῳ.
550 2780 606 2830 Ὀ
641 2778 684 2831 δ’
711 2777 948 2847 ἔπαρχος
983 2775 1241 2846 Ὀρέστης
1265 2815 1278 2839 ,
1315 2773 1412 2826 καὶ
1445 2773 1658 2842 πρῶτον
1693 2774 1792 2841 μὲν

219 2877 318 2945 τὴν
362 2874 676 2942 παράλογον
717 2871 824 2922 τῶν
864 2869 1180 2932 ἐπισκόπων
1217 2866 1535 2919 δυναστείαν
1575 2867 1662 2917 διὰ
1710 2866 1792 2934 μί-

221 2983 351 3028 σους
394 2962 538 3034 εἶχεν
565 2981 580 2996 ⁸
626 2965 822 3033 ὅτεπερ
867 2962 1000 3014 πολύ
1043 2978 1096 3013 τι
1142 2959 1516 3029 παρυφὲλκειν
1562 2958 1792 3029 ᾑροῦντο

219 3056 329 3108 τῶν
356 3055 461 3105 ὑπὸ
485 3053 583 3123 τὴν
611 3051 860 3116 ἐξουσίαν
887 3050 1083 3118 ἐκείνῳ
1109 3048 1385 3116 δημοσίων
1412 3047 1753 3114 πραγμάτων
1775 3062 1788 3075 ·

225 3146 465 3213 μάλιστα
509 3143 552 3195 δ’
578 3145 658 3195 ὅτι
701 3141 822 3193 τότε
868 3141 963 3192 καὶ
1008 3139 1275 3206 Κύριλλος
1319 3141 1400 3201 είς
1444 3140 1635 3192 λεπτὸν
1679 3139 1790 3190 δια.-

221 3237 374 3305 θρεϊν
407 3235 504 3296 τὰς
535 3232 630 3284 τοῦ
665 3233 910 3301 ἐπάρχου
941 3230 1302 3291 διατυπώσεις
1335 3231 1522 3300 ᾑρεῖτο
1543 3271 1556 3294 ,
1591 3230 1683 3282 καὶ
1717 3230 1790 3291 ὡς

221 3329 288 3382 ἄν
316 3345 401 3390 τις
436 3325 570 3396 φαίη
603 3323 1082 3394 περιεργάζεσθαι.
1118 3324 1288 3385 Εὐθὺς
1319 3322 1412 3375 οῦν
1446 3323 1790 3392 ἀνάρπαστον

219 3421 314 3474 τδν
353 3419 572 3487 Ἱέρακά
623 3416 1028 3484 ποιησάμενος,
1083 3414 1320 3484 πληγαῖς
1374 3414 1645 3479 ὑπέϐαλε,
1700 3417 1792 3467 καὶ

224 3511 431 3580 σφόδρα
481 3510 731 3580 ᾐκίσατο.
771 3508 836 3559 Ὃ
882 3509 1045 3574 γνοὺς
1093 3509 1120 3559 ὁ
1170 3505 1442 3568 θειότατος
1491 3506 1790 3569 Κύριλλος,

223 3604 332 3656 τῶν
361 3604 514 3671 παρὰ
535 3599 812 3660 ’Ῑουδαίοις
839 3600 966 3660 τοὺς
993 3596 1242 3665 πρώτους
1275 3595 1787 3665 μεταστειλάμενος,

223 3691 461 3764 παρῄνει
497 3693 598 3745 ὅσα
634 3691 782 3754 εἰκός
810 3707 824 3723 ·
859 3691 954 3743 καὶ
987 3690 1139 3751 τέλος
1172 3688 1442 3759 διηπείλει
1478 3687 1628 3740 δεινὰ
1660 3689 1793 3758 δρά-

225 3804 342 3839 σειν
363 3827 377 3852 ,
410 3788 458 3836 εί
496 3785 570 3853 μὴ
603 3783 904 3836 παύσαιντο
930 3781 1220 3860 τὺνιδῆμον
1252 3778 1636 3842 ἁνακινοῦντες
1659 3819 1670 3841 ,
1704 3781 1794 3830 καὶ

223 3881 369 3933 κατὰ
396 3877 506 3930 τῶν
534 3875 882 3946 Χριστιανῶν
906 3873 979 3934 ὡς
1011 3872 1262 3925 πλεῖστον
1287 3871 1701 3941 διερεθίζοντες.
1731 3872 1795 3923 Οἱ

223 3971 279 4022 δὲ
309 3972 408 4030 τὰς
437 3969 668 4029 ἀπειλὰς
695 3965 1080 4026 διακούσαντες
1098 4004 1114 4030 ,
1147 3963 1346 4033 μᾶλλον
1374 3962 1758 4032 ἀνηρεοίζοντο
1778 4000 1791 4024 ,

223 4063 322 4115 καὶ
359 4061 453 4113 ἐπὶ
493 4059 668 4129 βλάόῃ
709 4056 820 4110 τῶν
858 4055 1200 4126 Χριστιανῶν
1244 4054 1502 4115 πλείστας
1540 4053 1794 4106 ἐπενόουν

223 4159 320 4216 τὰς
351 4151 601 4223 μηχανάς
621 4167 636 4182 ο
664 4146 739 4204 ὧν
762 4149 861 4218 τὴν
887 4149 1318 4218 κορυφαιοτάτην
1344 4147 1438 4200 καὶ
1462 4146 1570 4198 τῶν
1597 4145 1791 4209 ἄλλων,

223 4249 298 4306 ὼς
345 4246 540 4306 είπεῖν,
578 4245 671 4296 ἐπὶ
710 4240 865 4310 κακῷ
902 4241 1282 4308 διαφέρουσαν,
1323 4239 1353 4305 ἢ
1396 4238 1460 4307 δὴ
1505 4237 1601 4290 καὶ
1646 4238 1796 4291 αίτία

225 4340 467 4405 κατέστη
492 4335 778 4396 Ἰουδαίους
809 4332 909 4401 τῆς
934 4331 1289 4402 Ἀλεξάνδρου
1331 4330 1683 4397 ἐξελαθῆναι,
1721 4329 1795 4391 ὡς

225 4427 347 4478 ἐνὸν
381 4425 738 4493 διηγήσομαι.
778 4422 945 4489 Κοινῇ
981 4419 1089 4487 γὰρ
1127 4416 1505 4482 συνελθόντες,
1545 4416 1794 4486 σύνθημα

1899 1952 2110 1990 morum
2146 1937 2307 1992 nobis
2337 1939 2604 1990 malorum
2638 1951 2798 1990 causa
2828 1937 2898 1989 sit
2929 1954 2943 1990 :
2989 1947 3102 1990 tum
3150 1950 3216 1989 eo
3245 1936 3462 2005 potissi-

1897 2043 2046 2081 mum
2083 2038 2356 2097 tempore,
2391 2038 2611 2096 propter
2652 2043 2748 2081 eos
2778 2042 2915 2097 quos
2955 2027 3197 2083 diximus
3243 2028 3465 2082 saltato-

1899 2136 2006 2184 res,
2049 2120 2345 2189 plurimum
2381 2122 2546 2174 etiam
2579 2119 2842 2174 adversus
2873 2121 3085 2189 seipsos
3119 2129 3247 2173 sunt
3277 2120 3461 2173 conci-

1896 2215 2014 2269 tati.
2052 2215 2268 2268 Etcum
2300 2213 2523 2270 Orestes
2562 2215 2901 2268 Alexandriae
2937 2214 3227 2283 praefectus
3255 2213 3462 2283 populo

1897 2307 2197 2371 πολιτείαν,
2232 2307 2336 2360 hoc
2367 2317 2470 2370 est,
2503 2307 2813 2360 institutum
2845 2306 3121 2374 quoddam
3169 2305 3329 2359 civile
3363 2305 3460 2372 (ita

1893 2401 2039 2451 enim
2083 2400 2260 2452 edicta
2311 2415 2407 2452 seu
2452 2399 2830 2452 ordinationes
2881 2399 3128 2466 publicas
3179 2397 3464 2450 nominare

1895 2506 2014 2544 mos
2047 2494 2149 2559 est)
2194 2493 2413 2556 ederet,
2463 2491 2738 2544 atl‘uerunt
2785 2491 2948 2544 etiam
2996 2491 3315 2559 quicunque
3348 2490 3464 2557 epi-

1896 2598 2058 2652 scopo
2085 2583 2290 2650 Cyrilio
2334 2583 2590 2636 favebant
2617 2625 2629 2647 ,
2665 2583 2911 2636 instituta
2952 2581 3223 2650 ejusmodi
3272 2582 3460 2635 visuri.

1896 2675 1955 2729 In
2005 2677 2090 2730 his
2131 2676 2352 2730 nomine
2401 2675 2596 2728 llierax
2636 2684 2754 2728 erat
2797 2676 3106 2727 hutnilioris
3136 2675 3462 2728 litteraturae

1896 2768 2174 2836 magister,
2217 2775 2501 2836 tantopere
2545 2785 2608 2820 ex
2657 2767 2842 2837 Cyrilli
2891 2767 3139 2821 doctrina
3190 2766 3457 2836 pendens.

1897 2843 1956 2914 ut
2003 2862 2137 2914 nihil
2183 2861 2332 2915 aliud
2392 2861 2596 2915 faceret
2647 2860 2940 2921 libentius,
2985 2874 3146 2927 quam
3204 2860 3352 2912 illum
3405 2872 3462 2912 ut

1896 2954 2147 3018 audiret,
2194 2963 2250 3008 et
2285 2955 2506 3023 plausus
2544 2954 2690 3006 ciere
2723 2953 2788 3005 ad
2828 2953 2974 3005 illius
3008 2953 3310 3005 sententias
3339 2962 3460 3004 stu-

1895 3048 2066 3102 deret.
2113 3047 2269 3101 llune
2316 3047 2409 3100 ubi
2453 3046 2766 3100 Judamrum
2812 3046 3103 3098 multitudo
3151 3026 3456 3113 conspexit,

1896 3141 2076 3193 statim
2102 3139 2390 3194 vociferari
2419 3139 2608 3208 cwpit,
2643 3154 2744 3190 non
2773 3138 2929 3190 aliam
2957 3139 3029 3190 ob
3061 3153 3276 3191 causam
3305 3138 3456 3190 illum

1896 3232 1950 3286 in
1989 3233 2258 3285 theatrum
2292 3231 2530 3292 venisse,
2570 3230 2730 3300 437
2763 3246 2923 3299 quam
2955 3238 3013 3281 ut
3045 3230 3368 3284 seditionem
3403 3232 3455 3282 in

1895 3326 2096 3394 populo
2123 3325 2405 3378 excitaret.
2456 3324 2750 3378 Prmfccttts
2797 3324 3015 3377 Orestes
3056 3334 3210 3377 antea
3243 3337 3461 3391 quoque

1896 3427 2090 3484 praeter
2114 3417 2380 3469 rationem
2411 3427 2726 3481 usurpatam
2749 3414 3130 3481 episcoporum
3163 3414 3460 3482 potentiam

1894 3509 2210 3576 oderat(i),
2262 3507 2405 3575 quod
2461 3507 2535 3559 illi
2591 3507 2759 3558 multa
2811 3520 2876 3557 ex
2925 3505 3162 3573 publicis
3212 3507 3458 3575 negotiis,

1893 3616 2013 3668 quas
2038 3600 2103 3652 ad
2133 3598 2570 3670 jurisdietionem
2602 3600 2723 3668 ejus
2754 3598 3123 3666 pertinebant,
3158 3599 3223 3652 ad
3252 3615 3309 3654 se
3339 3581 3462 3668 per;

1895 3693 2112 3746 trahere
2155 3692 2451 3746 volebant:
2501 3692 2846 3760 p0tissimum
2893 3701 3106 3754 autem,
3154 3690 3296 3759 quod
3346 3702 3460 3744 tum

1894 3798 2111 3852 quoque
2139 3782 2375 3854 Cyrillus
2407 3783 2652 3835 instituta
2685 3782 2788 3836 sibi
2829 3793 3019 3836 exacte
3051 3781 3457 3849 perspicienda.

1893 3874 2377 3942 curiositatemque
2407 3876 2486 3941 (ut
2513 3873 2714 3943 aliquis
2736 3874 2900 3942 dicat.)
2935 3873 2987 3926 in
3020 3875 3194 3927 aliena
3221 3889 3277 3927 re
3305 3890 3463 3928 exer-

1895 3966 2123 4020 condam
2156 3975 2452 4030 statuerat,
2483 3976 2823 4030 commotus,
2860 3967 2977 4035 rapi
3011 3967 3302 4020 confestim
3335 3967 3463 4021 llic-

1896 4075 2075 4114 racem
2105 4061 2290 4128 jussit,
2320 4061 2746 4127 verberibusque
2773 4059 3051 4114 subditum
3075 4060 3229 4113 valde
3249 4059 3456 4117 aﬂlixit.

1893 4151 2048 4218 Quod
2082 4152 2174 4205 ubi
2206 4152 2585 4206 divinissimus
2617 4151 2853 4221 Cyrillus
2878 4154 3153 4221 cognovit,
3191 4153 3459 4221 primores

1894 4245 2208 4299 Judworum
2235 4243 2300 4297 ad
2333 4260 2391 4298 se
2416 4247 2640 4307 accitos,
2674 4245 2749 4297 ita
2776 4253 2868 4312 ιιι,
2899 4259 2953 4296 τι-
2978 4257 3114 4310 erat,
3145 4247 3457 4299 admonuit:

1895 4345 2171 4403 postremo
2201 4335 2363 4388 etiam
2395 4335 2534 4388 male
2580 4349 2638 4387 se
2672 4349 2767 4386 eos
2813 4345 3164 4401 accepturum
3208 4349 3326 4388 esse
3360 4336 3462 4388 tui-

1894 4440 2056 4483 natus
2086 4437 2192 4490 est,
2234 4428 2336 4481 nisi
2382 4426 2640 4494 populum
2680 4440 3057 4490 commovere,
3100 4435 3156 4479 et
3194 4427 3460 4482 adversus

226 4519 365 4587 πρὸς
396 4517 658 4584 ἀλλήλους
689 4514 936 4576 ἐποίουν,
970 4510 1099 4563 ὥσθ’
1124 4511 1355 4563 ἕκαστον
1383 4510 1668 4562 δακτύλιον
1701 4509 1796 4576 φέ-
1822 4526 1903 4586 Di

1784 4537 1796 4547 '
1822 4526 1874 4586 Ι)
1899 4520 2240 4574 Christianos
2284 4519 2577 4588 plurimum
2627 4517 2937 4581 concitare,
2975 4516 3326 4571 desisterent.
3369 4517 3461 4572 Μὶ-

230 4629 344 4679 ρειν
378 4612 442 4662 ἐκ
478 4607 663 4677 φλοιοῦ
699 4608 959 4675 φοινίκων
994 4601 1188 4667 θαλοῦ,
1227 4603 1323 4655 καὶ
1357 4603 1574 4672 νύκτωρ
1609 4602 1793 4655 ἐπιθέ-

228 4704 354 4756 σθαι
387 4701 756 4771 Χριστιανοίς.
793 4697 904 4750 Καὶ
937 4695 1002 4765 δὴ
1039 4697 1136 4766 μιᾷ
1169 4696 1276 4747 τῶν
1308 4695 1554 4758 νυκτῶν,
1593 4697 1697 4748 ἀνα
1729 4696 1798 4750 τα

227 4797 468 4862 κλίματα
495 4793 591 4862 τῆς
621 4791 828 4853 πόλεως
859 4789 1107 4859 προῆκαν
1135 4788 1374 4857 βοῶντάς
1401 4805 1576 4852 τινας,
1603 4788 1677 4851 ὡς
1707 4787 1794 4857 εἴη

229 4887 367 4956 πυρὶ
417 4885 685 4953 καιομένη
721 4884 754 4951 ἡ
791 4879 1132 4949 Χριστιανῶν
1177 4879 1476 4948 ἐκκλησία,
1586 4880 1793 4931 ἐπώνυ-

231 4994 332 5047 μον
354 4975 711 5043 Ἀλεξάνδρου
739 4973 834 5025 τοῦ
860 4971 1158 5024 ἐπισκόπου
1195 4971 1388 5039 κλῆσίς
1418 4973 1586 5023 ἐστιν.
1618 4972 1682 5022 ⁸0
1713 4973 1795 5033 εἰς

225 5065 342 5123 ὦτα
382 5069 616 5128 ἐκείνοις
660 5063 856 5134 ἁθρόον
895 5062 1067 5126 ἐλθὸν,
1110 5061 1267 5124 ἄλλος
1309 5061 1545 5130 ἀλλαχοῦ
1587 5061 1796 5130 διατρέ-

225 5177 415 5231 χοντες
445 5155 605 5228 ἦσαν,
633 5157 733 5226 τὴν
761 5156 910 5225 σφῶν
939 5155 1293 5224 ἁλεξήσοντες
1321 5154 1640 5223 ἐκκλησίαν.
1662 5153 1795 5207 Ἰου-

224 5253 366 5305 δαῖοι
407 5250 452 5302 δ’
485 5249 650 5311 εὐθὺς
695 5248 1031 5315 ἐπιθέμενοι,
1077 5248 1358 5299 ἔκτεινον·
1404 5246 1649 5316 ἀλλήλοιν
1697 5247 1794 5316 μὲν

224 5347 554 5415 ἀπεχόμενοι
582 5347 650 5413 τῇ
679 5343 788 5395 τῶν
818 5341 1117 5394 δακτυλίων
1150 5339 1429 5410 περιϐολῇ,
1459 5336 1539 5402 οἷς
1569 5340 1611 5391 δ’
1638 5339 1795 5392 ἐντύ-

223 5455 368 5507 χοιεν
404 5433 753 5505 Χριστιανῶν
788 5431 1161 5501 ἀναιροῦντες.
1189 5429 1344 5482 Ἐπεὶ
1378 5429 1423 5482 δ’
1453 5431 1634 5500 ἡμέρα
1669 5431 1792 5497 ἐγέ-

223 5540 370 5592 νετο,
402 5522 627 5593 ἔκδηλον
656 5524 772 5585 τοῖς
801 5522 1186 5592 είργασμένοις
1213 5521 1272 5573 τὸ
1305 5521 1536 5591 πρᾶγμα
1566 5516 1653 5592 ἦν.
1689 5521 1795 5591 Ζή-

296 5660 373 5730 (l)
414 5659 568 5728 Apud
611 5658 834 5714 Suidam
878 5656 1117 5730 theologi
1142 5657 1360 5730 veteris
1398 5660 1669 5712 sententia
1703 5675 1792 5714 re-

224 5727 478 5803 peritur
522 5730 808 5803 Πολιτικὴν
844 5729 1066 5803 λάρετῂν
1140 5727 1407 5803 ίερωσύνῃ
1480 5731 1790 5803 συνάπτειν,

229 5797 563 5869 συγκλώθειν
595 5802 710 5854 ἐστι
743 5799 807 5852 τὰ
833 5798 1190 5866 άσύγκλωστα
1221 5814 1232 5850 :
1273 5797 1488 5855 ltoc’est
1516 5817 1528 5853 :
1563 5799 1788 5854 Civilem

1903 4627 2094 4664 narunt
2135 4610 2551 4665 denuntiatione
2598 4608 2864 4679 ejusmodi
2911 4607 3116 4674 audita,
3169 4610 3246 4663 illi
3291 4615 3462 4682 magis

1898 4703 2062 4756 etiam
2098 4705 2430 4764 exacerbati,
2465 4701 2726 4771 plurimas
2761 4699 2825 4752 ad
2861 4701 3154 4768 perniciem
3191 4700 3461 4756 Christia-

1897 4793 2540 4862 norumlexcogitaruut
2607 4791 2826 4846 fraudes
2889 4800 2944 4845 et
3005 4791 3457 4847 machinationes.

1896 4885 2136 4952 Quarum
2184 4885 2532 4952 praecipuam,
2570 4883 2837 4951 aliasque,
2869 4893 2929 4936 ιιι
2963 4883 3036 4936 ita
3071 4883 3272 4947 dicam,
3309 4886 3462 4939 mali-

1897 4978 2100 5045 gnitate
2141 4977 2493 5030 excellentem
2548 4981 2690 5043 (qua:
2730 4975 2894 5027 etiam
2939 4974 2995 5028 in
3043 4990 3206 5029 causa
3250 4977 3372 5040 fuit,
3404 4991 3462 5033 ut

1894 5065 2067 5121 Judzei
2098 5064 2424 5117 Alexandria
2474 5066 2823 5131 ejicerentur)
2857 5065 3015 5118 sicuti
3065 5074 3255 5134 potero
3285 5083 3459 5136 expo-

1897 5175 2042 5213 nam.
2084 5158 2218 5211 Natn
2266 5156 2543 5211 communi
2593 5157 2825 5210 concilio
2873 5166 3082 5220 coacto,
3124 5157 3191 5211 de
3221 5159 3372 5228 signo
3403 5169 3457 5215 et

1895 5259 2098 5302 tessera
2129 5247 2271 5299 inter
2294 5260 2353 5300 se
2382 5255 2782 5309 convenerunt,
2815 5258 2873 5299 ut
2901 5250 3275 5317 unusquisque
3305 5251 3454 5304 vide-

1895 5338 2020 5392 licet
2049 5337 2309 5390 aunulum
2345 5352 2375 5390 e
2406 5336 2609 5390 cortice
2653 5337 2859 5391 surculi
2899 5337 3087 5406 palmae
3114 5349 3372 5406 gestaret,
3399 5355 3456 5395 et

1895 5438 2059 5484 noctu
2119 5413 2462 5483 Christianos
2523 5427 2930 5496 aggrederetur.
3006 5429 3240 5483 Proinde
3295 5439 3454 5484 nocte

1895 5521 2167 5592 quadam,
2224 5518 2468 5573 nonnulli
2530 5533 2626 5586 per
2699 5518 2846 5572 urbis
2892 5518 3042 5573 vicos
3098 5518 3456 5588 procedentes

1893 5659 2148 5712 virtutem
2199 5654 2489 5723 episcopali
2545 5653 2810 5709 functioni
2854 5655 3125 5724 applicare
3180 5656 3356 5718 velle,
3393 5671 3456 5711 ea

1896 5731 2223 5804 conjungere
2257 5735 2361 5788 est,
2386 5741 2504 5804 qua.
2543 5726 2684 5778 inter
2706 5741 2763 5780 se
2795 5728 3024 5781 maxime
3058 5735 3248 5782 natura
3287 5726 3453 5782 dissi-

1896 5800 2046 5866 dent,
2074 5810 2128 5852 et
2165 5800 2418 5867 conttecti
2452 5805 2747 5863 nequeunt.
