4250 6440
813 420 831 483 1
845 419 950 484 099

2012 412 2427 472 NICEPIIORI
2471 413 2807 472 CALLISTI

3905 405 4041 472 1100

809 551 1048 597 causam,
1083 543 1139 586 ttt
1164 532 1277 602 ipse
1308 529 1589 583 nominare
1644 529 1801 586 solet.
1840 528 2057 581 initium
2120 527 2375 581 essentia:
2408 535 2444 586 Α
2481 529 2487 577 i

2365 544 2375 577 ε
2408 535 2444 586 Α
2481 527 2746 598 ἐκκλησῗᾳ
2779 529 3140 599 παρέμειναν,
3172 529 3288 582 ἀλλ’
3319 529 3414 582 οὖν
3443 528 3542 598 τὴν
3575 524 3869 592 Ἀρειανῶν
3907 527 4014 590 (εοη

805 627 1016 696 cepisse
1053 639 1158 677 non
1227 621 1372 674 dicat
1411 637 1422 672 :
1459 617 1620 689 465
1663 629 1717 671 ct
1765 616 2028 687 Origenes
2073 616 2275 685 ubiqtte
2319 616 2370 667 itt

804 716 1025 786 scriptis
1055 714 1190 778 suis,
1225 711 1406 766 verbis
1441 710 1662 764 disertis
1703 718 2038 762 coaeternum
2094 707 2241 761 Patri
2281 707 2367 759 Fi-

804 811 935 864 lium
971 821 1093 860 esse
1127 805 1202 872 (ί)
1258 800 1603 873 profiteatur.
1664 801 2039 855 Nihilominus
2095 810 2274 853 tamen
2313 801 2366 853 itt

2479 617 2668 668 σκείαν
2708 618 3011 687 λεληθότως
3071 621 3159 673 ἐπὶ
3215 621 3275 672 τὸ
3304 622 3555 690 κρεῖττον
3605 615 3767 685 δῆθεν
3813 615 4042 682 μετέϐα-

2474 706 2585 760 λον.
2623 709 2829 772 Πολλὰς
2863 712 2970 778 γὰρ
3009 712 3223 780 ’Δρείου
3267 710 3621 782 βλασφημίας
3677 711 3788 770 τοῖς
3820 707 4045 765 οἰκείοις

2474 799 2653 866 λόγοις
2687 803 2999 856 ἀπώσαντο.
3026 802 3280 856 Τοσαῦτα
3314 803 3406 854 καὶ
3442 803 3572 871 περὶ
3603 800 3833 853 τούτων.

803 901 1032 955 eetrlesia
1065 899 1283 952 illorum
1317 904 1762 965 permanserunt,
1809 894 1912 947 nisi
1985 894 2130 962 quod
2198 893 2528 946 Arianorum
2601 894 2920 962 religionem
2953 897 3154 950 sensim
3218 905 3274 951 et
3308 896 3449 949 clam
3482 893 3811 964 corrigendo
3838 893 3892 946 in
3928 907 4045 944 tne-

803 997 908 1050 lius
938 995 1320 1049 traduxerunt.
1357 992 1552 1045 Multas
1579 1007 1814 1061 namque
1846 990 2371 1058 Arii-blasphemias
2412 989 2467 1043 in
2498 989 2654 1044 libris
2683 991 2796 1046 suis
2826 993 3208 1062 repudiarunt.
3249 994 3322 1047 De
3349 993 3436 1047 his
3463 993 3617 1047 satis.

1385 1108 1610 1165 CAPUT
1642 1109 1776 1165 XIV.

809 1210 871 1265 Ut
936 1218 1048 1276 post
1105 1207 1444 1274 Theophilum
1495 1205 1746 1276 Cyrilltts,
1802 1222 1962 1274 nepos
2019 1206 2215 1258 sororis
2256 1205 2368 1273 ejus

877 1281 1059 1343 ﬁlius,
1124 1278 1233 1344 (jus
1291 1281 1463 1328 sedent
1529 1277 1947 1328 Alexandrinam
1999 1281 2063 1327 sit
2120 1291 2366 1326 consecu-

874 1362 993 1411 tus,
1052 1359 1098 1400 ct
1153 1347 1214 1397 de
1243 1345 1549 1399 Judworum
1607 1344 1950 1398 Alexandria:
1978 1345 2238 1398 concitata
2283 1360 2367 1396 se-

872 1423 1088 1473 ditione.

870 1534 1071 1600 Quinto
1098 1530 1393 1585 Theodosii
1422 1530 1635 1598 intperii
1659 1545 1822 1595 anno,
1850 1531 2148 1599 lcthargico
2173 1529 2362 1587 met-bo

803 1637 1086 1693 correptus
1106 1621 1444 1676 Alexandrim
1466 1621 1822 1691 Theophilus,
1845 1623 2189 1690 quindecima
2207 1621 2366 1676 Octo—

804 1719 918 1771 bris
952 1715 1156 1768 mensis
1192 1713 1279 1767 die
1315 1715 1456 1767 diem
1495 1729 1652 1768 suum
1690 1713 1850 1768 obiit.
1885 1714 1953 1768 Et
1985 1730 2108 1767 cum
2150 1714 2213 1766 de
2245 1713 2359 1782 epi-

803 1819 1055 1876 scopattts
1091 1806 1354 1875 petitione
1391 1806 1668 1859 contentio
1707 1815 1899 1859 exorta
1932 1814 2096 1868 esset,
2135 1805 2366 1873 quibus-

3066 1112 3314 1166 ΚΕΦΑΛ.
3353 1110 3452 1167 IA'.

2483 1196 2578 1264 Ὦς
2604 1201 2752 1268 μετὰ
2790 1203 3082 1271 Θεόφιλον
3141 1202 3442 1268 Κύριλλος
3477 1204 3509 1256 ὀ
3546 1201 3918 1271 ἀδελφιδοῦς
3944 1204 4049 1254 αὺ-

2543 1272 2648 1323 τοῦ
2683 1273 2787 1324 τὸν
2816 1271 2924 1338 τῆς
2984 1271 3386 1339 Ἀλεξάνδρου
3438 1275 3658 1336 θρόνον
3707 1274 4041 1336 ἐλίίμσίίνε·

2545 1342 2639 1394 γαί
2673 1343 2803 1407 περὶ
2839 1342 2946 1409 τῆς
2985 1341 3314 1408 γενομένης
3344 1342 3413 1394 ἐν
3452 1341 3876 1408 ’Δηεξανὸρείιι
3931 1340 4048 1393 τῷν

2556 1412 2864 1467 Ἰουδαίων
2896 1414 3192 1478 στάσεως.

2547 1527 2698 1580 Ἔτει
2729 1527 2784 1579 δὲ
2819 1528 3052 1595 πέμπτῳ
3085 1527 3183 1594 τῆς
3215 1525 3493 1577 Θεοδοσίου
3525 1524 3695 1594 ἀρχῆς
3730 1523 3988 1588 Θεόφιλος
4022 1523 4047 1571 ὀ

2485 1617 2893 1687 Ἀλεξανδρείας
2931 1618 3077 1670 τέλει
3117 1619 3210 1671 τοῦ
3243 1617 3359 1686 βίου
3391 1617 3661 1685 ἐχρήσατο
3691 1616 3920 1683 πέμπτη
3952 1619 4048 1664 καὶ

2472 1713 2675 1780 δεκάτῃ
2710 1709 3040 1778 Ὀκτωερίου
3076 1713 3264 1780 μηνός.
3297 1709 3408 1776 Τῆς
3439 1707 3482 1760 δ’
3507 1709 3812 1775 ἐπισκοπῆς
3846 1708 4052 1774 ἐπιμα-

2474 1819 2569 1870 χου
2599 1801 2997 1870 γεγενημένης,
3025 1803 3137 1862 τοῖς
3169 1799 3268 1868 μὲν
3297 1800 3468 1853 ἐδόκει
3498 1798 3760 1867 Τιμόθεόν
3787 1815 3910 1849 τινα
3940 1815 4050 1866 χει-

803 1875 923 1956 datn
956 1899 1223 1967 placebat,
1256 1907 1313 1951 ut
1346 1896 1664 1951 Timotheus
1693 1897 1935 1966 quidam,
1969 1897 2062 1966 qui
2093 1897 2367 1950 archidia-
2404 1875 2445 1929 Β
2476 1916 2481 1962 ι

2404 1875 2445 1929 Β
2476 1893 2750 1962 ροτονεῖν.
2815 1892 2872 1955 ὃς
2924 1892 3299 1961 ἀρχιδιακονος
3348 1891 3446 1956 τῆς
3497 1891 3684 1943 ἐκεῖσε
3741 1890 4048 1958 ἐκκλησίας

805 2007 974 2044 conus
1006 1993 1123 2060 ejus
1160 1989 1409 2043 ecclesia:
1445 1997 1582 2048 erat,
1615 1989 1906 2057 episcopus
1940 1989 2242 2056 legeretur;
2277 1989 2368 2042 alii

803 2082 1004 2151 erillo
1043 2080 1210 2149 magis
1245 2080 1519 2142 favebant,
1551 2082 1644 2148 qui
1683 2072 1972 2148 Theophili
2008 2079 2192 2133 fratris
2226 2081 2368 2134 filius

805 2181 958 2236 erat,
1008 2172 1468 2241 profanarumque
1516 2173 1676 2226 simul
1721 2184 1775 2227 ct
1830 2188 2107 2228 sacrarunt
2158 2175 2367 2228 littera-

806 2261 1146 2330 rttnrperitia
1173 2262 1355 2314 multis
1379 2261 1553 2315 modis
1581 2277 1772 2315 omnes
1793 2263 2116 2330 superabat:
2149 2264 2368 2318 virtutis

802 2355 965 2406 etiam
1001 2367 1202 2422 genere
1238 2355 1408 2413 omni,
1443 2352 1499 2405 itt
1529 2354 1769 2421 qualibet
1799 2353 2016 2407 laudem
2056 2365 2109 2408 et
2139 2354 2365 2422 gloriam

805 2453 1136 2498 consecutus
1160 2483 1173 2506 ,
1205 2442 1510 2498 excellebat
1539 2461 1550 2496 :
1597 2442 1754 2509 cujus
1782 2443 1846 2494 ad
1877 2443 1990 2496 haec
2028 2457 2195 2509 usque
2230 2451 2367 2495 tem-

807 2550 935 2604 pora
961 2534 1160 2602 scripta
1189 2533 1420 2603 plurima
1448 2533 1931 2597 circumferuntur,
1956 2548 2186 2601 quorum
2210 2533 2369 2600 longe

805 2629 1072 2693 optimum
1108 2633 1210 2688 est,
1243 2624 1388 2692 quod
1424 2624 1709 2677 Tltesauros
1745 2625 2060 2693 inscripsit,
2093 2639 2158 2677 ex
2194 2623 2371 2676 omni-

807 2721 910 2772 bus
945 2731 1226 2770 sacrarum
1261 2715 1592 2768 Litterarum
1630 2715 1848 2782 scriptis
1873 2753 1886 2777 ,
1930 2715 2367 2783 syllogismorum

807 2808 1321 2864 ratiocinationibus
1359 2817 1414 2861 et
1449 2806 2015 2861 demonstrationibus
2048 2805 2367 2875 mysterium

807 2912 1010 2957 sancta:
1038 2900 1324 2954 Trinitatis
1356 2901 1673 2954 ostendens.
1707 2899 1863 2952 Aliud
1901 2909 2182 2966 praeterea,
2212 2899 2370 2967 cujus

810 2994 998 3047 titulus
1033 3002 1118 3046 est
1151 2992 1219 3043 τὰ
1253 2991 1535 3060 Γλαφορὰ,
1569 2993 1673 3044 hoc
1708 3001 1809 3056 est,
1848 2991 1983 3044 scita
2022 3006 2116 3043 seu
2149 2990 2367 3059 elegan-

808 3086 900 3147 tia,
941 3086 995 3137 in
1028 3099 1137 3153 quo
1165 3097 1229 3138 ea
1260 3098 1380 3151 qua:
1410 3083 1463 3136 in
1498 3082 1778 3135 veteribus
1808 3081 2106 3149 Scripturis
2140 3081 2367 3150 figurate

808 3177 948 3229 dicta
981 3186 1139 3239 sunt,
1182 3175 1247 3228 ad
1280 3174 1557 3229 Christum
1599 3182 1653 3227 et
1680 3173 1978 3228 Ecclesiam
2008 3181 2250 3226 nostram
2287 3187 2370 3225 re—
2399 3204 2442 3263 ε

809 3271 934 3323 fert.
976 3268 1141 3322 Liber
1175 3269 1304 3322 item
1337 3268 1498 3331 alius,
1533 3266 1625 3335 qui
1661 3265 1735 3317 De
1769 3266 2039 3334 spirituali
2067 3265 2210 3317 cultu
2242 3265 2373 3318 titu-

809 3361 921 3414 lum
956 3359 1139 3413 habet.
1176 3360 1328 3412 Alius
1358 3359 1519 3412 etiam
1554 3359 1634 3410 Ad
1681 3357 1988 3410 Palladium
2013 3396 2026 3419 ,
2072 3357 2126 3409 in
2158 3356 2372 3424 dialogo

810 3467 908 3520 pro
936 3453 1138 3519 Spiritu
1164 3460 1355 3504 saneto
1384 3447 1916 3518 compositus.‘.Alitts
1942 3448 2186 3516 insuper,
2211 3462 2371 3515 quem

812 3554 1001 3597 contra
1040 3543 1316 3597 lulianum
1357 3557 1456 3611 pro
1491 3555 1649 3595 sacro
1691 3539 1985 3608 Evangelio
2019 3538 2370 3606 conscripsit.

810 3635 915 3688 Alii
959 3634 1194 3702 denique
1229 3635 1432 3702 plures,
1467 3642 1627 3700 atque
1673 3631 1839 3685 etiam
1885 3630 2152 3699 epistolae.
2185 3630 2373 3694 Qualis

810 3737 990 3780 autem
1023 3727 1065 3780 is
1095 3727 1178 3779 vir
1212 3725 1406 3790 fuerit,
1438 3740 1561 3778 cum
1594 3736 1681 3776 res
1720 3721 1956 3776 Nestorii
1991 3731 2047 3774 et
2081 3721 2254 3774 tertiae
2285 3737 2373 3789 sy-

812 3817 938 3868 nodi
977 3829 1405 3884 persequemur,
1442 3813 1574 3868 satis
1609 3812 1858 3880 liquebit.
1898 3812 2188 3865 Enimvero
2224 3811 2374 3864 sedi-

815 3912 961 3963 tione
1036 3910 1088 3961 in
1159 3907 1357 3976 pepulo
1425 3906 1490 3959 de
1555 3904 1800 3973 episcopi
1867 3903 2137 3956 electione
2203 3912 2370 3964 ntota,

813 3998 1088 4053 Timothei
1138 3997 1393 4068 partibus
1450 4012 1558 4051 non
1621 4009 1813 4063 parum
1877 3995 2136 4048 momenti
2193 3993 2374 4046 attulit

812 4089 1230 4152 Abundantius,
1285 4087 1378 4157 qui
1429 4096 1541 4139 tum
1590 4085 1905 4138 militarium
1959 4085 2212 4139 ordinum
2264 4086 2372 4138 dux

812 4193 949 4235 erat.
988 4181 1174 4234 Tertio
1205 4195 1332 4233 vero
1368 4179 1474 4242 die,
1510 4187 1630 4246 post
1661 4177 1948 4246 Theophili
1984 4177 2194 4231 scilicet
2223 4193 2374 4230 mor-

815 4289 943 4334 tem,
969 4274 1133 4326 factio
1159 4271 1328 4325 altera
1353 4286 1471 4340 quae
1491 4269 1754 4338 Cyrillum
1785 4269 2186 4338 designarerat,
2211 4269 2370 4323 vicit:

813 4377 866 4418 et
903 4365 967 4418 ad
1007 4362 1626 4432 episcopatmsmztajore
1662 4359 1825 4425 fastu,
1867 4362 2224 4429 profanorum
2259 4377 2376 4414 ma-

814 4463 1136 4527 gistratuum
1187 4454 1339 4508 mo'r'e
1363 4492 1376 4516 ,
1421 4453 1676 4522 Cyrillus,
1708 4467 1869 4520 quant
1903 4455 2215 4505 deccssores
2258 4453 2375 4522 ejus

2471 1989 2768 2059 ἐτύγχανεν
2802 1989 2876 2042 ὧν
2902 2006 2917 2022 ο
2951 1990 3000 2041 οί
3035 1989 3091 2041 δὲ
3129 1987 3382 2057 Κυρίλλῳ
3420 1987 3625 2056 μᾶλλον
3661 1988 4044 2055 προσέκειντο,

2469 2080 2526 2142 ὃς
2553 2081 2869 2146 ἀδελφιδοῖς
2899 2081 2994 2149 μὲν
3018 2076 3086 2151 ἦν
3113 2080 3392 2147 Θεοφίλου,
3419 2081 3486 2148 τῇ
3514 2079 3570 2131 δέ
3597 2078 3888 2147 Ἑλληνικῇ
3924 2094 4050 2128 παι·

2469 2174 2587 2244 δείᾳ
2614 2176 2706 2228 καὶ
2733 2177 2844 2236 τοῖς
2871 2175 2996 2228 καθ’
3023 2177 3167 2244 ἡμᾶς
3195 2174 3377 2241 λόγοις
3404 2171 3584 2241 πολλῷ
3607 2171 3681 2240 τῷ
3715 2172 3904 2240 μέτρῳ
3929 2172 4046 2223 δια-

2471 2268 2744 2334 φερόντως
2779 2268 2986 2328 πάντας
3021 2266 3205 2318 ἐνίκα·
3237 2268 3406 2335 ἀρετῇ
3441 2265 3483 2317 δ’
3511 2265 3700 2334 ἁπάσῃ
3735 2263 4049 2331 πιςοέφερεν

2471 2355 2558 2422 ἐφ’
2593 2357 2798 2427 ἑκαστῃ
2853 2355 3280 2426 κληρωσάμενος
3334 2356 3394 2408 τὸ
3444 2355 3775 2422 εὐδόκιμον·
3833 2346 3896 2405 οὗ
3952 2355 4048 2405 καὶ

2473 2447 2889 2516 συγγράμματα
2919 2446 3145 2500 πλεῖστα
3176 2447 3231 2510 ἐς
3261 2447 3419 2516 δεῦρο
3451 2446 3784 2514 ἐμφέρεται,
3814 2438 3889 2497 ὧν
3922 2444 4048 2513 ἄρι-

2473 2553 2634 2602 στον,
2666 2538 2693 2590 ὃ
2729 2539 3084 2605 Θησαυροὺς
3118 2538 3431 2607 ὠνόμασεν,
3466 2540 3523 2604 ἐξ
3562 2540 3780 2604 ἁπάσης
3818 2538 4047 2607 Γραφῆς

2472 2630 2752 2699 θειοτέρας
2791 2631 3117 2691 ἀποδεικνὺς
3163 2630 3595 2698 συ).λογιστικαίς
3632 2632 3946 2696 ἀποδείξεσι
3990 2632 4050 2682 τὸ

2470 2720 2567 2788 τῆς
2601 2721 2762 2788 ἁγίας
2796 2721 3025 2790 Τριάδος
3065 2723 3386 2790 μυστήριον.
3418 2723 3582 2774 Ἀλλο
3617 2724 3710 2777 ἐπὶ
3743 2723 3944 2791 τούτῳ,
3982 2722 4053 2775 τὰ

2471 2813 2796 2880 Γλαὲντυράι
2835 2814 2903 2865 τά
2933 2815 3034 2881 τῆς
3074 2813 3308 2877 παλαιᾶς
3347 2815 3568 2882 Γραφῆς
3603 2815 3852 2876 τυπικῶς
3893 2816 4053 2883 εἰρη-

2475 2907 2632 2974 μένα,
2679 2906 2758 2965 είς
2806 2906 3041 2973 Χριστὸν
3090 2907 3185 2960 καὶ
3230 2909 3328 2976 τὴν
3377 2905 3674 2975 καθ’ήμᾶς
3713 2907 4053 2974 Ἐκκλησίαν

2471 2992 2690 3058 ἀνάγον.
2721 2992 2955 3061 Ἕτερον
2994 2991 3228 3060 βιὸλὶον,
3265 2994 3293 3045 ὃ
3327 2995 3464 3060 Περὶ
3501 2994 3610 3059 τῆς
3647 2995 3717 3045 ἐν
3751 2997 4055 3063 πνεύματι

2470 3086 2752 3151 ,λατρείας
2799 3085 2897 3154 τὴν
2945 3086 3257 3154 ἐπιγραφὴν
3305 3085 3437 3154 ἔχει.
3490 3085 3565 3138 Τὰ
3613 3086 3762 3152 πρὸς
3808 3087 4059 3140 "aitd-

2473 3175 2633 3239 διον,
2671 3177 2892 3246 ἕτερον,
2929 3177 3257 3244 διαλογικῶς
3293 3179 3545 3230 συντεθὲν
3585 3178 3722 3246 ὑπὲρ
3759 3179 3853 3230 τοῦ
3896 3180 4057 3245 ἁγίου

2476 3268 2792 3336 Πνεύματος
2817 3285 2830 3299 ·
2869 3271 2964 3322 καὶ
3001 3270 3028 3320 ὃ
3069 3271 3208 3322 κατὰ
3247 3270 3540 3323 Ἰουλιανοῦ
3583 3271 3723 3339 ὑπὲρ
3761 3272 3855 3323 τοῦ
3905 3273 4058 3340 ίεροῦ

2473 3362 2808 3428 Εὑαγγελὶου
2847 3363 3158 3425 συνέταξεν.
3195 3365 3300 3415 Καὶ
3333 3363 3468 3414 ἄλλα
3505 3365 3596 3416 ἐπὶ
3629 3364 3842 3426 τούτοις
3879 3366 4060 3416 πολλὰ

2473 3451 2571 3502 καὶ
2604 3450 2905 3504 ἐπιστολαί.
2941 3450 3114 3513 Δείξει
3149 3451 3206 3502 δὲ
3242 3444 3352 3511 οἷος
3389 3450 3529 3520 ἀνὴρ
3556 3491 3570 3515 ,
3606 3453 3771 3518 ἡνίκα
3804 3453 4061 3519 διέξιμεν

2473 3541 2542 3592 τὰ
2573 3541 2712 3592 κατὰ
2743 3541 3038 3610 Nsce-69:01
3067 3541 3160 3593 καὶ
3189 3542 3287 3610 τὴν
3315 3542 3508 3611 τρίτην
3540 3543 3778 3596 σύνοδον.
3813 3544 3907 3613 Τῷ
3937 3549 4058 3599 τότε

2473 3631 2529 3683 δὲ
2563 3632 2806 3692 στάσεως
2839 3632 3138 3702 γενομένης
3169 3632 3246 3700 τῷ
3279 3633 3436 3702 δήμῳ
3470 3635 3601 3704 περὶ
3631 3635 3898 3704 ἐπιλογῆς
3933 3641 4059 3688 ἐπι-

2478 3724 2713 3787 σκόπου,
2743 3723 2820 3793 τῷ
2854 3724 3011 3792 μέρει
3044 3725 3313 3791 Τιμοθέου
3344 3725 3404 3776 οὐ
3439 3727 3643 3795 μικρὰν
3671 3727 3843 3778 ἐδίδου
3884 3729 4058 3798 ῥοπὴν

2487 3813 2887 3877 ’Δῦουνδάντιος
2904 3818 2931 3866 ὁ
2955 3816 3254 3882 τηνικαῦτα
3278 3815 3383 3868 τῶν
3408 3819 3818 3886 στρατιωτικῶν
3844 3825 4061 3887 ταγμά-

2474 3922 2582 3958 των
2630 3906 2955 3972 ἡγούμενος.
3004 3908 3156 3960 Μετὰ
3210 3906 3267 3959 δὲ
3318 3907 3512 3976 τρίτη-ο
3560 3909 3774 3977 ἡμέραν
3829 3909 4060 3980 θάτερον

2475 3998 2632 4051 ἐνίκα
2666 4000 2855 4068 μέρος,
2883 4000 2910 4052 δ
2941 4000 3030 4052 τδν
3063 3999 3334 4070 Κύριλλον
3365 4001 3673 4068 ἐπελέγετο.
3707 4003 3819 4053 Καὶ
3853 4005 4060 4072 στρ-,ἧὶ,-

2477 4089 2566 4143 θεν
2604 4093 2696 4142 ἐπὶ
2728 4090 2827 4160 τὴν
2864 4092 3166 4160 ἐπισκοπὴν
3203 4092 3576 4162 ἀρχικώτερον
3614 4092 3885 4163 Κύριλλος
3935 4096 3968 4165 ἢ
4015 4096 4060 4147 οί

2477 4183 2584 4253 πρὸ
2620 4182 2784 4234 αὑτοῦ
2824 4183 2987 4251 ἱερεῖς
3016 4199 3029 4211 ο
3065 4181 3140 4243 ὡς
3177 4184 3383 4235 ἐκεῖθεν
3419 4185 3512 4235 καὶ
3549 4185 3724 4254 ἀρχὴν
3762 4187 4056 4253 εἰληφέναι

2475 4271 2574 4340 τὴν
2609 4271 2906 4338 ἐκκλησίαν
2929 4311 2942 4334 ,
2980 4272 3072 4323 καὶ
3106 4273 3213 4323 τῶν
3249 4275 3592 4341 πραγμάτων
3642 4276 3850 4344 μᾶλλον
3907 4280 4059 4331 ἀντι·

2478 4363 2772 4417 ποιεῖσθαι.
2801 4364 2973 4426 Εὐθὺς
3000 4364 3054 4416 δὲ
3084 4364 3346 4433 Κύριλλος
3377 4366 3628 4435 οὐδεμίαν
3652 4369 3761 4418 τῶν
3785 4371 4062 4438 αἱρέσεων

2479 4455 2571 4506 ἐπὶ
2603 4453 2698 4522 τῆς
2735 4453 3084 4523 Ἀλεξάνδρου
3132 4456 3609 4525 παρρησιάζεσθαι
3653 4461 3840 4515 εἴασεν
3868 4479 3880 4490 ·
3923 4465 4063 4516 ἀλλά

815 4549 1094 4619 episcopi,
1139 4561 1460 4616 progressus
1488 4553 1590 4598 est.
1625 4543 1788 4614 466
1812 4543 1964 4598 Unde
1994 4543 2130 4597 adeo
2160 4543 2376 4597 initium
2410 4533 2456 4591 ο
2484 4562 2493 4595 :

2410 4533 2456 4591 ο
2484 4547 2574 4596 καὶ
2604 4544 2663 4596 τὸ
2694 4544 2958 4598 Ἰουδαίων
2989 4546 3137 4608 ἔθνος
3170 4548 3378 4599 ἐκεῖθεν
3408 4547 3578 4617 ἦλασε
3607 4554 3867 4619 τοιαύτης
3903 4570 4063 4621 γεγε-

817 4651 1092 4709 sumptum
1125 4648 1210 4693 est
1242 4639 1296 4690 itt
1329 4637 1572 4690 Ecclesia
1605 4636 1968 4689 Alexandrina
1990 4676 2004 4699 ,
2048 4645 2106 4688 ut
2133 4636 2375 4704 episcopi

818 4734 987 4803 magis
1017 4733 1181 4785 etiam
1227 4731 1450 4801 profana
1493 4729 1708 4797 negotia
1755 4737 2034 4780 curarent.
2074 4729 2243 4780 Porro
2275 4727 2376 4798 Cy-

817 4830 970 4883 rillus
994 4829 1105 4898 jam
1134 4827 1256 4880 inde
1283 4842 1308 4878 a
1336 4824 1606 4894 principio
1633 4824 1879 4877 lt;.l'l'CSilll
1912 4823 2114 4876 nullam
2143 4824 2376 4875 Alexan-

817 4920 952 4974 dria:
1003 4918 1213 4988 publice
1265 4918 1370 4970 eoli
1419 4930 1611 4984 passus
1661 4923 1763 4970 est.
1806 4914 2115 4968 Judzeorum
2162 4928 2380 4982 quoque

818 5025 1032 5084 gentettt
1087 5010 1213 5064 inde
1261 5009 1331 5062 ob
1394 5006 1664 5078 ejusmodi
1713 5020 1932 5059 causam
1984 5007 2181 5074 exegit.
2241 5005 2376 5059 Cum

819 5105 1013 5172 vulgus
1046 5117 1230 5164 omne,
1265 5109 1323 5153 ut
1347 5101 1400 5152 in
1435 5113 1649 5154 summa
1675 5098 1877 5161 dicam,
1913 5096 2233 5151 seditiosum
2274 5108 2377 5160 est,

818 5197 1189 5263 facillimeqtte
1249 5193 1313 5245 ad
1377 5192 1646 5245 tumultus
1703 5190 1929 5244 bellicos
1987 5198 2377 5257 permovetur:

821 5298 934 5339 tum
971 5284 1371 5338 Alexandrinus
1406 5284 1642 5351 p0pttlus
1676 5281 1757 5337 eis
1798 5281 2031 5333 maxime
2063 5280 2290 5348 gaudet,
2327 5291 2381 5333 et

823 5377 1078 5446 proclivis
1102 5376 1167 5429 ad
1200 5374 1388 5427 turbas
1413 5382 1496 5427 est
1519 5391 1532 5426 :
1559 5388 1621 5426 ac
1646 5373 1689 5426 si
1716 5372 1968 5441 exiguam
1998 5373 2190 5426 saltem
2223 5386 2383 5424 occa-

823 5469 1030 5523 sionem
1065 5466 1379 5536 arripuerit,
1413 5465 1558 5518 illico
1586 5465 1902 5518 accenditur
1929 5483 1941 5517 :
1973 5480 2075 5518 uec
2100 5465 2251 5534 prius
2286 5465 2380 5518 ab-

826 5557 1002 5622 sistit,
1038 5572 1199 5625 quam
1233 5554 1598 5609 intolerabilia
1631 5553 1898 5609 deciderit
1928 5557 2066 5608 mala
2095 5572 2108 5608 :
2151 5566 2204 5609 et
2242 5556 2379 5608 citra

827 5649 1142 5719 sanguinem
1176 5649 1352 5702 lusum
1385 5664 1490 5700 non
1522 5647 1680 5700 facile
1710 5647 1891 5701 dirimi
1929 5657 2092 5716 atque
2122 5650 2376 5717 componi

902 5830 977 5900 (Ι)
1023 5827 1336 5883 Secundum
1372 5827 1660 5895 Origettcm
1708 5826 1874 5879 Filius
1916 5825 2056 5878 Patri
2100 5827 2386 5889 συναῖδιος.

2486 4638 2722 4705 νημένης
2754 4636 2955 4698 αἰτίας.
2991 4638 3102 4690 Καὶ
3133 4639 3240 4698 πᾶς
3275 4639 3372 4706 μὲν
3406 4639 3604 4708 δῆμος,
3636 4641 3710 4704 ὡς
3744 4642 3955 4696 ἐπίπαν
3990 4649 4063 4698 εἰ-

2487 4731 2628 4790 πεῖν,
2652 4729 2946 4797 στασιώδης
2973 4731 3069 4781 καὶ
3093 4732 3229 4799 πρδς
3254 4731 3436 4801 μάχην
3459 4735 3632 4802 ῥᾷστα
3656 4741 4025 4805 κεκινημένος
4045 4755 4058 4766 ⁸

2488 4819 2669 4888 πολλῷ
2714 4821 2770 4872 δέ
2813 4821 3008 4888 μᾶλλον
3049 4823 3076 4873 ὁ
3113 4823 3211 4891 τῆς
3247 4823 3597 4894 Ἀλεξάνδρου
3639 4831 3754 4889 τοῖς
3794 4830 4063 4893 τοιούτοις

2492 4913 2724 4981 μάλιστα
2756 4914 2956 4981 χαίρει,
2988 4915 3083 4966 καὶ
3115 4915 3342 4984 ἑτοίμως
3372 4916 3484 4986 ἔχει
3519 4919 3650 4986 πρδς
3680 4919 3876 4974 ταῦτα.
3915 4925 3982 4975 ΕΞ
4012 4926 4066 4976 δὲ

2484 5006 2578 5056 καὶ
2612 5006 2852 5075 σμικρᾶς
2883 5023 3024 5066 τινος
3055 5008 3313 5077 ἀφορμῆς
3343 5010 3657 5064 ἐπιλάὸοιτο
3679 5051 3693 5072 ,
3731 5013 3898 5076 εὐθυς
3936 5015 4067 5067 ἀνά-

2483 5114 2715 5150 πτεται·
2761 5100 2854 5151 καὶ
2898 5100 2997 5151 οὐκ
3043 5099 3108 5153 ἂν
3153 5103 3420 5170 πρότερον
3466 5105 3757 5172 ἀποσταίη,
3806 5108 3944 5172 πρὶν
3988 5113 4067 5170 εἰς

2484 5185 2734 5257 ἀφόρητα
2764 5191 3154 5260 περιελαθῆναι
3187 5195 3335 5246 κακά
3362 5210 3374 5222 ·
3408 5196 3502 5248 καὶ
3532 5199 3661 5250 ἄνευ
3696 5201 3934 5267 αἵματος
3970 5203 4069 5254 οὐκ

2487 5282 2551 5336 ἂν
2590 5285 2784 5352 ρᾳῦίως
2826 5283 3156 5355 διακριθείη.
3199 5287 3520 5352 Ἐστασίαζε
3567 5291 3664 5358 μὲν
3702 5292 3795 5346 οὖν
3832 5296 3973 5347 αὐτὸ
4008 5297 4065 5347 τὸ

2489 5374 2692 5442 πλῆθος
2725 5376 2860 5445 πρὸς
2891 5377 3050 5428 ἑαυτὸ
3079 5380 3139 5431 οὐ
3166 5379 3253 5434 διά
3281 5397 3332 5432 τι
3363 5382 3692 5450 ἐπάναγκες,
3721 5386 3861 5438 ἀλλὰ
3889 5387 3984 5441 διὰ
4010 5391 4066 5441 τὸ

2489 5465 2789 5533 τηνικαῦτα
2819 5468 3004 5537 σχεδὸν
3033 5471 3182 5543 πάσῃ
3211 5472 3361 5524 πόλει
3391 5475 3733 5528 ἐπιπολάσαν
3759 5480 3959 5533 κακᾶν.
3989 5481 4058 5534 Τὸ

2487 5559 2542 5611 δὲ
2574 5555 2672 5628 ἦν,
2708 5559 2864 5612 πάντ’
2890 5562 3194 5630 ἀφεμένους
3214 5603 3227 5626 ,
3261 5566 3442 5618 πᾶσαν
3473 5571 3602 5636 περὶ
3632 5569 3754 5630 τοὺς
3786 5569 4063 5641 ὀρχηστὰς

2491 5652 2758 5707 ποιεῖσθαι
2800 5655 3057 5726 σπουδήν.
3098 5656 3220 5711 Ἐπὶ
3260 5659 3442 5727 μέντοι
3482 5658 3744 5729 Σαϐϐάτῳ
3783 5663 3975 5716 πλεῖον
4009 5665 4063 5716 τὺ
