4250 6440
232 401 372 474 1101

1127 403 1719 466 ΕεΟιΕΞΙΑΞΤΙΕιΕ
1756 403 2142 465 HISTORIA!
2185 404 2326 464 LIB.
2367 402 2518 464 XIV.

3331 403 3464 463 1192

221 521 463 592 θέατρον
510 523 620 584 τοῖς
669 515 966 592 ὀρχησταῖς
1015 526 1386 594 σῦνηγείρετο,
1438 522 1532 576 ac;
1579 523 1642 590 δὴ
1690 523 1795 574 τῶν
1829 531 1868 584 Α

1785 543 1795 570 ρ
1829 531 1868 584 Α
1901 532 2106 575 motum
2141 521 2363 590 patitur.
2405 521 2586 588 Itaque
2632 517 2924 572 multitudo
2972 517 3290 570 tumultuari
3324 527 3463 571 mter

234 609 517 663 Ἰουδαίων
547 611 607 662 ού
643 610 778 679 πρὸς
812 611 912 681 τὴν
944 611 1036 664 τοῦ
1071 613 1235 680 νόμου
1272 614 1533 682 ἀκρόασιν
1566 614 1661 682 τὴν
1698 614 1792 682 άρ-

220 702 356 767 γίαν
388 703 837 774 καταχρωμένων
858 745 871 768 ,
906 703 1040 757 ἀλλὰ
1068 703 1128 756 τδ
1158 706 1268 766 τοῖς
1303 704 1552 774 θεάτροις
1593 706 1791 774 μᾶλλον

222 794 662 865 ὲνασχολεῖσθαι.
698 796 798 850 Διά
827 814 907 850 τοι
937 796 1095 849 τοῦτο
1125 796 1218 849 καὶ
1248 797 1519 866 ἐπίμαχος
1550 800 1580 867 ἡ
1614 801 1792 867 ἡμέρα

222 886 370 955 αὕτη
399 889 512 948 τοῖς
540 886 634 940 τοῦ
669 888 844 957 δήμου
882 888 1177 940 καθίστατο
1213 888 1405 958 μέρεσι
1431 903 1444 917 ⁸
1482 890 1576 941 καὶ
1604 890 1792 940 τούτου

222 981 394 1050 χάριν
433 980 534 1032 ὑπὸ
570 980 663 1032 τοῦ
700 979 799 1050 τῆς
831 979 1236 1051 Ἀλεξανδρείας
1275 980 1516 1062 ἐπάρχοιι
1554 983 1610 1033 ἐν
1647 982 1795 1044 τάξει

225 1073 642 1136 καταστάντος,
692 1073 741 1124 ot
780 1073 1018 1126 Ἰουδαῖοι
1069 1073 1219 1125 οὐδὲν
1268 1068 1429 1143 ἦττον
1479 1073 1795 1136 ἐπέκειντο,

226 1163 446 1234 θατέρῳ
481 1165 590 1215 τῶν
625 1163 810 1234 μερῶν
840 1164 1029 1233 ῶσπερ
1067 1163 1512 1226 άντιπαθοῦντος.
1545 1163 1657 1214 Ἀεὶ
1700 1163 1799 1231 μὲν

225 1252 326 1308 οὖν
354 1256 611 1325 πολέμιον
640 1255 796 1308 τοῦτο
825 1255 885 1306 τὸ
917 1255 1081 1320 φῦλον
1110 1256 1453 1322 Χριστιανοῖς
1473 1295 1488 1316 ,
1523 1255 1616 1307 καὶ
1646 1255 1799 1306 εύσε-

227 1346 346 1398 δεῖν
376 1346 871 1412 ἀναπεπεισμένον,
904 1345 971 1414 ἢν
996 1347 1074 1398 ὅτι
1107 1346 1360 1398 πλεῖστον
1387 1347 1562 1398 αἴτιον
1590 1346 1799 1411 γένοιτο

229 1440 400 1490 κακόν
428 1455 478 1490 τι
512 1440 744 1506 πάσχειν
775 1440 923 1508 ἡμᾶς
950 1455 961 1468 ο
995 1438 1115 1490 τότε
1148 1438 1202 1489 δὲ
1235 1439 1327 1490 καὶ
1358 1438 1558 1507 μᾶλλον
1588 1439 1673 1490 διὰ
1702 1438 1801 1504 τὴν

229 1530 535 1598 εἰρημένην
574 1530 753 1580 αἰτίαν
790 1529 898 1579 τῶν
933 1527 1216 1597 ὀρχηστῶν
1257 1530 1349 1580 καὶ
1387 1529 1638 1580 πλεῖστον
1683 1527 1801 1580 καθ’

234 1621 447 1675 ἑαυτῶν
482 1617 621 1691 ἦσαν
659 1619 1201 1688 ἐκπεπολεμωμένοι.
1245 1621 1350 1670 Καὶ
1389 1619 1449 1688 δή
1489 1637 1605 1670 τινα
1647 1619 1799 1671 πολι·

228 1711 380 1761 τείαν
412 1708 839 1778 πρυτανεύοντος
861 1708 1115 1772 Ὀρέστου
1143 1706 1236 1758 τοῦ
1266 1708 1364 1774 τῆς
1387 1707 1800 1774 Ἀλεξανδρείας

231 1801 481 1871 ἐπάρχου
513 1801 589 1868 τῷ
622 1799 778 1867 δήμῳ
812 1798 991 1867 (οὕτω
1023 1799 1130 1866 γὰρ
1165 1799 1353 1861 εἰωθὸς
1387 1798 1676 1867 ὀνομάζειν
1706 1797 1804 1858 τὰς

1903 625 1961 665 se
2011 612 2202 679 coepit,
2252 626 2359 664 non
2409 608 2730 664 necessitate
2781 607 3035 677 quapiam
3073 607 3329 671 abducta,
3367 608 3463 662 sed

1905 713 2126 773 propter
2156 719 2497 757 communem
2522 744 2534 764 ,
2575 718 2694 772 qure
2729 711 2841 754 tum
2878 716 3067 755 oumes
3098 716 3264 770 prope
3297 702 3463 756 urbes

1906 795 2198 855 invaserat.
2235 796 2619 848 calamitatem.
2658 794 2884 848 Relictis
2908 795 3118 848 scilicet
3145 794 3311 848 rebus
3341 809 3461 848 om-

1906 885 2104 948 nibus,
2153 884 2394 938 studium
2445 899 2605 939 omne
2657 885 2709 938 in
2769 884 3084 938 saltatorum
3141 883 3468 953 spectaculis

1908 976 2205 1041 ponebant.
2237 975 2458 1030 Sabbati
2490 977 2578 1030 die
2609 978 2660 1033 in
2687 978 2902 1032 theatro
2933 975 2997 1029 ad
3029 976 3314 1030 saltatores
3344 991 3469 1047 spe-

1907 1068 2133 1122 ctandos
2155 1068 2554 1138 frequentiores
2577 1066 2944 1124 convenerant
2968 1069 3240 1134 homines,
3264 1068 3467 1125 ludatis

1909 1159 2169 1222 nimirum
2191 1161 2302 1212 otio
2327 1175 2434 1212 non
2461 1158 2526 1212 ad
2547 1160 2720 1229 legem
2744 1160 3068 1214 audiendam
3093 1159 3468 1220 abutentibus,

1911 1246 2005 1300 scd
2033 1247 2085 1300 in
2114 1250 2422 1317 spectacula
2460 1251 2637 1317 potius
2697 1250 3162 1305 incumbentibus.
3195 1253 3366 1318 Quam
3401 1253 3470 1306 oh

1909 1353 2131 1392 causam
2163 1355 2229 1395 eo
2260 1341 2349 1395 die
2377 1343 2548 1411 major
2576 1342 2718 1395 inter
2748 1343 2929 1412 pepuli
2964 1345 3230 1399 [actiones
3259 1348 3471 1400 evstitit

1913 1445 2110 1498 pugna.
2167 1431 2233 1485 Et
2277 1433 2527 1501 quamvis
2578 1434 2695 1502 ejus
2743 1434 2816 1486 rei
2870 1434 3042 1502 gratia
3093 1434 3473 1492 Alexandrina:

1915 1519 2068 1572 urbis
2121 1521 2441 1586 pra-fectus,
2493 1537 2618 1576 cum
2667 1523 2928 1576 instructa
2977 1524 3204 1578 cohorte
3253 1541 3350 1580 sua
3397 1527 3471 1579 ihi

1912 1612 2172 1676 adesset,
2239 1614 2593 1668 nihilominus
2639 1625 2816 1669 tamen
2865 1616 3034 1670 Judaei
3086 1617 3469 1679 imminebant,

1911 1702 2076 1755 veluti
2130 1703 2284 1776 alteri
2341 1703 2564 1758 factioni
2632 1707 2968 1761 resistentes.
3022 1708 3265 1774 Quorum
3319 1709 3471 1763 natio

1910 1809 2034 1846 cum
2087 1794 2277 1848 infesta
2317 1811 2531 1865 semper
2576 1797 2903 1850 Christianis
2932 1808 3052 1861 est,
3101 1800 3471 1869 pietatemque

228 1893 538 1961 δημοτικὰς
587 1891 1029 1959 διατυπώσεις),
1078 1891 1330 1960 παρῆσαν
1371 1893 1466 1942 καὶ
1509 1893 1625 1942 ὅσοι
1672 1893 1801 1960 περὶ
1835 1891 1906 1950 Βὲ

1793 1912 1801 1942 .
1835 1891 1874 1950 ῃ
1904 1898 1962 1937 se
2004 1894 2262 1952 praestare
2302 1887 2413 1940 Deo
2453 1903 2773 1955 persuasum
2816 1888 3015 1952 habet,
3049 1889 3092 1942 si
3127 1889 3471 1958 quampluri-

229 1983 325 2034 τὸν
371 1981 670 2033 ἐπίσκοπον
719 1981 987 2051 Κύρι).λον
1032 1981 1159 2047 φίλα
1204 1982 1398 2050 ἐκείνῳ
1443 1981 1802 2050 φρονοῦντες,

229 2076 333 2136 τὰς
369 2075 625 2136 τοιαύτας
666 2073 1029 2136 διατυπώσεις
1065 2075 1322 2142 ὀψόμενοι
1346 2090 1360 2105 ο
1401 2077 1457 2124 ἐν
1493 2069 1570 2136 οἷς
1611 2071 1678 2144 ἦν
1714 2073 1804 2125 καί

229 2183 316 2228 τις
355 2165 528 2235 Ἰέραξ
571 2165 762 2235 δνομα.
797 2167 891 2228 Ὃς
937 2165 1281 2235 γραμμάτων
1329 2167 1427 2234 μὲν
1469 2165 1579 2217 τῶν
1624 2165 1804 2226 πεζῶν

227 2259 553 2316 διδάσκαλος
584 2253 679 2328 ἦν,
719 2257 966 2310 τοσοῦτον
995 2259 1050 2310 δὲ
1083 2261 1197 2319 ταῖς
1230 2257 1324 2310 τοῦ
1359 2259 1627 2327 Κυρίλλοιι
1660 2258 1803 2310 διδα-

230 2351 489 2412 σκαλίαις
530 2353 827 2420 ἐξήρτητο,
859 2350 933 2412 ὡς
974 2351 1137 2418 μηδὲν
1169 2352 1295 2404 ἄλλο
1332 2351 1599 2420 αἱρεῖσθαι
1639 2352 1669 2420 ἢ
1707 2351 1802 2421 τὴν

227 2443 446 2496 ἐκεῖθεν
476 2444 765 2511 ἀκρόασιν,
795 2444 890 2493 καὶ
921 2443 1149 2510 κρότους
1183 2445 1416 2512 ἐγείρειν
1447 2446 1557 2505 τοῖς
1589 2444 1798 2495 ἐκείνου

225 2537 505 2602 νοήμασιν
555 2533 927 2586 ἐπισπεύδειν.
963 2535 1061 2586 Ὃν
1111 2533 1308 2596 ἰδόντες
1352 2536 1420 2586 τὰ
1467 2535 1646 2604 πλήθη
1693 2536 1800 2587 τῶν

223 2626 528 2690 Ἰουδαίων,
571 2625 731 2688 εὐθὺς
777 2625 1016 2694 ἐχρῶντο
1060 2625 1181 2695 βοῇ,
1218 2627 1304 2679 διὰ
1347 2626 1512 2694 μηδὲν
1551 2627 1681 2679 ἄλλο
1722 2627 1800 2698 τῷ

224 2719 446 2786 θεάτρῳ
482 2720 690 2770 ἐκεῖνον
723 2717 1095 2787 παραϐαλεῖν,
1131 2719 1162 2788 ἢ
1201 2717 1286 2769 ἵνα
1323 2720 1511 2770 στάσιν
1543 2718 1796 2789 ύπανάψῃ

219 2811 301 2881 τῷ
337 2813 517 2880 δήμῳ.
555 2811 611 2861 Ὀ
647 2809 690 2862 δ’
716 2809 954 2879 ἔπαρχος
989 2809 1247 2879 Ὀρέστης
1270 2849 1284 2872 ,
1321 2809 1417 2861 καὶ
1450 2808 1663 2877 πρῶτον
1698 2811 1797 2877 μὲν

220 2906 323 2974 τὴν
366 2904 680 2971 παράλογον
721 2902 829 2954 τῶν
869 2902 1184 2965 ἐπισκόπων
1222 2901 1540 2954 δυναστείαν
1580 2902 1667 2953 διὰ
1715 2903 1797 2970 μί-

221 3012 355 3058 σους
397 2993 542 3065 εἶχεν
569 3012 584 3027 ο
630 2995 826 3064 ὅτιπερ
871 2994 1005 3046 πολύ
1047 3011 1101 3046 τι
1146 2993 1521 3063 παρυφέλκειν
1567 2994 1796 3065 ᾑροῦντο

219 3086 333 3137 τῶν
360 3084 464 3135 ὑπὸ
488 3084 587 3154 τὴν
615 3083 864 3148 ἐξουσίαν
891 3082 1087 3151 ἐκείνῳ
1113 3082 1389 3150 δημοσίων
1417 3083 1757 3150 πραγμάτων
1779 3099 1792 3112 ·

225 3175 468 3242 μάλιστα
512 3173 556 3225 δ’
581 3175 661 3226 ὅτι
704 3172 826 3225 τότε
872 3173 966 3224 καὶ
1011 3173 1279 3239 Κύριλλος
1323 3175 1403 3236 είς
1447 3175 1639 3227 λεπτὸν
1683 3176 1793 3226 δια-

221 3266 378 3334 θρεῖν
409 3265 507 3326 τὰς
539 3263 633 3316 τοῦ
669 3264 913 3333 ἐπάρχου
944 3263 1305 3326 διατυπώσεις
1338 3267 1525 3334 ᾑρεῖτο
1546 3307 1558 3329 ,
1595 3266 1686 3317 καὶ
1719 3267 1793 3328 ὡς

220 3359 290 3411 ἄν
319 3375 404 3420 τις
438 3355 572 3426 φαίη
607 3356 1084 3426 περιεργάζεσθαι.
1121 3358 1291 3419 Εὐθὺς
1322 3357 1415 3410 οὖν
1449 3359 1793 3428 άναρπαστον

218 3451 316 3502 τὶν
355 3449 574 3517 Ίέρακα
625 3448 1030 3516 ποιησάμενος,
1085 3448 1322 3518 πληγαῖς
1377 3449 1647 3514 ὑπέϐαλε,
1702 3453 1794 3503 καὶ

222 3541 433 3609 σφόδρα
483 3541 732 3610 ᾐκίσατο.
773 3541 838 3591 Ὅ
883 3541 1046 3607 γνοὺς
1094 3543 1122 3592 ὁ
1171 3540 1443 3604 θειότατος
1493 3543 1791 3606 meum,

221 3633 333 3684 τῶν
363 3635 515 3701 παρὰ
536 3630 814 3692 Ἰουδαίοις
841 3633 967 3693 τοὺς
994 3630 1243 3698 πρώτους
1277 3632 1788 3701 μεταστειλάμενος,

220 3721 462 3794 παρῄνει
498 3724 599 3776 ὅσα
634 3723 783 3786 εἰκός
811 3739 824 3756 ο
860 3724 954 3776 καὶ
988 3723 1140 3784 τέλος
1173 3723 1443 3794 διηπείλει
1478 3723 1628 3776 δεινὰ
1661 3725 1794 3794 δρά-

222 3833 342 3868 σειν
364 3856 377 3882 ,
410 3818 458 3867 εί
496 3815 570 3883 μὴ
604 3814 904 3868 παύσαιντο
930 3815 1220 3893 τδνδῆμον
1252 3813 1636 3878 άνακινοῦντες
1659 3856 1670 3877 ,
1704 3817 1794 3867 καὶ

219 3911 369 3962 κατὰ
396 3907 506 3960 τῶν
534 3907 881 3977 Χριστιανῶν
906 3905 978 3967 ὡς
1010 3905 1261 3959 πλεῖστον
1287 3905 1700 3976 διερεθίζοντες.
1731 3909 1795 3959 Οί

218 4000 278 4052 δὲ
307 4001 407 4060 τὰς
437 3999 667 4060 ἀπειλὰς
694 3997 1080 4059 διακούσαντες
1098 4038 1113 4063 ,
1146 3998 1345 4067 μᾶλλον
1373 3998 1758 4068 άνηρεθίζοντο
1777 4038 1791 4061 ,

219 4093 320 4145 καὶ
358 4091 452 4143 ἐπὶ
492 4090 667 4160 βλάϐῃ
708 4087 818 4141 τῶν
858 4088 1200 4158 Χριστιανῶν
1243 4089 1501 4150 πλείστας
1539 4090 1793 4142 ἐπενόουν

219 4188 317 4245 τὰς
349 4182 600 4253 μηχανάς
619 4198 634 4212 ⁶
663 4177 738 4235 ὧν
760 4181 859 4250 τὴν
886 4183 1316 4251 κορυφαιοτάτην
1343 4183 1436 4234 καὶ
1461 4182 1568 4234 τῶν
1596 4181 1789 4246 ἄλλων,

220 4277 295 4336 ὡς
343 4277 538 4337 εἰπεῖν,
576 4275 669 4326 ἐπὶ
709 4272 863 4342 κακῷ
901 4273 1280 4340 διαφέρουσαν,
1321 4273 1352 4340 ἦ
1394 4273 1458 4342 δὴ
1503 4273 1598 4326 καὶ
1644 4275 1793 4328 αἰτία

221 4369 464 4434 κατέστη
489 4366 776 4428 Ἰουδαίους
807 4364 906 4433 τῆς
932 4364 1286 4435 Ἀλεξάνδρου
1328 4365 1680 4432 ἐξελαθῆναι,
1718 4366 1792 4428 ὡς

221 4457 343 4507 ἐνὸν
378 4455 735 4523 διηγήσομαι.
775 4454 941 4522 Κοινῇ
978 4452 1086 4520 γὰρ
1125 4451 1502 4518 συνελθόντες,
1542 4452 1791 4522 σύνθημα

1909 1990 2119 2028 morum
2156 1976 2316 2030 nobis
2347 1979 2614 2030 malorum
2647 1993 2807 2032 causa
2837 1980 2907 2032 sit
2939 1997 2952 2033 :
2998 1990 3111 2034 tum
3159 1995 3224 2034 eo
3255 1981 3472 2050 potissi-

1907 2081 2055 2120 mum
2092 2076 2365 2136 tempore,
2400 2079 2620 2137 propter
2661 2085 2756 2123 eos
2787 2085 2923 2139 quos
2964 2071 3205 2127 diximus
3252 2073 3474 2126 saltato'

1907 2173 2014 2223 res,
2058 2159 2353 2227 plurimum
2389 2162 2554 2214 etiam
2587 2161 2851 2217 adversus
2881 2164 3093 2233 seipsos
3127 2172 3256 2218 sunt
3285 2165 3469 2218 concio

1905 2252 2022 2306 tati.
2060 2253 2276 2306 Etcum
2308 2253 2531 2309 Orestes
2570 2257 2909 2311 Alexandriae
2945 2257 3234 2326 praefectus
3264 2258 3470 2328 populo

1905 2345 2204 2409 πολιτείαν,
2241 2346 2343 2399 hoc
2375 2357 2477 2410 est,
2511 2348 2820 2400 institutum
2853 2349 3128 2416 quoddam
3177 2350 3337 2404 civile
3371 2351 3468 2418 (ita

1901 2439 2046 2489 enim
2090 2439 2267 2491 edicta
2318 2454 2414 2492 seu
2459 2440 2837 2493 ordinationes
2889 2441 3135 2508 publicas
3185 2442 3471 2494 nominare

1902 2544 2021 2582 mos
2053 2533 2156 2596 est)
2201 2532 2419 2596 ederet,
2470 2532 2744 2586 affuerunt
2792 2533 2955 2586 etiam
3002 2535 3322 2603 quicunque
3355 2536 3471 2602 epi-

1902 2636 2064 2690 scopo
2091 2621 2295 2688 Cyrillo
2341 2623 2596 2676 favebunt
2623 2666 2635 2688 ,
2671 2625 2917 2679 instituta
2958 2626 3230 2693 ejusmodi
3278 2627 3466 2680 visuri.

1903 2713 1960 2766 In
2011 2715 2095 2768 his
2137 2715 2357 2769 nomine
2407 2715 2601 2767 llierax
2642 2726 2760 2769 erat
2803 2718 3112 2771 hutniliuris
3142 2719 3468 2772 litteratura:

1901 2806 2180 2874 magister,
2223 2815 2506 2876 tantopere
2550 2826 2613 2861 ex
2662 2808 2847 2879 Cyrilli
2895 2809 3143 2864 doctrina
3196 2811 3462 2880 pendens.

1901 2908 1962 2952 ut
2008 2900 2141 2953 nihil
2188 2900 2336 2954 aliud
2397 2901 2601 2955 faceret
2651 2903 2944 2964 libentius,
2989 2918 3151 2970 quam
3209 2904 3358 2956 illum
3410 2918 3468 2957 ut

1900 2992 2151 3056 audiret,
2199 3003 2254 3046 et
2290 2995 2510 3062 plausus
2548 2995 2695 3048 ciere
2727 2995 2792 3047 ad
2833 2995 2979 3048 illius
3012 2998 3314 3048 sententias
3344 3007 3464 3049 stu-

1898 3085 2070 3140 deret.
2118 3086 2273 3140 llunc
2321 3087 2412 3140 ubi
2457 3086 2770 3140 Jutlazurttm
2817 3089 3107 3141 multitudo
3155 3071 3459 3158 conspexit,

1899 3179 2080 3231 statim
2106 3179 2394 3233 vociferari
2423 3181 2611 3249 cmpit,
2646 3197 2748 3232 non
2776 3181 2932 3233 aliam
2961 3182 3032 3234 ob
3064 3196 3279 3235 causam
3309 3183 3459 3236 illum

1900 3269 1953 3323 in
1992 3271 2260 3323 theatrum
2295 3271 2532 3332 venisse,
2573 3271 2732 3342 537
2765 3289 2926 3342 quam
2959 3281 3016 3324 ut
3048 3274 3370 3328 seditionem
3406 3277 3458 3328 in

1898 3365 2098 3431 popqu
2126 3364 2408 3418 excitaret.
2459 3366 2753 3418 I’rmfectus
2799 3366 3017 3419 Orestes
3058 3378 3213 3421 antea
3246 3382 3463 3436 quoque

1898 3464 2092 3521 praeter
2117 3456 2383 3508 rationem
2413 3469 2727 3522 usurpatam
2751 3456 3132 3524 episcoporum
3165 3459 3461 3526 potentiam

1896 3547 2212 3614 oderat“),
2264 3547 2407 3615 quod
2463 3548 2536 3600 illi
2592 3549 2760 3600 multa
2813 3562 2877 3599 ex
2927 3548 3164 3615 publicis
3213 3551 3460 3620 uegouis,

1894 3653 2014 3706 quge
2039 3637 2104 3690 ad
2134 3637 2572 3709 jurisdiclionem
2603 3641 2724 3708 ejus
2755 3641 3124 3708 pertinebant,
3159 3644 3224 3696 ad
3253 3659 3310 3698 se
3340 3660 3462 3714 per-

1896 3731 2112 3784 trahere
2157 3731 2452 3786 volebant:
2503 3733 2847 3800 potissimum
2893 3743 3107 3798 autem,
3154 3734 3297 3802 quod
3347 3746 3460 3788 tum

1894 3836 2111 3889 quoque
2140 3821 2375 3892 Cyrillus
2407 3822 2652 3876 instituta
2686 3823 2788 3877 sibi
2829 3836 3019 3878 exacte
3051 3825 3457 3893 perspicienda.

1894 3912 2377 3981 curiositalcmque
2407 3916 2487 3981 (ut
2513 3914 2713 3983 aliquis
2736 3915 2900 3983 dicat.)
2935 3916 2987 3968 in
3020 3918 3194 3971 aliena
3221 3934 3277 3972 re
3305 3934 3463 3974 exer-

1895 4003 2122 4058 cendam
2156 4014 2452 4069 statuerat,
2482 4017 2822 4071 commotus,
2860 4010 2976 4078 rapi
3011 4011 3301 4065 confestim
3335 4012 3462 4066 llic-

1896 4113 2073 4152 raCem
2103 4099 2288 4166 jussit,
2319 4100 2745 4168 verberibusque
2773 4101 3049 4156 subditum
3075 4104 3228 4157 valde
3247 4104 3455 4162 afﬂixit.

1892 4189 2046 4256 Quod
2081 4190 2172 4243 ubi
2205 4191 2584 4245 divinissimus
2615 4191 2851 4262 Cyrillus
2877 4197 3151 4263 cognovit,
3189 4197 3457 4264 primores

1892 4282 2205 4336 Judworum
2233 4283 2298 4336 ad
2331 4299 2388 4338 se
2415 4287 2637 4348 accitos,
2672 4285 2746 4338 ita
2774 4295 2866 4353 ut,
2897 4301 2951 4339 τι·
2977 4300 3112 4353 erat,
3143 4290 3455 4344 admonuit:

1893 4383 2168 4440 postremo
2199 4374 2361 4427 etiam
2393 4375 2531 4428 male
2578 4389 2636 4428 se
2670 4390 2765 4427 eos
2810 4387 3162 4443 accepturum
3206 4393 3324 4432 esse
3357 4381 3460 4433 mi-

1891 4478 2052 4521 natus
2083 4475 2190 4529 est,
2231 4467 2332 4520 nisi
2379 4466 2638 4534 populum
2678 4481 3053 4533 commovere,
3097 4479 3153 4522 et
3191 4471 3458 4527 adversus

222 4548 361 4616 πρὸς
393 4547 655 4614 ἀλλήλους
686 4545 932 4608 ἐποίουν,
966 4543 1096 4596 ὥσθ’
1121 4544 1352 4597 ἕκαστον
1379 4545 1666 4598 δακτύλιον
1697 4546 1792 4613 φέ-
1818 4563 1870 4623 D
1896 4568 1900 4600 ι

1780 4573 1792 4584 ·
1818 4563 1870 4623 D
1896 4558 2237 4612 Christianos
2281 4559 2575 4627 plurimum
2623 4558 2934 4623 concitare,
2972 4559 3322 4614 desisterent.
3365 4562 3458 4616 Μί-

224 4659 338 4708 ρειν
373 4641 436 4692 ἐκ
473 4638 659 4707 φλοιοῦ
696 4639 955 4707 φοινίκων
990 4635 1184 4700 θαλοῦ,
1223 4637 1319 4688 καὶ
1353 4637 1570 4707 νύκτωρ
1605 4639 1788 4691 ἐπιθέ-

222 4733 348 4785 σθαι
383 4731 751 4801 Χριστιανοῖς.
789 4729 899 4782 Καὶ
933 4727 998 4797 δὴ
1035 4729 1132 4799 μιᾷ
1165 4730 1271 4781 τῶν
1304 4730 1514 4782 νυκτῶν
1535 4769 1549 4793 ,
1588 4733 1692 4784 άνᾶι
1725 4733 1793 4786 τά

220 4827 462 4892 κλίματα
490 4823 586 4892 τῆς
616 4822 823 4884 πόλεως
855 4821 1103 4891 προῆκαν
1131 4822 1368 4890 βοῶντάς
1396 4840 1571 4886 τινας,
1597 4824 1672 4887 ὠς
1703 4824 1789 4894 εἴη

221 4916 361 4985 πυρὶ
411 4915 679 4984 καιομένη
715 4915 748 4982 ἡ
785 4912 1127 4980 Χριστιανῶν
1172 4913 1471 4982 ἐκκλησία,
1581 4916 1787 4968 ἐπώνυ-

223 5023 324 5076 μον
347 5005 706 5073 Ἀλεξάνδρου
733 5004 828 5057 τοῦ
855 5004 1153 5057 ἐπισκόπου
1189 5005 1382 5073 κλῆσίς
1413 5008 1581 5059 ἐστιν.
1613 5008 1676 5058 '0
1708 5011 1789 5070 εἰς

217 5094 334 5152 ὦτα
375 5099 610 5159 ἐκείνοις
653 5095 851 5166 ἀθρόον
889 5094 1062 5159 ἐλθὸν,
1105 5094 1261 5158 ἄλλος
1303 5096 1538 5165 ἀλλαχοῦ
1580 5097 1790 5166 διατρέ-

217 5207 407 5259 χοντες
438 5184 598 5258 ἦσαν,
625 5189 726 5257 τὴν
755 5188 904 5257 σφῶν
932 5188 1286 5256 άλεξήσοντες
1314 5189 1633 5258 ἐκκλησίαν.
1656 5189 1788 5243 Ἰου-

215 5282 357 5334 δαῖοι
399 5280 444 5332 δ’
477 5279 643 5342 εὐθὺς
688 5279 1024 5348 ἐπιθέμενοι,
1070 5281 1351 5333 ἐκτεινονο
1398 5281 1641 5352 ἀλλήλων
1690 5285 1788 5352 μὲν

215 5377 547 5445 ἀπεχόμενοι
575 5378 642 5444 τῇ
672 5374 781 5426 τῶν
811 5373 1110 5427 δακτυλίων
1143 5373 1422 5444 περιϐολῇ,
1452 5371 1532 5437 οἷς
1561 5375 1604 5427 δ’
1631 5376 1788 5428 ἐντύ-

214 5484 360 5536 χοιεν
395 5464 744 5534 Χριστιανῶν
780 5464 1153 5533 ἀναιροῦντες.
1181 5463 1336 5516 Ἐπεὶ⁵
1371 5464 1415 5516 δ’
1445 5467 1626 5536 ἡμέρα
1661 5468 1784 5533 ἐγέ-

215 5570 361 5622 νετο,
393 5553 619 5624 ἔκδηλον
647 5555 763 5617 τοῖς
793 5554 1178 5624 εἰργασμένοις
1204 5555 1264 5607 τὸ
1297 5556 1528 5625 πρᾶγμα
1557 5551 1644 5628 ἦν.
1680 5557 1786 5627 Ζή-

287 5690 364 5760 (l)
405 5690 559 5758 Apud
602 5689 825 5744 Suidam
870 5689 1108 5758 theologi
1142 5691 1351 5745 veteris
1389 5695 1659 5748 sententia
1694 5711 1783 5750 re-

213 5767 468 5832 peritur;
512 5761 799 5832 Πολιτικὴν
856 5761 1057 5832 ἀρετὴν
1131 5761 1398 5832 ἱερωσύνῃ
1471 5767 1780 5829 συνάπτειν,

217 5829 553 5899 συγκλὼθειν
586 5833 700 5885 ἐστὶ
733 5831 797 5884 τὰ
823 5830 1180 5899 άσύγκλωστα
1211 5848 1223 5884 :
1263 5829 1479 5890 ltocﬂest
1506 5852 1518 5888 :
1553 5834 1778 5890 Civilem

1899 4665 2089 4702 narum
2132 4649 2547 4704 denuntiatione
2594 4650 2861 4720 ejusmodi
2908 4650 3112 4717 audita,
3165 4653 3242 4707 illi
3287 4659 3458 4726 magis

1893 4741 2058 4794 etiam
2094 4744 2426 4804 exacerbati,
2460 4742 2722 4811 plurimas
2757 4741 2820 4794 ad
2857 4743 3150 4809 perniciem
3186 4744 3457 4800 Christia-

1893 4848 2085 4886 norum
2157 4833 2535 4901 excogitaruut
2603 4832 2821 4886 fraudes
2885 4843 2940 4887 et
3000 4835 3452 4892 machinationes.

1891 4922 2132 4990 Quarum
2179 4925 2527 4992 prmeipuam,
2565 4925 2831 4993 aliasque,
2865 4935 2923 4977 ut
2958 4925 3030 4979 ita
3065 4926 3266 4990 dicam,
3304 4931 3458 4983 mali-

1891 5016 2094 5082 gnitate
2136 5017 2487 5069 excellentem
2543 5022 2685 5084 (qua:
2724 5017 2889 5069 etiam
2933 5017 2989 5071 in
3037 5033 3200 5072 causa
3244 5021 3365 5084 fuit,
3398 5035 3456 5077 ut

1888 5103 2061 5158 Judaei
2092 5103 2418 5157 Alexandria
2468 5107 2818 5172 ejicerentur)
2851 5107 3010 5160 siculi
3060 5117 3249 5176 potero
3279 5127 3452 5180 expo-

1890 5213 2034 5250 nam.
2078 5197 2211 5250 Nam
2260 5197 2536 5250 communi
2586 5198 2818 5251 concilio
2866 5209 3076 5262 coacto,
3118 5200 3185 5253 de
3213 5202 3365 5272 signo
3396 5213 3450 5258 et

1888 5297 2092 5340 tessera
2123 5286 2265 5338 inter
2287 5300 2346 5339 se
2375 5297 2775 5350 convenerunt,
2808 5300 2866 5340 ut
2894 5292 3267 5360 unusquisque
3297 5293 3446 5348 vide-

1887 5376 2013 5429 licet
2043 5377 2302 5428 aunulum
2337 5391 2368 5429 e
2399 5376 2602 5430 cortice
2646 5378 2851 5432 surculi
2891 5379 3080 5448 palmas
3106 5393 3364 5449 gestaret,
3392 5399 3448 5439 et

1887 5476 2051 5521 noctu
2111 5466 2454 5522 Christianos
2516 5468 2923 5536 aggrederetur.
2997 5471 3231 5526 Proinde
3287 5483 3446 5528 nocte

1886 5559 2158 5628 quadam,
2216 5558 2461 5612 nonnulli
2523 5573 2618 5626 per
2691 5559 2838 5612 urbis
2883 5560 3034 5616 vicos
3089 5561 3448 5631 procedentes

1884 5696 2138 5750 virtutem
2189 5695 2479 5763 episcopali
2536 5693 2801 5750 functioni
2845 5697 3116 5766 applicare
3171 5699 3347 5762 velle,
3383 5715 3446 5755 ca

1886 5769 2214 5844 conjungere
2248 5775 2352 5828 est,
2377 5781 2494 5844 qua-
2533 5766 2674 5819 inter
2697 5782 2754 5821 se
2785 5771 3015 5824 maxime
3049 5779 3238 5825 natura
3278 5770 3444 5826 dissi-

1886 5837 2037 5904 dent,
2064 5848 2118 5891 et
2155 5837 2408 5906 connecti
2443 5846 2737 5904 nequeunt.
