4250 6440
833 320 964 386 1103

2057 326 2476 385 NlCEl’HOiil
2522 322 2865 385 CALLISTI

3933 325 4078 397 1104

827 449 1222 512 exclamarunt,
1247 447 1682 504 Christianorum
1721 450 2003 503 ecclesiam
2037 464 2160 517 quae
2194 463 2395 502 nomen
2428 455 2472 508 Α
2502 448 2505 497 ἰ

2428 455 2472 508 Α
2502 448 2593 498 λου
2639 447 2694 498 δὲ
2738 446 2995 516 πλησθεὶς
3043 447 3346 517 Κύριλλος,
3396 449 3611 518 σύναμα
3656 450 3853 518 πλήθει
3897 451 4080 517 πολλῷ

828 540 895 598 ιώ
933 540 1240 595 Alexandro
1266 543 1525 611 episcopo
1560 542 1743 607 habet,
1771 541 1986 596 ardere.
2017 539 2173 605 Quod
2207 540 2298 594 ubi
2327 540 2395 593 ad

824 632 1040 686 illorum
1070 647 1229 687 aures
1254 634 1438 687 statim
1466 634 1758 702 pervenit,
1800 634 1943 686 alius
1973 633 2080 687 alio
2112 631 2391 697 discurrit,

826 723 1066 777 ecclesiae
1121 738 1232 777 sua:
1283 739 1441 794 opem
1495 725 1730 778 laturus.
1786 723 1934 790 Quos
1984 724 2157 779 Judaei
2213 723 2395 777 subito

826 816 1060 883 aggressi
1116 815 1478 879 occiderunt,
1536 834 1564 868 a
1625 817 1824 885 seipsis
1883 817 2102 886 quidem
2169 824 2396 886 propter

828 909 1154 963 annulorum
1188 917 1448 964 tesseram
1483 926 1676 965 manus
1706 911 2082 964 abstinentes:
2130 906 2396 962 Christia-

833 1015 930 1056 nos
975 1009 1176 1062 autem,
1216 1003 1265 1052 in
1310 1016 1447 1070 quos
1491 1001 1832 1066 incidebant,
1873 999 2205 1069 jugulantes.
2241 1000 2397 1054 Post-

829 1107 990 1160 quam
1027 1102 1206 1147 autcm
1239 1093 1356 1145 dies
1389 1093 1585 1158 illuxit,
1620 1108 1684 1145 ex
1726 1101 1906 1160 strage
1949 1106 2011 1144 ea
2044 1089 2308 1161 ﬂagitium
2342 1090 2398 1144 in

830 1195 1020 1253 aperto
1046 1185 1194 1239 fuit:
1236 1195 1291 1240 et
1333 1186 1565 1257 Cyrillus
1610 1185 1725 1238 zelo
1760 1184 2023 1253 percitus,
2056 1199 2178 1237 cum
2221 1182 2404 1236 multi—

832 1278 1020 1331 tudinc
1061 1293 1251 1346 magna
1283 1279 1345 1332 ad
1399 1292 1699 1348 synagogas
1738 1292 1928 1331 eorum
1982 1275 2154 1338 venit,
2200 1289 2402 1344 easque

829 1369 935 1423 illis
971 1371 1209 1432 ademit,
1243 1381 1298 1424 et
1333 1371 1693 1424 substantiam
1733 1382 1926 1422 eorum
1962 1381 2179 1420 omnem
2219 1366 2404 1419 multi-

833 1461 1006 1514 tudini
1061 1462 1426 1532 diripiendam
1474 1459 1648 1521 dedit,
1707 1460 1964 1528 ipsosque
1997 1457 2159 1511 simul
2211 1472 2402 1510 omnes

2503 538 2596 590 ἐπὶ
2625 545 2720 599 τὰς
2748 538 3072 604 συναγωγὰς
3102 540 3282 592 αὐτῶν
3312 541 3438 609 ἥκει
3463 557 3478 572 ·
3508 542 3601 594 καὶ
3625 543 3942 610 ἀφαιρεῖται
3980 544 4080 609 μὲν

2504 628 2748 694 ταύτας,
2801 630 2894 692 τὰς
2947 630 3001 681 δέ
3057 631 3242 693 οὐσίας
3297 632 3691 701 ἀναρπάστους
3743 634 3821 701 τῷ
3879 634 4082 701 πλήθει

2504 716 2674 769 ἐποίει
2699 733 2712 744 ’
2738 719 2978 780 ἐκείνους
3008 719 3051 770 δ’
3081 720 3197 788 ἅμα
3231 723 3437 784 πάντας
3463 723 3562 791 τῆς
3596 724 3801 786 πόλεως
3826 725 4079 794 ἤλαυνεν.

2503 810 2567 860 Οἱ
2621 809 2719 876 μὲν
2765 808 2858 862 οὖν
2892 811 3160 875 Ἰουδαῖοι,
3212 816 3274 866 ἐκ
3322 816 3432 866 τῶν
3465 813 3822 886 Ἀλεξάνδρου
3872 819 4085 886 χρό.-ων

2501 902 2598 972 τὴν
2643 903 2799 956 πόλιν
2837 905 3186 975 οἰκήσαντες,
3232 909 3431 976 γυμνοὶ
3472 912 3592 961 τότε
3635 910 3745 962 τῶν
3787 909 3959 961 ὄντων
4008 910 4084 973 ἐξ·

2503 994 2672 1062 ῄεσαν
2700 1010 2713 1024 ⁸
2754 997 2848 1048 καὶ
2884 996 3114 1059 ἕκαστος
3146 998 3256 1069 ὅπη
3289 999 3448 1070 ἔτυχε
3481 1002 3870 1071 διεσπείροντο.
3917 998 4008 1065 Εἷς
4040 1005 4084 1055 δ’

2505 1087 2731 1140 ἐκείνων
2767 1088 3123 1157 Ἀδαμάντιος
3153 1089 3346 1158 ὃνομα,
3381 1094 3473 1144 ἐπὶ
3506 1096 3790 1165 σοφιστεὲᾳ
3824 1095 4085 1164 ἰατρικῶν

2504 1177 2678 1247 λόγων
2728 1179 3027 1250 ἔμπειρος,
3080 1182 3171 1233 ἐπὶ
3225 1185 3323 1253 τὴν
3378 1187 3789 1238 Κωνσταντίνου
3843 1189 4084 1253 ἀφῖκτο·

2518 1270 2751 1339 Ἀττικῷ
2781 1287 2839 1322 τε
2870 1273 2946 1340 τῷ
2977 1274 3261 1343 ἐπισκόπῳ
3294 1277 3561 1344 προσιὼν,
3598 1279 3692 1330 καὶ
3721 1278 3789 1330 τά
3820 1279 4056 1347 Χριστια

2506 1365 2611 1416 νῶν
2645 1365 3060 1437 ἐπανῃρημένος
3082 1407 3096 1431 ,
3132 1368 3312 1435 πολλῷ
3348 1371 3526 1438 χρόνῳ
3563 1370 3790 1440 ὕστερον
3818 1372 4085 1438 ἀναστρέ-

2507 1456 2638 1515 ψας.
2671 1457 2768 1524 τὴν
2806 1458 3216 1526 Ἀλεξάνδρειαν
3246 1461 3486 1532 ῷκῃσεν.

838 1557 971 1607 urbe
1005 1555 1324 1622 expulitJtz
1371 1552 1558 1612 luda‘i,
1590 1552 1683 1620 qui
1737 1552 1804 1605 ali
1859 1551 1993 1619 ipsis
2063 1565 2236 1624 usque
2298 1550 2593 1603 Alexandri
2646 1567 2827 1620 umpo
2865 1569 3002 1621 mus.
3033 1553 3222 1607 urbem
3282 1571 3403 1609 eam
3462 1556 3842 1619 incoluerant,
3899 1574 4087 1610 rermu

830 1645 1077 1696 omnium
1110 1645 1287 1711 egeni,
1326 1643 1448 1695 inde
1483 1642 1808 1705 discessere,
1843 1655 1951 1709 quo
1977 1654 2250 1709 quemque
2277 1655 2398 1693 sors
2437 1640 2562 1693 tulit
2597 1639 2860 1708 dispersi.
2932 1642 3081 1699 Unus
3123 1655 3306 1698 autem
3373 1661 3434 1698 ex
3471 1648 3552 1700 eis
3593 1647 3963 1700 Adamantius
3995 1667 4064 1701 no

833 1739 1020 1799 mine,
1059 1735 1191 1788 artis
1233 1733 1520 1788 medicinae
1567 1733 1814 1802 peritus,
1865 1730 2400 1799 Constantinopolim
2443 1730 2614 1792 venit,
2667 1733 2855 1802 ibique
2900 1735 3224 1806 episcopum
3301 1738 3542 1792 Atticum
3590 1740 3748 1802 adiit,

3818 1679 3963 1700 ,ηιυθ
3995 1679 4091 1701 ..υ-

3818 1738 3991 1810 468
4034 1751 4089 1794 ει

830 1829 1270 1882 Christianorum
1335 1841 1488 1880 sacra
1559 1825 1911 1893 complexus,
1985 1824 2157 1878 multo
2225 1832 2350 1892 post
2417 1833 2665 1879 ten-nere
2729 1824 3124 1883 Alexandriam
3194 1844 3492 1895 reversus,
3555 1847 3677 1886 eam
3749 1833 3943 1888 urbem
4009 1837 4090 1888 in-

833 1921 1024 1976 Culuil.

1419 2036 1643 2092 CAPUT
1687 2036 1801 2089 XV.

836 2135 908 2184 De
942 2133 1260 2184 dissensione
1289 2130 1476 2199 Cyrilli
1506 2139 1690 2182 contra
1729 2129 2031 2196 prwfcctum
2065 2126 2281 2182 Oresten
2307 2142 2322 2178 :
2349 2135 2398 2199 et

902 2201 956 2253 ιῖι
1002 2203 1177 2270 lapide
1227 2198 1436 2254 Orestes
1478 2203 1532 2251 in
1583 2207 1753 2266 [route
1793 2200 1925 2252 ictus
1969 2208 2056 2263 sit,
2096 2200 2237 2251 etde
2284 2198 2398 2251 zelo

902 2272 1250 2325 Nitriensium
1287 2271 1684 2323 monachorum.

900 2473 1124 2529 Orestes
1156 2481 1337 2525 autem
1371 2470 1717 2534 Alexandriae
1751 2469 2040 2539 prwfectus
2077 2470 2319 2540 graviter
2346 2469 2400 2523 id

835 2568 1051 2627 ferens,
1087 2575 1142 2620 et
1173 2581 1271 2634 pro
1316 2565 1521 2632 ingenti
1552 2554 1895 2618 detrimento
1928 2564 2156 2627 habens,
2206 2564 2400 2618 civita-

837 2671 945 2714 tem
979 2669 1085 2711 tam
1119 2659 1435 2726 praeclaram
1471 2667 1549 2710 tot
1583 2657 1904 2711 hominibus
1936 2649 2146 2722 orbari,
2187 2672 2300 2710 rem
2333 2657 2400 2711 ad

836 2756 1219 2819 imperatorem
1281 2748 1487 2803 retulit.
1545 2749 1666 2817 lpse
1721 2764 1941 2818 quoque
1993 2748 2232 2817 Cyrillus
2292 2764 2400 2802 non

835 2842 1096 2904 cessavit;
1155 2856 1278 2894 nam
1329 2838 1644 2893 Iudaeorum
1715 2837 1761 2891 is
1826 2853 2045 2906 quoque
2108 2838 2402 2891 absurdam

835 2933 1117 2987 audaciam
1167 2932 1233 2986 ad
1285 2933 1590 3001 principem
1641 2931 1902 3000 scripsit:
1957 2946 2059 2984 nec
2104 2932 2287 2984 minus
2337 2932 2404 2984 de

839 3023 1261 3093 redintegranda
1297 3038 1420 3076 cum
1454 3023 1648 3076 Oreste
1688 3021 1926 3076 amicitia
1957 3025 2068 3092 egit
2105 3040 2116 3076 :
2164 3023 2306 3091 quod
2347 3035 2405 3074 ut

842 3120 1064 3178 faceret,
1110 3115 1264 3184 plebs
1305 3115 1674 3168 Alexandrina
1712 3129 1836 3167 eum
1871 3115 2072 3184 coegit.
2110 3115 2404 3184 Postquam

823 3227 972 3264 'vero
1021 3210 1243 3263 Orestes
1292 3207 1600 3260 orationem
1656 3206 1724 3259 de
1775 3207 1947 3276 gratia
2002 3206 2405 3260 reconcilianda

843 3318 953 3354 non
987 3299 1228 3362 admisit,
1263 3297 1498 3367 Cyrillus
1531 3311 1812 3351 sacrorum
1849 3296 2268 3365 Evangeliorum
2311 3311 2408 3350 eo-

3101 2036 3352 2092 ΚΕΦΑΛ.
3391 2040 3488 2091 ΙΕ’.

2503 2125 2644 2200 Περὶ
2683 2125 2794 2194 τῆς
2803 2127 2966 2200 ςτρὸς
3004 2128 3114 2200 τὸν
3142 2128 3413 2195 ἔπαρχον
3433 2129 3728 2196 Ὀρέστην
3773 2135 4086 2200 Κυρίλλου

2572 2195 2863 2270 διαφορᾶς
2884 2217 2897 2230 ο
2933 2197 3032 2251 καί
3060 2199 3138 2270 ᾡς
3162 2201 3307 2264 λίθῳ
3335 2195 3560 2263 ἐϐλήθη
3598 2195 3888 2270 Ὀρέστης
3935 2209 4086 2258 arani

2575 2266 3082 2341 zo_;tézw:tor,_xal
3113 2271 3247 2335 περὶ
3312 2271 3418 2323 τοῦ
3457 2266 3790 2338 ζήλουὶών
3818 2266 3930 2341 τῆς
3989 2279 4087 2329 Λί-

2575 2339 2740 2404 τρίας
2759 2337 3065 2405 μοναχῶγ.

2591 2452 2849 2522 Ὀρέστης
2895 2453 2949 2506 δὲ
2989 2455 3017 2505 ὁ
3055 2454 3153 2523 τῆς
3189 2452 3540 2524 Ἀλεξάνδρου
3585 2455 3828 2526 ὕπαρχος
3873 2457 4084 2527 σφόδρα

2507 2543 2814 2613 χαλεπήνας
2857 2545 2947 2595 ἐπὶ
2991 2544 3069 2613 τῷ
3113 2547 3365 2613 παρόντι,
3417 2548 3703 2617 συμφοράν
3744 2551 3986 2601 ἐποιεῖτο
4030 2553 4090 2602 τὸ

2507 2637 2755 2702 γεγονὸς,
2789 2635 2942 2688 πάλιν
2971 2634 3115 2688 οὕτω
3145 2640 3422 2705 περιφανῆ
3453 2640 3725 2692 τοσούτων
3755 2641 3927 2709 ἇρῖην
3961 2658 4087 2692 στε.

2511 2727 2739 2795 ρηοῆναι
2775 2725 3112 2794 ἀνὈρὼπων,
3149 2731 3242 2781 καὶ
3279 2730 3336 2779 τὸ
3373 2731 3589 2797 συμϐάν
3623 2730 3837 2799 βασιλεῖ
3871 2732 4088 2801 ἐδήλου.

2507 2821 2616 2872 Οὐκ
2649 2819 2839 2888 ἡμέλει
2872 2819 2928 2871 δὲ
2961 2820 3069 2888 ἄρα
3099 2821 3190 2872 καὶ
3222 2820 3485 2889 Κύριλλος
3511 2837 3528 2855 ⁸
3564 2823 3656 2875 καὶ
3685 2823 3846 2885 αὐτὸς
3881 2826 3991 2894 γάρ
4023 2827 4091 2875 τὰ

2508 2913 2613 2964 τών
2652 2911 2923 2965 Ἰουδαίων
2965 2914 3146 2964 ἄτοπα
3189 2913 3324 2982 δῆλα
3373 2914 3586 2982 βασιλεί
3629 2917 3944 2990 καῆιστῶν,
3990 2920 4092 2987 οἰχ

2507 2998 2669 3072 ἦττον
2717 3003 2810 3054 καὶ
2854 3004 2953 3072 τῆς
3003 3003 3138 3071 πρὸς
3181 3004 3438 3074 Ὀρέστην
3487 3008 3670 3073 φιλίας
3719 3009 4090 3074 ἀντεποιεῖτο,

2508 3095 2602 3146 τοῦ
2636 3095 2873 3164 πλήθους
2898 3101 2996 3164 τῆς
3031 3096 3381 3168 Ἀλεξάνδρου
3407 3100 3568 3153 τοῦτο
3594 3105 4092 3171 προσαναγκάζων

2509 3202 2622 3248 τος.
2652 3186 2806 3238 Ἐπεὶ
2832 3187 2874 3239 δ’
2903 3187 3164 3258 Ὀρέστης
3193 3191 3320 3252 τοὺς
3357 3193 3488 3262 περὶ
3519 3194 3703 3260 φιλίας
3735 3197 3796 3247 οὐ
3831 3201 4093 3265 προσίετο

2511 3275 2722 3342 λόγους,
2759 3276 3026 3346 Κύριλλος
3059 3281 3157 3348 τὴν
3188 3281 3294 3333 τῶν
3324 3283 3486 3352 ἱερῶν
3520 3285 3870 3353 Εὺατγελίων
3903 3290 4092 3356 βίὸλςν

844 3394 1021 3446 dicem
1057 3392 1307 3459 protulit,
1339 3390 1408 3444 ob
1437 3390 1800 3444 reverentiam
1834 3391 1952 3459 ejus
1985 3403 2042 3442 se
2070 3388 2262 3443 Oreste
2295 3397 2406 3456 pla—
2433 3396 2476 3450 C

2433 3396 2476 3450 ο
2514 3368 2836 3436 προΐσχετο,
2884 3371 3122 3434 νομίζων
3169 3373 3422 3427 ἐντεῦθεν
3471 3379 3537 3446 τῇ
3589 3367 3750 3429 αἰδοῖκ
3781 3384 4091 3451 πραοτέρου

844 3484 1104 3538 cabiliore
1134 3496 1362 3535 usurum
1405 3488 1629 3548 putans.
1664 3478 1935 3534 Caeterum
1965 3495 2090 3533 cum
2127 3489 2239 3533 tum
2269 3496 2409 3549 quo-

841 3591 947 3644 que
999 3572 1090 3630 ille
1128 3575 1280 3626 liram
1342 3588 1451 3626 non
1505 3573 1846 3636 remitteret,
1901 3581 2066 3642 atque
2121 3572 2266 3626 inter
2313 3588 2407 3626 eos

845 3664 1196 3735 implacabile
1231 3663 1436 3718 bellum
1471 3670 1803 3716 commotum
1833 3672 1998 3727 esset,
2038 3663 2172 3716 illud
2203 3664 2406 3717 evenit.

842 3757 1092 3811 Monaehi
1143 3755 1364 3825 quidam
1410 3763 1628 3807 montes
1673 3753 1934 3808 finitimos
1984 3755 2322 3818 incolentes,
2353 3764 2408 3808 et

847 3851 1154 3904 Nitrienses
1201 3848 1471 3922 maxime,
1513 3846 1630 3900 zelo
1667 3857 1722 3900 et
1770 3846 2119 3901 aemulatione
2166 3849 2404 3909 accensi.

841 3943 1036 3994 eodem
1074 3938 1235 3993 modo
1281 3953 1379 4006 pro
1422 3937 1624 4004 Cyrillo
1674 3945 2014 4005 pugnarunt,
2045 3938 2320 4005 quomodo
2355 3944 2410 3992 et

845 4044 1097 4099 patruum
1155 4032 1272 4101 ejus
1318 4029 1700 4094 defenderant,
1752 4045 1876 4084 eum
1928 4044 2024 4084 eos
2071 4031 2408 4099 Theophilus

845 4135 1042 4193 praeter
1067 4124 1336 4176 rationem
1374 4137 1591 4175 omnem
1619 4131 1812 4176 contra
1843 4122 2164 4176 Dioscorum
2194 4131 2249 4176 et
2276 4123 2408 4176 Am-

845 4217 1088 4269 monium
1138 4215 1389 4266 armavit.
1431 4215 1493 4266 lli
1530 4229 1652 4266 eum
1697 4214 1879 4282 plures
1915 4228 2078 4282 quam
2122 4213 2406 4284 quingenti

843 4316 1052 4368 essent,
1082 4305 1432 4359 monasteriis
1467 4304 1677 4358 relictis
1701 4304 2088 4358 Alexandriam
2115 4315 2407 4370 venerunt,

844 4410 899 4453 et
947 4398 1196 4454 Orestem
1247 4412 1411 4450 curru
1468 4407 1684 4449 vectum
1735 4397 1786 4447 in
1851 4395 2133 4463 publicum
2186 4395 2409 4464 prodire

849 4489 1236 4549 invenientes,
1280 4485 1545 4538 conviciis
1582 4500 1706 4537 eum
1754 4483 2090 4546 all‘ecerunt,
2138 4484 2407 4538 idolorum

849 4579 1154 4631 sacrificum
1203 4584 1258 4629 et
1294 4575 1542 4630 ercum
1591 4575 1962 4642 appellantes,
2011 4574 2240 4641 aliisque
2289 4575 2409 4644 ejus

844 4671 1065 4738 generis
1105 4667 1456 4722 contumeliis
1497 4667 1934 4736 proscindentes.
1976 4667 2070 4720 Ille
2113 4667 2258 4736 quod
2297 4667 2409 4720 haec

848 4737 1104 4814 instinctu
1145 4759 1329 4830 Cyrilli
1369 4759 1484 4812 ﬁeri
1521 4759 1894 4822 existimaret,
1944 4757 2316 4812 Christianum
2351 4749 2408 4811 se
2439 4737 2488 4796 D

848 4868 967 4906 esse
1011 4852 1293 4922 professus
1334 4861 1452 4913 est,
1500 4861 1555 4905 et
1599 4851 2075 4920 Constantinopoli
2122 4851 2190 4904 ab
2224 4851 2406 4904 Attico

851 4945 1108 5014 baptismi
1157 4943 1430 5013 mysteriis
1475 4943 1748 4995 initiatum
1783 4943 1883 5009 (l).
1935 4942 2185 4996 Monachi
2223 4952 2408 4995 autem

849 5053 976 5090 eum
1004 5052 1070 5089 ne
1097 5051 1360 5102 responso
1392 5036 1608 5103 quidem
1641 5035 1846 5103 dignati
1873 5044 2020 5087 sunt.
2056 5035 2234 5102 Atque
2266 5049 2409 5088 unus

849 5145 914 5181 ex
947 5128 1059 5192 eis,
1106 5129 1192 5181 cui
1222 5143 1418 5180 nomen
1464 5127 1732 5179 Ammonii
1767 5137 1920 5188 erat.
1969 5143 2161 5180 saxum
2189 5140 2410 5196 quoque

849 5221 903 5274 in
952 5220 1190 5288 praefecti
1229 5219 1420 5273 faciem
1468 5219 1740 5286 conjecit:
1779 5218 1921 5271 unde
1963 5219 2054 5272 ille
2101 5227 2246 5272 totus
2279 5236 2408 5273 san-

848 5310 1010 5379 guine
1044 5323 1374 5376 conspersus
1398 5317 1498 5360 est.
1536 5308 1702 5360 l’orro
1733 5307 2072 5375 apparitores
2097 5308 2406 5376 militesque

847 5399 1003 5468 ejus},
1059 5401 1246 5468 paucis
1299 5401 1575 5468 exceptis,
1627 5399 1766 5453 alius
1802 5399 1942 5464 alio,
1990 5399 2230 5468 lapidum
2261 5396 2406 5455 ictus

848 5502 1174 5555 metuentes,
1214 5492 1568 5562 diﬂ‘ugerunt.
1604 5492 1758 5557 Quod
1796 5491 1886 5546 ubi
1917 5493 2149 5562 populus
2175 5493 2403 5558 audivit,

849 5584 914 5637 ad
967 5598 1127 5654 Opem
1180 5583 1437 5653 praefecto
1484 5585 1766 5638 ferendam
1822 5600 2012 5639 omnes
2071 5584 2404 5643 conﬂuxere.

925 5740 1000 5809 (l)
1031 5739 1238 5795 Socrat.
1267 5740 1363 5797 lib.
1395 5758 1488 5808 vn,
1516 5757 1634 5812 cap.
1661 5743 1742 5796 l4.

2511 3457 2766 3526 Ὀρέστου
2816 3461 3129 3529 πειρᾶσθαι.
3174 3462 3258 3524 Ὧς
3300 3464 3343 3516 δ’
3373 3468 3580 3529 ἐκεῖνος
3623 3465 3777 3531 αὖθις
3818 3473 3919 3524 οὑκ
3965 3474 4092 3524 ἔλυε

2511 3557 2607 3623 τὴν
2641 3557 2830 3624 ὀργὴν,
2863 3557 2977 3609 ἀλλ’
3004 3558 3266 3621 ἄσπονδος
3306 3561 3456 3630 μάχη
3493 3563 3550 3614 ὲν
3583 3563 3658 3631 τῷ
3694 3567 3846 3634 μέσῳ
3883 3569 4094 3619 τούτων

2512 3645 2918 3715 ἀνερριπίζετο,
2949 3648 3224 3713 καὶτοῦτο
3251 3653 3448 3720 συνέϐη
3481 3655 3761 3719 γενέσθαι.
3792 3658 3948 3720 Τινὲς
3977 3663 4094 3712 τών

2512 3738 2638 3806 περ)⁵
2661 3739 2729 3788 τὰ
2753 3739 2931 3790 ὲκεῖσέ
2959 3755 3034 3808 πη
3061 3740 3183 3810 ὅρη,
3212 3743 3308 3794 καὶ
3338 3744 3575 3810 μάλιστα
3600 3747 3710 3798 τῶν
3735 3749 3834 3816 τῆς
3857 3751 4093 3820 Νιτρίας

2513 3832 2795 3900 μοναχῶν,
2840 3833 2987 3902 ζήλῳ
3037 3834 3548 3906 διαθερμανθέντες,
3595 3839 3686 3891 τὸν
3732 3843 3848 3894 ἴσον
3892 3849 4094 3914 τρόπον

2511 3925 2606 3976 καὶ
2642 3923 2781 3992 ὑπὲρ
2818 3926 3090 3996 Κυρίλλου
3129 3928 3429 3998 ἐμάχοντο,
3471 3932 3611 3984 καθὰ
3644 3933 3781 4001 δῆτα
3815 3937 3912 3987 καὶ
3950 3939 4093 4006 ὑπὲρ

2511 4015 2604 4067 τοῦ
2652 4015 2796 4067 Θείου
2826 4033 2840 4049 ·
2887 4019 3123 4087 ὁπηνίκα
3167 4020 3425 4088 Θεόφιλος
3471 4023 3716 4087 ἐκείνους
3767 4026 3867 4078 σὺν
3911 4029 4094 4080 οὐδενι

2510 4106 2672 4176 λόγῳ,
2699 4109 2837 4160 κατὰ
2861 4109 2968 4160 τῶν
2996 4112 3125 4180 περὶ
3148 4111 3440 4182 Διόσκορον
3469 4116 3563 4166 καὶ
3586 4113 3903 4185 Ἀμμώνιον
3928 4120 4097 4172 ὦπα·

2514 4216 2623 4252 σεν.
2643 4199 2897 4267 ’Δφέντες
2919 4201 3099 4254 τοίνυν
3121 4202 3189 4254 τὰ
3213 4206 3558 4275 μοναστήρια
3579 4205 3769 4276 ἄνδρες
3795 4209 3937 4278 ὑπὲρ
3966 4229 4095 4263 πεν-

2511 4291 2798 4353 τακοσίους
2828 4292 2999 4354 ὅντες,
3030 4292 3126 4362 τὴν
3147 4293 3500 4365 Ἀλεξάνδρου
3528 4298 3853 4352 κατέλαϐον.
3883 4301 4011 4354 Ἐπὶ
4039 4305 4096 4354 Et

2511 4381 2606 4434 τοῦ
2653 4382 2924 4451 ὀχήματος
2973 4385 3179 4436 ἐκεῖνον
3228 4385 3488 4454 προϊόντα
3531 4388 3811 4456 εὑρόντες,
3865 4391 4096 4460 ὕϐρεσιν

2512 4473 2702 4527 ἔϐαλον
2724 4513 2739 4536 ,
2775 4475 2939 4544 θύτην
2975 4477 3381 4538 ἀποκαλοῦντες
3420 4471 3516 4532 καὶ
3544 4479 3823 4548 Ἕλληνα,
3862 4486 3958 4535 καὶ
3993 4488 4091 4537 ὅσα

2511 4565 2734 4617 τοιαῦτα
2771 4567 3012 4634 αἰσχρῶς
3050 4567 3422 4637 περιύϐριζον.
3459 4571 3838 4640 Λογισάμενος
3873 4574 3919 4625 δ’
3947 4577 4094 4627 ἐκεῖ·

2514 4680 2600 4724 νος
2623 4663 2793 4714 ταῦτα
2818 4664 3086 4733 Κύριλλον
3112 4667 3589 4735 σκευωρήσασθαι,
3611 4667 3942 4737 Χριστιανὸν
3967 4655 4094 4724 ιἀυ-

2516 4755 2602 4806 τὸν
2637 4755 2930 4822 ὡμολόγει,
2968 4756 3063 4809 καὶ
3099 4757 3232 4826 πρὸς
3259 4757 3505 4812 ’Δττικοῦ
3541 4762 3600 4811 ἐν
3628 4763 3694 4829 τῇ
3735 4762 4093 4814 Κωνσταντί-

2516 4861 2605 4897 νου
2638 4846 2956 4916 τελεσθῆναι
2987 4848 3055 4900 τὰ
3091 4849 3352 4915 μυστικά.
3388 4850 3449 4900 Οί
3485 4851 3675 4918 μέντοι
3709 4854 3937 4922 μοναχοὶ
3971 4857 4092 4908 οὐδὲ

2515 4938 2676 5006 λόγου
2712 4939 2916 5006 ἠξίουν.
2951 4936 3043 5001 Εἷς
3074 4941 3118 4993 δ’
3147 4942 3394 5006 ἐκείνων,
3422 4941 3732 5011 Ἀμμώνιος
3766 4945 3962 5014 ὄνομα,
3999 4951 4095 5000 καὶ

2514 5031 2744 5100 χερμάδι
2775 5031 2914 5083 κατά
2940 5030 3030 5082 τοῦ
3064 5031 3355 5099 προσώπου
3385 5035 3472 5083 τὸν
3498 5034 3738 5105 ἔπαρχον
3765 5037 3928 5090 ἔϐαλε
3952 5055 3966 5068 ·
4002 5045 4094 5094 καὶ

2516 5122 2636 5184 ὅλος
2667 5117 2735 5192 ἦν
2769 5121 2994 5190 αἵματος
3030 5122 3304 5191 ἔμπλεως.
3336 5125 3398 5176 Ol
3435 5125 3490 5176 δέ
3527 5130 3651 5195 περὶ
3684 5128 3848 5178 αὑτὸν
3878 5131 4090 5196 τάξεώ-

2515 5230 2605 5264 ται
2637 5213 2794 5276 ἄλλος
2830 5214 3063 5284 ἀλλαχοῦ
3095 5215 3464 5284 διεδίδρασκον
3486 5257 3499 5279 ,
3534 5217 3632 5279 τὰς
3663 5218 3773 5271 τῶν
3803 5220 3971 5272 λίθων
4002 5223 4091 5274 δε-

2516 5305 2685 5370 διότες
2741 5305 2921 5375 βολάς.
2961 5307 3249 5361 Ἀκουσθὲν
3302 5309 3358 5360 δὲ
3409 5310 3485 5378 τῷ
3539 5311 3730 5380 δήμῳ,
3791 5314 4094 5384 συνέρρεον

2516 5399 2752 5461 ἅπαντες
2783 5399 3011 5468 ἀμύνειν
3042 5401 3357 5471 αἱρούμενοι
3383 5402 3460 5469 τῷ
3489 5403 3736 5473 ἐπάρχῳ.
3773 5406 3836 5456 Οί
3871 5406 3971 5474 μὲν
4002 5404 4091 5480 oga

2519 5496 2742 5563 μοναχοὶ
2778 5497 2923 5565 φυγῇ
2955 5495 3054 5566 τὴν
3089 5497 3369 5567 σωτηρίαν
3408 5499 3914 5568 ἐπραγματεύοντο.
3947 5493 4091 5565 Ἅμ-

2519 5585 2716 5655 μώνιον
2738 5587 2781 5640 δ’
2800 5590 2890 5640 ἐπὶ
2912 5590 2973 5641 τὸ
2998 5589 3488 5662 δικαστικὸν.βῆμα
3516 5593 3888 5662 συμϐαλόντες
3920 5624 4048 5666 ηε...
4074 5610 4088 5628 ·
