4250 6440
735 322 873 393 1107

1920 349 2343 413 NlCEPl—lOlll
2386 357 2726 420 CALLISTI

3830 366 3966 432 1108

725 436 1043 504 duxerunt,
1090 452 1251 513 atque
1291 449 1620 507 ustuiarunt.
1652 455 1888 511 Facinus
1917 458 2021 513 hoc
2056 463 2290 514 maxime
2321 470 2362 523 Α
2397 485 2403 517 τ

2288 487 2290 509 τ
2321 470 2362 523 Α
2397 468 2485 517 καὶ
2520 471 2586 536 τῇ
2630 471 2751 523 κατ’
2781 473 2944 526 αὐτὸν
2978 474 3246 546 ἐκκλησίᾳ
3272 491 3286 505 ·
3322 478 3436 538 τοῖς
3474 475 3584 548 γὰρ
3620 476 3966 549 αἱρουμένοις

724 530 780 583 in
811 529 1013 601 Cyrillo
1041 544 1097 588 et
1128 539 1356 594 ecclesia
1388 544 1508 612 ejus
1538 548 1931 616 reprehensum
1965 562 2068 607 est.
2098 553 2228 607 Nam
2259 569 2287 608 a

721 623 924 681 Chriin
970 632 1337 689 sectatoribus
1377 637 1567 691 alien:e
1614 655 1839 709 prorsus
1883 654 2013 697 sunt
2047 644 2288 710 invidiae,

716 716 975 782 dissidia,
1032 726 1405 783 contentionis
1455 731 1671 796 studia,
1718 748 1943 802 pugna,
1980 737 2179 796 credes.
2229 746 2287 791 et

716 822 1052 880 quacunque
1083 825 1211 867 sunt
1245 819 1463 885 generis
1496 821 1764 889 ejusdem.
1808 823 1970 877 Facta
2004 824 2118 879 haec
2153 836 2286 880 sunt

716 911 914 967 quarto
954 905 1307 974 episcopatus
1341 908 1528 979 Cyrilli
1566 912 1950 980 Alexandrini,
1985 915 2282 971 Theodosii

712 999 895 1045 autent
955 1006 1112 1050 sexto
1162 997 1376 1067 impérii
1426 1016 1601 1066 anno,
1655 1018 1844 1058 mense
1892 1004 2107 1069 Martio,
2155 1020 2279 1060 cum

708 1081 1045 1151 jejuniornm
1098 1104 1251 1145 sacra
1304 1093 1739 1149 celebrarentur.
1806 1094 1923 1150 Non
1984 1098 2056 1151 ita
2110 1099 2282 1153 multo

716 1183 839 1240 post
863 1176 1037 1232 Judaii
1071 1196 1310 1248 rursum,
1345 1199 1468 1238 cum
1502 1186 1885 1242 detestandum
1922 1190 1977 1242 in
2007 1188 2279 1245 Cliristiao

716 1282 816 1322 nos
864 1274 1269 1331 commisissent
1304 1277 1603 1349 ﬂagitium,
1660 1282 1854 1350 dignas
1897 1284 2282 1353 persolverunt

714 1374 925 1427 pinnas,
960 1364 1015 1418 in
1059 1365 1179 1421 loco
1221 1370 1454 1437 quodam
1505 1373 1592 1426 cui
1636 1373 1904 1429 lnmestar
1947 1390 2144 1429 nomen
2173 1383 2278 1439 est,

711 1453 853 1507 inter
896 1455 1211 1514 Chalcidem
1259 1470 1315 1515 et
1350 1461 1694 1519 Antiochiam
1718 1507 1731 1530 ,
1765 1481 1886 1535 qum
1912 1465 1978 1520 ad
2016 1466 2277 1521 Orontem

709 1562 925 1601 amnem
953 1559 1056 1613 est,
1085 1551 1212 1606 sito.
1244 1551 1520 1610 Consueto
1542 1572 1779 1626 namque
1812 1558 2029 1612 ludicro
2050 1574 2275 1627 operam

707 1649 976 1695 navantes
1008 1642 1204 1709 Judaei,
1239 1647 1441 1703 lasciva
1492 1651 1852 1718 protervitate
1883 1661 2049 1721 atque
2090 1652 2276 1706 ebrie-

710 1739 818 1782 tate
849 1740 1001 1785 extra
1032 1733 1289 1791 decorum
1323 1742 1596 1810 progressi
1639 1749 1769 1796 sunt
1795 1782 1808 1804 ,
1854 1753 1909 1796 et
1947 1758 2054 1796 non
2094 1743 2273 1797 solum

2396 560 2616 632 Χριστῷ
2647 561 2875 617 ἔπεσθαι
2906 564 3185 637 ἀλλότριον
3217 567 3397 638 πάντη
3429 567 3648 639 φθόνοι,
3685 568 3780 622 καὶ
3812 570 3964 635 φιλο-

2393 651 2627 714 νεικίαι,
2662 654 2753 707 καὶ
2783 653 2960 724 ἔριδες
2981 697 2997 721 ,
3034 658 3206 727 μάχαι
3236 675 3294 712 τε
3327 660 3465 729 πρὸς
3494 660 3707 723 τούτοις
3740 662 3834 714 καὶ
3867 660 3964 729 φό-

2389 757 2495 804 νοι,
2532 742 2626 794 καὶ
2658 743 2757 796 ὅσα
2787 744 2851 816 δὴ
2888 748 3270 819 παραπλήσια.
3301 750 3558 821 Τετάρτῳ
3594 751 3696 821 μὲν
3727 750 3820 804 οὗν
3855 752 3964 804 ἔτει

2390 832 2661 898 Κυρίλλου
2705 834 2805 904 τὴν
2850 837 3199 910 Ἀλεξάνδρου
3247 843 3743 913 ἐπιτροπεύοντος,
3790 842 3964 896 ταῦτα

2387 927 2673 997 ἐπράχθη.
2729 929 3011 985 Θεοδοσίου
3058 935 3113 988 δέ
3161 934 3321 989 ἕκτον
3370 938 3487 999 ἔτος
3537 938 3846 1000 διανύοντος
3895 941 3959 1009 τῇ

2385 1015 2552 1088 ἀρχῇ,
2596 1018 2654 1069 ἐν
2699 1019 2831 1089 μηνὶ
2872 1020 3103 1092 Μαρτίῳ
3145 1022 3487 1093 τελουμένων
3527 1023 3634 1075 τῶν
3673 1024 3958 1094 νηστειῶν.

2385 1106 2501 1164 Οἷικ
2531 1110 2610 1173 είς
2643 1113 2861 1183 μακρὰν
2888 1114 2945 1168 δὲ
2977 1116 3141 1169 πάλιν
3162 1116 3408 1171 Ἰουδαῖοι
3440 1119 3582 1173 κατὰ
3609 1117 3960 1188 Χριστιανῶν

2385 1201 2553 1270 ἐναγῆ
2586 1201 3100 1273 διαπεπραγμένοι,
3136 1206 3294 1272 ἀξίαν
3325 1207 3513 1262 ἔδοσαν
3543 1208 3700 1275 δίκην
3721 1248 3738 1273 ,
3773 1210 3832 1260 ἐν
3855 1206 3959 1260 Ἰν-

2387 1291 2595 1362 μεστάρ
2627 1293 2827 1346 οὑτωσὶ
2859 1295 3178 1367 καλουμένῳ
3211 1297 3396 1368 χώρῳ,
3425 1299 3499 1361 ὃς·
3514 1299 3718 1367 μεταξὺ
3750 1301 3960 1353 Χαλκί-

2381 1379 2468 1442 δος
2505 1382 2599 1434 καὶ
2624 1382 2957 1454 Ἀντιοχείας
2989 1389 3090 1457 τῆς
3126 1390 3262 1459 πρὸς
3293 1388 3370 1459 τῷ
3397 1388 3622 1463 Ὀρόντῃ
3657 1392 3794 1445 ἐστί.
3825 1393 3959 1452 Ταῖς

2380 1472 2440 1538 ἐξ
2471 1473 2626 1538 ἔθους
2661 1478 2767 1547 γάρ
2802 1479 3043 1542 παιδιαῖς
3074 1482 3528 1550 ἐνασμενίξοντες
3550 1482 3830 1548 Ἰουδαῖοι,
3863 1487 3957 1539 καὶ

2378 1566 2456 1635 τῷ
2485 1568 2661 1638 πολλῷ
2688 1571 2787 1640 τῆς
2818 1572 3109 1641 παροινίας
3135 1574 3239 1639 ἐξω
3264 1575 3376 1628 τῶν
3402 1576 3629 1629 εἰκότων
3654 1576 3958 1646 τηνικαῦτα

2380 1661 2761 1727 γεγενημένοι,
2793 1662 2852 1713 οὐ
2885 1663 3249 1732 Χριστιανοὺς
3282 1665 3464 1734 μόνον,
3498 1666 3635 1719 ἀλλὰ
3666 1666 3762 1719 καὶ
3792 1666 3957 1720 αὑτὸν

2378 1750 2471 1802 τὸν
2498 1751 2727 1821 Σωτῆρα
2756 1754 2993 1823 Χριστὸν
3018 1758 3129 1819 τοῖς
3160 1758 3433 1823 παιγνίοις
3460 1756 3731 1825 διέσυρον.
3758 1758 3956 1825 Ἐπεγ-

712 1820 1086 1893 Christianos,
1127 1830 1221 1883 sed
1257 1831 1435 1901 ipsum
1480 1849 1697 1904 quoque
1740 1834 2088 1890 Servatorem
2114 1835 2275 1891 Chri-
2306 1840 2349 1899 Β
2379 1858 2390 1871 ·

2306 1840 2349 1899 Β
2379 1842 2646 1909 γελῶντες
2688 1845 2745 1896 δέ
2781 1845 2843 1897 τὸ
2884 1847 3179 1910 ζωοποιοδν
3217 1849 3311 1901 τοῦ
3355 1849 3594 1917 σταυροῦ
3641 1849 3818 1914 ξύλον,
3859 1851 3954 1903 καὶ

710 1924 851 1967 stum
880 1917 1170 1975 illudeutes
1201 1924 1601 1980 traduxerunt:
1633 1936 1689 1981 et
1718 1927 2058 1983 salutiferum
2091 1928 2272 1982 crucis

706 2003 937 2073 lignum,
972 2025 1176 2077 eosque
1203 2014 1297 2082 qui
1329 2029 1452 2084 Spes
1483 2031 1609 2070 suas
1650 2017 1703 2070 in
1744 2032 1810 2072 eo
1856 2018 1989 2072 sitas
2042 2018 2267 2081 habent,

710 2096 974 2164 ridentes,
1026 2101 1356 2159 horrendum
1397 2106 1665 2176 ejusmodi
1710 2108 1966 2178 quiddam
2012 2110 2269 2164 institue-

706 2196 856 2241 runt.
878 2188 1136 2246 ‘Puerum
1188 2196 1334 2249 enim
1388 2197 1760 2254 Christianum
1808 2202 2266 2270 comprehensum

704 2280 758 2332 in
794 2296 960 2337 cruce
997 2288 1423 2357 suspenderunt,
1455 2306 1691 2361 eumque
1722 2292 1959 2348 ludibrio
1990 2302 2045 2348 et
2081 2293 2269 2348 sannis

705 2372 943 2439 primum
986 2379 1303 2446 prosecuti,
1335 2381 1535 2437 deinde
1568 2384 1821 2439 alienatis
1852 2399 2077 2453 prorsus
2112 2399 2269 2439 men-

707 2469 874 2536 tibus,
910 2469 1097 2541 ﬂagris
1130 2472 1197 2528 ad
1227 2487 1460 2531 mortem
1506 2493 1674 2547 usque
1706 2461 2089 2532 conciderunt.
2124 2477 2264 2544 Quid

708 2574 841 2616 vero
888 2574 1075 2632 postea
1123 2566 1546 2624 factum‘lblulti
1600 2569 1820 2639 quidem
1884 2570 1952 2625 ab
2005 2571 2262 2635 illorum,

706 2653 862 2707 inulti
887 2655 1051 2710 etiam
1094 2673 1125 2712 a
1170 2672 1356 2715 nostra
1404 2672 1557 2729 parte
1599 2663 1741 2715 inter
1764 2677 1822 2716 se
1864 2669 2262 2716 concurrentes

701 2746 1110 2817 depugnarunt,
1145 2761 1201 2806 et
1230 2752 1520 2808 conﬂictus
1554 2753 1829 2822 utr-inique
1859 2754 2041 2822 gravis
2071 2755 2260 2819 lactus,

699 2837 839 2892 adeo
891 2848 949 2894 ut
985 2841 1206 2910 plurimi
1253 2845 1683 2900 trucidarentur.
1734 2849 1910 2913 Atque
1956 2845 2008 2898 id
2060 2844 2263 2899 factum

701 2928 789 2981 ubi
836 2930 1132 3000 imperator
1180 2936 1419 2997 rescivit,
1466 2936 1532 2989 ad
1579 2936 1874 3005 provincia:
1918 2937 2268 3005 magistratus

700 3020 942 3090 scripsit,
976 3033 1032 3078 ut
1060 3025 1114 3079 in
1158 3036 1411 3081 auctores
1454 3029 1686 3082 maxime
1735 3027 1858 3081 mali
1905 3027 2062 3092 tanti,
2108 3028 2179 3081 ita
2210 3038 2272 3084 ut

700 3128 799 3181 par
854 3126 1035 3181 esset,
1100 3119 1625 3175 animadverterent.
1687 3121 1751 3173 Et
1793 3120 1965 3175 Judaei
2015 3134 2268 3189 compre-

2375 1933 2501 1994 τοὺς
2528 1933 2614 1985 ἐπ’
2637 1934 2785 2005 αὐτῷ
2813 1936 2908 1999 τας
2938 1938 3157 2000 ἐλπίδας
3188 1938 3435 2008 ἔχοντας,
3461 1939 3708 1993 τοιοῦτον
3733 1958 3785 1993 τι
3814 1942 3951 2007 πλη-

2376 2022 2703 2095 κτικὼτερον
2755 2027 3130 2090 διεσκεύαζον.
3202 2031 3422 2083 Παιδίον
3480 2033 3544 2083 ἐκ
3600 2030 3953 2100 Χριστιανῶν

2376 2114 2802 2184 συλλαϐόμενοι,
2856 2118 3074 2189 σταυρῷ
3126 2122 3549 2190 προσανήρτων.
3601 2122 3709 2173 Καὶ
3757 2123 3951 2191 πρῶτα

2376 2205 2475 2271 μὲν
2513 2205 2705 2273 γέλωτι
2749 2211 2843 2261 καὶ
2887 2209 3054 2280 χλεύῃ
3098 2211 3336 2279 συνῆσαν
3361 2229 3374 2242 ο
3418 2207 3537 2264 εἶτα
3580 2211 3690 2264 τῶν
3732 2211 3951 2282 φρενῶν

2373 2294 2477 2360 ἔξω
2506 2297 2812 2367 γενόμενοι,
2847 2302 2941 2353 ἐπὶ
2970 2302 3129 2355 τόσον
3159 2303 3483 2372 ἐμάστιξαν,
3518 2302 3661 2357 ὥστε
3693 2303 3788 2356 καὶ
3820 2306 3950 2357 ἀνε-

2370 2388 2503 2440 λεῖν.
2535 2388 2598 2439 Τί
2628 2388 2690 2440 τὸ
2717 2389 2807 2441 ἐπὶ
2841 2390 3091 2456 τούτοις;
3124 2392 3321 2446 Πολλοὶ
3352 2394 3451 2463 μὲν
3482 2394 3725 2453 ἐκεῖθεν,
3762 2391 3949 2447 πολλοὶ

2366 2479 2421 2531 δὲ
2457 2480 2705 2533 ἐντεῦθεν
2739 2484 3109 2552 συρραγέντες
3145 2485 3284 2556 πρὸς
3320 2485 3588 2553 ἀλλήλους
3624 2484 3900 2553 ἠμύνοντο
3926 2499 3943 2515 ·

2367 2574 2459 2625 καὶ
2486 2572 2699 2643 χαλεπὴ
2730 2577 3063 2644 συμπληγὰς
3095 2579 3181 2629 ἐπ’
3206 2578 3497 2648 ἀμφότερα
3527 2577 3596 2630 τὰ
3631 2577 3773 2647 μέρη
3804 2576 3947 2645 ἐχώ·

2367 2680 2473 2733 ρει,
2508 2663 2584 2726 ὡς
2616 2667 2707 2719 καὶ
2746 2665 3033 2730 πλείστους
3068 2669 3444 2739 ἀναιρεθῆναι.
3475 2668 3633 2721 Ἐπεὶ
3665 2667 3712 2721 δ’
3740 2672 3768 2721 ὁ
3802 2685 3946 2738 κρα-

2364 2753 2472 2806 τῶν
2502 2757 2561 2808 τὸ
2590 2755 2805 2823 συμϐὰν
2833 2757 3127 2825 ἐμάνθανε,
3158 2761 3269 2822 τοῖς
3300 2760 3421 2813 κατ’
3446 2759 3715 2829 ἐπαρχίαν
3747 2759 3947 2830 ἄρχου-

2367 2860 2452 2896 σιν
2501 2843 2749 2920 ἔστελλε,
2800 2848 2925 2910 τοὺς
2973 2849 3190 2916 μάλιστ’
3216 2850 3424 2912 αἰτίους
3475 2850 3580 2903 ὑπὸ
3627 2850 3813 2919 δίκην,
3864 2849 3944 2910 ὠς

2365 2936 2536 2999 εἰκὸς,
2563 2937 2738 3005 ἄγειν.
2764 2939 2875 2992 Καὶ
2904 2941 3303 3011 συλληφθέντες
3326 2942 3573 2997 Ἰουδαῖοι
3598 2942 3759 3013 δίκην
3782 2930 3944 3005 άξίαν

2368 3022 2442 3082 ὧν
2476 3029 2758 3093 παίζοντες
2789 3033 3228 3105 ἐκακούργησαν,
3258 3036 3467 3100 ἔδοσαν,
3502 3037 3701 3108 ζημίᾳ,
3732 3037 3831 3089 καὶ
3861 3035 3945 3101 ξίο

2372 3137 2483 3187 φει,
2517 3124 2610 3174 καὶ
2640 3121 2830 3184 ἄλλαις
2863 3125 3175 3179 κακώσεσιν
3206 3128 3568 3198 ὑπαχθέντες.

703 3208 881 3276 hensi,
932 3211 1107 3284 instas
1162 3211 1350 3283 ﬂagitii
1380 3229 1476 3282 per
1554 3211 1742 3268 ludum
1833 3213 2113 3269 commissi
2166 3210 2450 3267 solverunt
2500 3227 2713 3283 pmnas,
2764 3215 2997 3285 mulcta,
3054 3216 3245 3284 ferro,
3291 3228 3350 3275 et
3393 3219 3521 3276 aliis
3565 3220 3749 3290 pretiis
3826 3234 3948 3275 ma-

696 3302 846 3357 elati.

1172 3424 1330 3496 47],
1366 3424 1590 3481 CAPUT
1628 3426 1783 3480 XVII.

695 3518 774 3572 De
805 3516 1113 3587 Judrro-qui
1149 3517 1268 3569 dolo
1315 3533 1451 3583 sirpe
1500 3517 1819 3583 baptizatus,
1866 3527 2141 3586 postquam
2190 3515 2260 3567 nd

766 3589 999 3641 Paulum
1052 3590 1214 3640 etiam
1264 3587 1683 3640 Novatianorum
1732 3590 2025 3655 episcopum
2076 3587 2256 3647 venit,

766 3662 981 3711 lavacro
1011 3659 1257 3725 baptismi
1285 3657 1381 3707 rite
1412 3667 1625 3723 parato,
1669 3668 1723 3709 ut
1762 3658 1934 3710 subito
1965 3672 2106 3723 aqua
2138 3670 2257 3707 eva—

766 3729 963 3782 nuerit.
1001 3728 1105 3781 Deo
1135 3728 1593 3797 importunitatem
1638 3744 1755 3780 eam
1805 3725 2063 3779 miraculo
2102 3741 2257 3778 coar-

764 3808 970 3867 gttettw.

762 3912 1139 3984 Chrysanthus
1173 3912 1602 3967 Novatianorum
1633 3913 1946 3981 episcopus,
2006 3910 2097 3965 ubi
2135 3925 2259 3979 sep-

698 4019 804 4063 tem
829 4024 1001 4062 annos
1030 4022 1232 4061 munus
1272 4022 1432 4062 suum
1465 4005 1888 4070 administravit,
1923 4003 2033 4057 vita
2062 4002 2258 4057 deiun-

694 4113 836 4163 etus,
873 4114 1245 4153 successorem
1295 4098 1347 4151 in
1379 4099 1696 4168 episcopatu
1755 4096 1947 4150 habuit
2001 4095 2255 4150 Paulum.

694 4190 932 4256 Quicum
956 4190 1189 4258 primum
1213 4188 1523 4242 Latinarum
1546 4189 1726 4243 littera
1738 4204 1853 4243 rum
1882 4188 2074 4244 doctor
2090 4199 2255 4251 esset,

698 4283 925 4335 remisso
955 4281 1061 4334 illis
1097 4280 1313 4342 nuntio,
1339 4278 1405 4333 ad
1442 4280 1604 4333 vitam
1654 4280 1943 4334 aseeticam
1976 4295 2033 4334 se
2064 4288 2261 4334 contu-

692 4374 792 4427 lit:
831 4383 885 4428 ct
943 4372 1395 4442 philosnphorum
1430 4373 1671 4425 virorum
1745 4373 2045 4427 monastico
2106 4371 2260 4425 insti-

700 4474 840 4525 tuto,
863 4462 1293 4531 praestantiorem
1316 4478 1476 4532 quam
1510 4462 1601 4531 qui
1626 4462 1679 4516 in
1716 4462 2012 4516 solitudine
2030 4461 2254 4531 degunt,

695 4558 861 4609 vitam
896 4558 1027 4625 egit.
1061 4555 1207 4610 Talis
1241 4557 1386 4609 enim
1448 4565 1587 4619 erat,
1614 4556 1802 4625 quales
1842 4556 2107 4625 Evagrius
2163 4572 2258 4609 eos

698 4660 816 4702 esse
837 4646 1036 4701 debere
1061 4646 1212 4712 dicit,
1235 4646 1328 4716 qui
1356 4646 1407 4699 in
1431 4646 1714 4701 solislocis
1732 4658 2037 4712 versantur,
2071 4663 2257 4702 mona-

2940 3415 3193 3471 ΚΕΦΑΛ.
3230 3417 3329 3468 IZ'.

2362 3506 2503 3574 Περὶ
2537 3506 2643 3560 τοῦ
2710 3505 3010 3574 Ἐϐραίου,
3075 3507 3143 3572 ὃς
3175 3507 3337 3572 δόλῳ
3375 3507 3677 3574 πολλάκις
3722 3509 3946 3572 βαπτι-

2434 3572 2624 3640 (mare.
2660 3576 2788 3629 ἐπεὶ
2809 3572 2913 3629 καὶ
2944 3578 3103 3643 παρὰ
3128 3579 3373 3631 Παῦλον
3425 3572 3578 3645 ἧκεν
3607 3572 3713 3630 τὸν
3745 3582 3945 3633 Ναυα-

2434 3646 2655 3699 τιανῶν
2680 3646 3041 3708 ἐπίσκοπον,
3069 3645 3178 3711 τῆς
3206 3647 3635 3714 κολυμϐήθρας
3660 3650 3940 3715 εὐτρεπι-

2432 3719 2706 3788 σθείσης,
2759 3717 2982 3788 αἴφνης
3013 3717 3078 3788 τὸ
3101 3716 3259 3784 ὕδωρ
3308 3717 3539 3784 ἀφανὲς
3567 3715 3666 3788 ἥν,
3699 3720 3768 3771 τὸ
3804 3719 3944 3772 ἀτο-

2430 3801 2547 3839 :zor
2578 3786 2684 3839 τοῦ
2716 3788 2864 3840 Θεοῦ
2887 3785 3328 3855 διελέγχω-τος.

2442 3898 2532 3953 Ἐν
2574 3899 2631 3951 δέ
2682 3900 2857 3968 τούτῳ
2907 3898 3047 3951 ἑπτὰ
3101 3897 3197 3967 ἔτη
3231 3899 3491 3978 διανύσας
3541 3903 3607 3971 τῇ
3659 3904 3939 3977 ἐπισκοπῇ

2365 3988 2677 4058 Χρύσανθος
2704 3988 2732 4040 ὁ
2763 3988 2870 4039 τῶν
2900 3988 3262 4042 Ναυατιανων
3294 3989 3595 4053 ἐπίσκοπος
3628 3992 3894 4046 ἐτελεύτα
3921 4008 3939 4023 ’

2360 4084 2461 4150 τὴν
2490 4081 2535 4133 δ’
2559 4082 2865 4151 ἐπισκοπὴν
2900 4082 3165 4151 διεδέχετο
3203 4082 3413 4145 Παῦλος
3436 4098 3450 4113 ⁸
3476 4084 3551 4144 ὡς
3586 4085 3805 4152 πρῶτον
3837 4087 3943 4155 μιν

2371 4171 2699 4240 Ῥωμαϊκῶν
2728 4173 2902 4239 λόγων
2936 4173 3258 4235 διδάσκαλος
3297 4169 3366 4244 ἦν
3388 4189 3403 4205 ’
3457 4175 3671 4244 χαίρειν
3707 4176 3753 4227 δ’
3790 4177 3944 4230 ἐκεί.

2359 4283 2469 4325 νοις
2493 4265 2681 4329 εἰπὼν,
2714 4266 2807 4317 ἐπὶ
2829 4264 2925 4335 τὴν
2961 4265 3271 4336 ἀσκητικὴν
3296 4266 3519 4336 ἀγωγὴν
3545 4269 3637 4319 τὸν
3661 4269 3775 4337 βίον
3799 4287 3941 4338 μετ-

2360 4356 2532 4408 έθετο.
2560 4357 2940 4426 Μοναστήριον
2965 4356 3020 4408 δὲ
3058 4357 3471 4425 συστησάμενος
3503 4357 3817 4425 φιλοσὸψων
3844 4362 3941 4411 ἁν-

2360 4447 2521 4514 δρῶν,
2550 4448 2645 4502 καὶ
2676 4450 2922 4519 κρεῖττον
2954 4448 3099 4518 ἢπερ
3119 4451 3169 4501 οἱ
3204 4448 3262 4500 ἐν
3290 4450 3481 4518 ἐρήμῳ
3520 4450 3650 4517 βιῶν
3679 4451 3934 4507 διετέλει.

2360 4541 2616 4603 Τοιοῦτος
2664 4540 2773 4609 γὰρ
2822 4536 2911 4610 ἦν,
2954 4542 3100 4602 οἴους
3137 4542 3405 4610 Εὑάγριος
3442 4542 3555 4595 δεῖν
3611 4540 3753 4596 εἶναί
3798 4563 3940 4615 φησι

2360 4634 2485 4696 τοὺς
2520 4636 2577 4686 ἐν
2603 4636 2807 4704 ἐρημίᾳ
2831 4634 3115 4706 διατριδὴν
3146 4635 3369 4703 ἔχοντας
3392 4636 3659 4707 μοναχούς
3686 4655 3701 4670 ο
3728 4635 3812 4701 οἷς
3833 4642 3941 4692 κά-

699 4739 853 4802 chos,
874 4738 939 4791 ad
973 4752 1203 4806 quorum
1232 4751 1409 4790 mores
1432 4736 1596 4790 vitam
1628 4752 1845 4806 quoque
1879 4753 2031 4791 suam
2062 4738 2260 4792 Paulus
2292 4759 2333 4813 ι)
2363 4743 2377 4778 ³

2256 4774 2260 4787 ,
2292 4759 2333 4813 υ
2363 4727 2541 4788 κεῖνος
2576 4727 2940 4797 παραπλήσια
2969 4729 3228 4796 ἐπραττε,
3257 4728 3460 4797 συνεχῆ
3483 4732 3740 4799 νηστείαν
3767 4732 3934 4802 ἔχων,

629 4847 632 4850 ’
694 4831 1021 4900 composuit,
1048 4829 1304 4899 jejunans
1335 4829 1703 4893 continenter,
1745 4844 1916 4897 pauca
1963 4828 2255 4883 admodum

695 4924 946 4990 loquens.
981 4922 1049 4975 ab
1073 4921 1436 4975 animatorum
1460 4920 1580 4973 cibo
1615 4919 1915 4984 abstinens,
1959 4921 2255 4989 plurimum

696 5029 874 5082 neque
903 5013 1026 5067 vino
1046 5027 1221 5082 neque
1240 5012 1359 5066 oleo
1382 5022 1559 5073 utens,
1581 5011 1886 5082 indigentes
1904 5028 2063 5081 quam
2090 5011 2261 5065 maxi-

701 5122 785 5162 me
801 5122 983 5160 amore
1001 5117 1367 5174 prosequens:
1390 5103 1649 5159 custodiae
1667 5103 2102 5173 inclusos,siquis
2118 5104 2259 5160 alius

695 5212 751 5256 ct
773 5203 887 5270 ipse
907 5199 1218 5269 frequenter
1239 5198 1464 5253 visitans
1486 5215 1498 5252 :
1522 5213 1621 5269 pro
1643 5198 1722 5253 eis
1739 5200 1831 5268 qui
1858 5199 2054 5269 injuria
2077 5198 2257 5253 aﬂ‘ecti

692 5292 1045 5363 cssent,apud
1064 5292 1335 5362 principes
1349 5290 1494 5345 viros
1509 5292 1804 5362 deprecans
1825 5310 1839 5347 :
1861 5293 1950 5362 qui
1970 5291 2131 5346 etiam
2151 5306 2257 5346 non

696 5397 935 5452 gravate,
968 5383 1113 5453 quod
1152 5384 1241 5437 ille
1277 5382 1517 5453 petebat,
1542 5383 1835 5447 faciebant,
1871 5392 2094 5453 propter
2120 5384 2258 5439 insi.

695 5493 853 5547 gnem
876 5491 997 5547 qua:
1020 5477 1074 5529 in
1094 5476 1187 5530 illo
1208 5486 1325 5529 erat
1358 5475 1697 5545 religionem,
1728 5474 1833 5530 Res
1853 5474 1955 5530 sub
1975 5489 2041 5529 eo
2059 5475 2259 5529 accidit

698 5570 859 5639 digna
884 5583 1108 5637 prorsus
1128 5582 1247 5635 quae
1264 5566 1524 5621 oblivioni
1550 5575 1605 5622 et
1642 5566 1861 5622 silentio
1877 5582 1982 5621 non
2002 5569 2256 5621 commit-

699 5673 846 5717 tatur
872 5676 1059 5729 :quam
1081 5660 1222 5725 apud
1248 5658 1522 5714 Socratem
1549 5658 1821 5715 inventam
1851 5660 1948 5731 (l),
1975 5659 2089 5730 ipse
2122 5676 2259 5731 quo-

769 5793 843 5862 (ἱ)
887 5791 1004 5846 Lib.
1041 5808 1136 5859 ιλιι,
1169 5807 1286 5864 cap.
1330 5792 1411 5846 l7.

2363 4818 2520 4887 ὀλίγα
2578 4819 2808 4887 πάμπαν
2840 4821 3234 4889 φθεγγόμενος,
3273 4821 3346 4891 μὴ
3385 4821 3641 4892 βρώσεως
3672 4824 3938 4896 ἐμψύχων

2367 4912 2610 4980 μετέχων
2632 4928 2645 4941 ’
2678 4912 2743 4965 τὰ
2767 4911 2937 4964 πολλὰ
2960 4911 3015 4963 δὲ
3041 4913 3239 4983 ἥκιστα
3262 4911 3389 4981 οἴνῳ
3407 4913 3501 4965 καὶ
3527 4914 3695 4981 ἐλαίῳ
3712 4915 3935 4985 ἐχρῆτο·

2365 5007 2701 5077 φιλόπτωχος
2744 5008 2800 5061 δέ
2832 5008 2901 5060 τὰ
2925 5008 3162 5077 μάλιστα
3195 5007 3291 5070 ὢν.
3315 5009 3443 5072 τοὺς
3474 5011 3532 5063 ἐν
3573 5012 3845 5079 φυλακαῖς
3887 5016 3939 5065 ει

2365 5100 2461 5153 καί
2485 5118 2565 5162 τις
2587 5102 2748 5162 ἄλλος
2774 5103 2830 5153 ἐν
2854 5103 3128 5172 ἐπισκοπῇ
3154 5104 3408 5157 ἐποιεῖτο.
3434 5103 3544 5155 Καὶ
3572 5104 3707 5173 πρὸς
3738 5104 3939 5175 ἄρχον*

2362 5210 2462 5255 τας
2489 5193 2544 5245 δέ
2576 5193 2715 5263 ὑπὲρ
2744 5195 3114 5263 ἀδικουμένων
3142 5197 3353 5248 ἱκεσίαν
3389 5199 3689 5267 προσῆγεν.
3725 5200 3789 5252 Οἳ
3841 5204 3939 5254 καὶ

2365 5284 2557 5338 θάττον
2589 5287 2805 5338 ἐτέλουν
2836 5288 2897 5342 τὸ
2920 5287 3140 5357 αἰτηθὲν
3162 5287 3250 5341 διὰ
3276 5288 3374 5359 τὴν
3399 5289 3622 5342 ἐνοῦσαν
3646 5291 3938 5346 εὐλάϐειαν

2364 5376 2441 5446 τῷ
2474 5378 2648 5448 ἀνδρί.
2686 5380 2925 5449 Πρᾶγμα
2954 5379 3001 5433 δ’
3030 5380 3117 5432 ἐπ’
3147 5379 3311 5432 αὑτοῦ
3350 5381 3624 5451 ἐπράχθη,
3653 5375 3767 5434 οἷον
3789 5378 3937 5438 εἶναι

2371 5469 2446 5540 μὴ
2476 5468 2623 5535 ἄξιον
2651 5470 2791 5542 λήθῃ
2818 5472 2910 5525 καὶ
2942 5474 3068 5543 σιγῇ
3100 5472 3320 5541 δοθῆναι
3343 5487 3357 5501 ·
3390 5472 3419 5525 ὃ
3438 5472 3503 5541 δὴ
3530 5474 3679 5544 παρὰ
3704 5476 3939 5545 Σωκρά-

2363 5579 2446 5615 τει
2479 5563 2675 5634 εὑρὼν,
2710 5567 2802 5618 καὶ
2828 5565 2989 5629 αὐτὸς
3035 5565 3428 5637 καθιστόρησα.
3465 5565 3726 5629 Ἰουδαῖός
3755 5585 3840 5631 τις
3868 5570 3939 5624 τά

2364 5661 2706 5729 Χριστιανῶν
2733 5661 3001 5723 ὑπελθὼν,
3028 5661 3124 5729 οὐχ
3159 5661 3325 5726 ἅπαξ,
3356 5660 3492 5715 ἀλλὰ
3540 5662 3636 5716 καὶ
3665 5661 3938 5726 π’λλάκις
