4250 6440
311 374 449 437 ΗΟΞ)

305 497 580 570 μετῄει’τδ
608 500 913 572 βάπτισμα,
940 506 1102 580 τέχνῃ
1130 527 1256 577 μετε
1270 516 1532 583 ρχόμενος
1551 518 1624 580 ὡς
1655 519 1721 571 ἂν

305 610 450 661 ματα
501 593 679 665 ἐαυτῷ
720 601 1164 668 προσ-πορίζοιτο.
1218 603 1306 669 Ὠς
1345 607 1400 660 δέ
1429 610 1615 678 σχεδὸν
1646 614 1739 665 ἐπὶ
1775 616 1881 666 πά-

304 701 404 746 σας
431 687 530 750 τὰς
556 687 856 758 θρησκείας
900 695 1194 765 προῆλθεν,
1227 697 1532 768 ’Δρειανῶν
1558 721 1618 756 τε
1647 707 1737 756 καὶ
1766 707 1884 760 Μα-

303 777 633 833 κεδονιανῶν
689 783 1035 854 βαπτισμοὺς
1092 790 1308 855 ἐλαϐεν,
1340 795 1464 846 ἐπεὶ
1501 797 1574 866 μὴ
1615 792 1764 868 εἶχεν
1792 799 1884 863 οὓς

300 872 585 926 τουλοιποῦ
616 877 938 948 ἀπατήσειε,
971 884 1124 947 τέλος
1156 888 1248 939 ἐπὶ
1300 891 1513 944 τουτονὶ
1547 893 1760 948 Παῦλον
1791 898 1881 950 τδν

301 963 410 1016 τῶν
471 967 829 1026 Ναυατιανῶν
890 977 1192 1032 ἐπίσκοπον
1245 975 1386 1052 ἧκεο
1443 986 1794 1057 πλασάμενός
1827 1008 1885 1044 τε

301 1055 593 1126 ἐπιθυμεῖν
627 1062 724 1116 τοῦ
746 1064 834 1118 διὰ
863 1066 972 1120 τῶν
998 1070 1201 1141 χειρῶν
1224 1075 1439 1128 ἐκείνου
1474 1055 1884 1146 βαπτίσματος,

300 1146 475 1202 ἐδεῖτο
507 1154 692 1220 τυχεῖν
721 1156 822 1222 τῆς
852 1158 1119 1226 ἐφέσεως.
1164 1162 1224 1216 '0
1251 1164 1306 1218 δὲ
1336 1166 1396 1217 τὸ
1427 1168 1525 1237 μὲν
1552 1167 1752 1239 θερμὸν
1780 1172 1884 1241 τῆς

303 1243 547 1310 σπουδῆς
585 1248 902 1318 ἀπεδέχετο,
938 1255 998 1306 ού
1033 1255 1330 1328 ξυνεχὼρει
1363 1261 1418 1313 δέ
1444 1261 1538 1314 τοῦ
1570 1263 1886 1335 βαπτίσμα-

298 1347 428 1394 το;.’
453 1340 621 1410 πρινὴ
653 1341 723 1404 ὡς
761 1343 884 1407 ἔθος
916 1350 1302 1419 κατηχηθῆναι
1335 1353 1426 1406 τὸν
1463 1354 1622 1424 λόγον
1671 1361 1768 1428 τῆς
1803 1351 1893 1411 πὶὶ

303 1444 500 1491 στεως,
540 1435 676 1500 μετά
701 1436 800 1506 τὴν
827 1448 1303 1516 προηγησαμένην
1331 1448 1388 1514 ἐξ
1424 1447 1582 1513 ἔθους
1612 1452 1885 1520 νηστείαν.

315 1525 557 1592 Ἐκεῖνος
588 1531 646 1587 δὲ
697 1537 761 1604 τῇ
803 1537 955 1608 παρὰ
992 1543 1221 1614 γνώμην
1276 1547 1500 1618 νηστείᾳ
1540 1545 1888 1619 πιεζόμενος,

305 1621 635 1691 συχνότερον
699 1627 954 1683 ἐπέκειτο
1024 1632 1120 1686 τοῦ
1183 1636 1635 1708 σπουδαζομένου
1685 1643 1890 1711 τυχεῖν.

315 1709 470 1763 Ἐπεὶ
528 1711 572 1764 δ’
630 1714 655 1766 6
693 1717 909 1783 Παῦλος
963 1722 1137 1787 οὕτως
1187 1725 1453 1798 ἔνθερμον
1501 1731 1648 1800 ὀρῶν
1697 1732 1893 1785 λυπεῖν

303 1803 488 1857 οὒκέτι
524 1806 780 1863 ἐϐούλετο
823 1816 888 1882 τῇ
925 1817 1198 1888 παρολκῇ,
1256 1821 1323 1873 τὰ
1355 1821 1494 1890 πρὸς
1523 1825 1583 1876 τὸ
1607 1824 1890 1896 βάπτισμα

304 1895 647 1967 εὐτρεπίζει.
676 1904 783 1956 Καὶ
813 1905 950 1975 δῆτα
1004 1910 1209 1980 ἐσθῆτα
1247 1919 1680 1985 παρασκευάσας
1733 1939 1890 1989 περι·

307 1993 472 2062 φανῇ,
500 1995 593 2046 καὶ
621 1997 680 2048 τὸ
729 1997 1132 2071 βαπτιστήριον
1185 2006 1495 2075 πλησθῆναι
1541 2010 1615 2072 ὡς
1648 2012 1768 2074 ἔθος
1801 2030 1893 2065 xs-

307 2079 504 2143 λεὺσας
541 2082 756 2151 ὓδατος,
789 2087 876 2140 ἐπ’
912 2091 1081 2160 αὐτὴν
1114 2094 1326 2162 προῆγε
1362 2096 1452 2149 τὸν
1475 2097 1760 2165 Ἰουδαῖον,
1816 2101 1891 2164 ὡς

312 2171 596 2240 βαπτίσων
636 2180 869 2248 γυμνόν.
920 2183 1178 2256 Ἀρρήτῳ
1216 2186 1273 2238 δέ
1331 2205 1440 2242 τινι
1475 2189 1628 2254 θείας
1661 2193 1892 2264 προνοίᾳ

309 2264 596 2336 δυνάμεως
631 2272 691 2324 τὸ
747 2271 890 2344 ὕδωρ
923 2275 1121 2348 αἴφνης
1176 2279 1381 2349 ἀφανὲς
1437 2277 1525 2352 ἦν.
1576 2283 1665 2347 Ὠς
1692 2285 1748 2338 δέ
1781 2288 1894 2349 τοῖς

312 2361 550 2429 παροῦσι
579 2363 672 2418 καὶ
703 2364 781 2435 τῷ
813 2367 1099 2440 ἐπισκόπῳ
1143 2373 1310 2441 μηδὲν
1341 2374 1561 2429 διειδόσι
1609 2376 1704 2429 τοῦ
1736 2394 1889 2445 γενο-

316 2453 483 2519 μένου
539 2455 724 2522 ἐκρεῖν
776 2458 956 2512 ἐδόκει
986 2461 1045 2514 τὸ
1078 2461 1222 2535 ὖξωρ
1268 2466 1357 2518 διὰ
1388 2465 1483 2519 τοῦ
1526 2466 1892 2537 ὑποκειμένου

314 2541 514 2608 πόρου,
571 2542 694 2596 ἕθεν
738 2546 1000 2602 εἰώθασιν
1029 2550 1207 2605 ἐκεῖνο
1236 2557 1588 2626 προπέμπειν
1629 2557 1769 2626 μετὰ
1798 2559 1895 2628 τὴν

314 2632 560 2704 τελετὴν,
603 2637 792 2710 ἓτερον
829 2639 972 2711 ὕδωρ
1012 2645 1310 2714 προσῆγον,
1336 2650 1568 2718 προνοίᾳ
1600 2651 1765 2722 πολλῇ
1799 2653 1895 2714 τὰς

317 2727 517 2794 ἐκροὰς
573 2733 672 2800 τῆς
718 2733 1115 2806 κολυμϐήθρας
1173 2739 1652 2811 ἁσφαλισάμενοι’
1715 2746 1790 2807 ὡς
1837 2745 1896 2798 δὲ

318 2816 478 2884 αὖθις
509 2823 538 2874 ό
605 2823 853 2896 Ἐϐραῖος
885 2830 1220 2899 προσήγετο,
1257 2833 1421 2887 πάλιν
1457 2835 1653 2906 ἐπίσης
1686 2837 1893 2905 ἀφανὲς

317 2919 381 2966 τὸ
415 2913 560 2984 ὕδωρ
592 2911 679 2986 ἦν.
715 2920 906 2983 Συνεῖς
935 2921 982 2974 δ’
1019 2925 1045 2976 6
1085 2923 1319 2988 Παῦλος,
1366 2945 1383 2977 ι
1426 2927 1498 2982 ’Ἣ
1539 2934 1894 3001 κακουργεῖς,

319 3007 508 3074 φησὶν,
564 3011 910 3084 ἇ·κθρωπε,ῆ
969 3016 1203 3084 ἀγνοεῖς,
1266 3019 1340 3080 ὡς
1372 3017 1542 3086 ἔοικε,
1575 3021 1754 3092 τυχὼν
1801 3023 1896 3076 τοῦ

323 3100 725 3188 βαπτίσματος.
763 3123 780 3155 ι
817 3106 1036 3160 Πολλῶν
1061 3107 1117 3162 δέ
1151 3110 1575 3182 συνδραμόντων
1604 3118 1671 3185 τῇ
1715 3118 1892 3188 φήμῃ,

355 3186 380 3205 τ

322 3284 476 3352 παρά
506 3285 597 3336 τοῦ
627 3287 928 3341 ἐπισκόπου
979 3289 1233 3346 Ἀττικοῦ
1261 3296 1318 3347 τὸ
1343 3295 1630 3366 βάπτισμα
1661 3299 1894 3367 δεξαμε-

319 3391 432 3437 νος.
459 3375 629 3428 Τοῦτο
664 3378 720 3429 δὲ
753 3379 810 3431 ού
850 3383 1146 3452 παρέργως
1185 3387 1470 3458 ἱστόρησα,
1506 3389 1621 3442 ἀλλ’
1659 3392 1742 3443 ἵνα
1763 3393 1899 3447 εἰδέ-

321 3483 407 3519 ναι
464 3465 707 3537 ἕλοιμεν,
755 3466 830 3530 ὡς
885 3472 1146 3538 πολλάκις
1208 3478 1436 3549 ἠχάρις
1471 3480 1566 3532 καὶ
1614 3481 1766 3550 παρὰ
1792 3482 1899 3534 τῶν

322 3558 557 3625 ἀιιαξίων
579 3561 648 3614 τὰ
671 3563 870 3632 ἑαυτῆς
902 3567 1300 3632 ἐπιδείκνυται,
1325 3571 1492 3641 μηδὲν
1520 3573 1898 3645 λυμαινομένη

325 3654 598 3708 ἐ·ιτεῦοεν.
635 3656 880 3711 Μάλιστα
937 3660 994 3713 δὲ
1046 3662 1141 3715 καὶ
1175 3662 1552 3734 θαυμάζεσθαι
1603 3667 1900 3739 ἀξιόχρεως

327 3748 593 3811 ποικίλως
654 3752 767 3811 τοῖς
813 3753 1152 3824 καινοτέροις
1208 3756 1581 3811 ἐπιϐάλλουσαι
1613 3760 1902 3830 πράγμασι

326 3841 422 3892 καὶ
450 3841 539 3894 διὰ
574 3843 681 3894 τῶν
707 3844 897 3910 ἀξίων,
933 3848 1024 3898 καὶ
1056 3847 1141 3901 διὰ
1174 3847 1286 3902 τῶν
1336 3848 1572 3915 ἀναξίων
1608 3851 1757 3904 ἐστιν
1791 3851 1937 3917 ore,"

327 3935 518 4004 χρείας
545 3935 784 4006 καλούση
799 3955 839 3991 :.

1234 396 1841 466 ECCLESIASTlC/‘E
1884 409 2269 472 ΙΠΞΤΟῙΠΈ.
2310 418 2454 479 LIB.
2501 422 2654 482 XIV.

3419 432 3553 499 liii)

1745 531 1880 617 χρὴ·
1913 527 1957 583 Α
1987 546 2092 596 quc
2125 533 2367 590 historiae
2409 537 2533 592 huic
2577 542 3086 610 apposui..1ud.eus
3120 547 3338 617 quidam
3392 552 3549 608 Cliri~

1989 625 2339 682 stianisnnnn
2397 633 2715 700 complexus
2786 651 2893 690 non
2975 639 3165 701 semel,
3217 640 3311 695 sed
3357 647 3548 713 saepiri;

1987 717 2315 785 baptismum
2340 723 2504 777 subiit
2525 736 2639 780 arte
2663 726 2892 796 quadam
2915 739 2967 783 et
2994 732 3386 788 nundinatione
3405 753 3554 799 usus,

1991 820 2047 864 ut
2073 812 2279 882 aliquid
2310 817 2555 883 pecunia:
2574 820 2945 888 conquireret.
2978 823 3153 892 Atque
3203 826 3292 880 ubi
3349 825 3461 883 fere
3492 829 3557 883 ad

1996 905 2289 975 religiones
2327 924 2540 976 omnes,
2580 913 2904 966 Arianorum
2949 914 3202 971 videlicet
3235 917 3560 984 etMaccdo-

1993 1000 2307 1064 nianorum,
2334 1000 2602 1071 baptismo
2617 1005 2760 1074 apud
2787 1021 2884 1062 eos
2916 1019 3196 1079 suscepto,
3233 1013 3557 1074 transiisset.

1997 1107 2174 1161 neque
2199 1093 2292 1148 alii
2323 1111 2460 1162 quos
2482 1097 2745 1168 deinceps
2787 1099 3087 1169 deciperet,
3123 1103 3322 1173 reliqui
3356 1117 3559 1169 essent,

2001 1195 2281 1252 postremo
2354 1188 2419 1240 ad
2464 1189 2686 1244 Paulum
2709 1192 2852 1245 hunc
2886 1191 3309 1249 Novatianorum
3345 1197 3562 1267 episco-

2002 1293 2130 1346 pum
2157 1280 2328 1333 venit.
2367 1280 2434 1335 Et
2459 1292 2744 1352 postquam
2785 1285 3032 1342 conﬁctis
3054 1287 3232 1343 verbis
3253 1304 3455 1358 cupere
3481 1306 3560 1354 se.

2004 1379 2062 1422 ut
2097 1371 2348 1426 manibus
2376 1373 2522 1429 illius
2555 1373 2948 1445 baptizaretur,
3004 1379 3160 1442 dixit,
3193 1387 3252 1433 ut
3291 1379 3565 1435 desiderio

1999 1479 2099 1517 suo
2132 1464 2264 1519 satis
2292 1465 2446 1522 ﬁeret
2480 1469 2707 1538 rogavit.
2741 1470 2910 1524 Porro
2927 1472 3015 1526 ille
3040 1472 3294 1527 ardorem
3328 1472 3565 1527 hominis

1999 1557 2337 1626 complexus,
2372 1574 2478 1613 non
2503 1560 2654 1630 prius
2693 1561 2760 1616 ad
2800 1563 3128 1633 baptismum
3158 1579 3284 1618 cum
3324 1564 3564 1627 admisit,

1999 1665 2163 1718 quam
2196 1666 2348 1707 more
2385 1664 2602 1725 recepto
2638 1655 2691 1708 in
2723 1657 2892 1712 verbo
2929 1642 3052 1712 tidci
3089 1657 3368 1713 institutus
3398 1671 3565 1724 esset,

2005 1743 2334 1812 solitumque
2395 1747 2555 1800 etiam
2593 1749 2857 1818 jejunium
2904 1751 3417 1819 complevisset.llic
3441 1767 3564 1806 cum

1997 1833 2207 1904 jejunio
2235 1851 2302 1890 eo
2347 1837 2491 1906 quod
2526 1849 2724 1907 printer
2751 1841 3066 1909 opinionem
3127 1857 3282 1896 suam
3301 1845 3352 1897 ei
3393 1844 3568 1912 impo-

1997 1926 2160 1980 situm
2191 1938 2330 1990 erat,
2368 1941 2732 1998 premeretur,
2780 1931 3124 2002 frequentius
3164 1942 3222 1988 ut
3277 1946 3406 1989 voto
3468 1951 3568 1989 suo

1996 2019 2274 2090 potiretur
2327 2021 2544 2077 institit.
2595 2023 2794 2078 Paulus
2844 2025 3099 2080 ardorem
3169 2026 3289 2096 ejus
3351 2027 3565 2089 ridens,

1996 2126 2146 2166 mora
2177 2111 2416 2182 longiore
2449 2115 2770 2182 perturbare
2790 2115 2939 2169 illum
2963 2115 3157 2179 noluit,
3181 2126 3236 2172 et
3263 2131 3327 2172 ea
3360 2133 3478 2185 qua:
3503 2121 3566 2173 ad

1996 2201 2327 2273 baptismum
2351 2206 2648 2274 pertinent,
2681 2207 2781 2260 rite
2818 2208 3049 2276 paravit.
3115 2207 3275 2263 Veste
3337 2224 3570 2277 namque

1997 2295 2194 2367 insigni
2224 2298 2541 2360 subornata.
2569 2309 2624 2354 et
2681 2301 2999 2369 taptisterio
3055 2317 3193 2370 aqua
3248 2301 3411 2356 sicuti
3453 2319 3570 2356 nios

1995 2398 2136 2452 erat,
2172 2391 2400 2458 repleto.
2433 2390 2685 2446 Judwum
2729 2391 2937 2445 nudum
2964 2393 3342 2461 baptizaturus
3404 2394 3472 2446 ad
3519 2397 3568 2445 id

1995 2479 2242 2534 adduxit.
2274 2480 2437 2552 472
2468 2482 2606 2536 Ecce
2640 2491 2822 2536 autem
2849 2482 3112 2537 inctl‘ahili
3156 2482 3392 2551 quadam
3426 2483 3568 2536 divi-

1996 2585 2081 2624 na:
2140 2570 2502 2626 Providentia:
2564 2573 2638 2636 vi,
2677 2572 2818 2627 unda
2856 2573 3154 2642 derepente
3183 2573 3429 2628 evanuit.
3468 2573 3567 2633 Ubi

1996 2680 2126 2719 vero
2163 2680 2302 2734 aqua
2334 2664 2438 2718 alia
2469 2664 2748 2734 (episcopo
2797 2664 2913 2733 ipso
2965 2672 3020 2717 et
3075 2664 3155 2718 eis
3192 2664 3286 2734 qui
3327 2664 3398 2716 ibi
3429 2675 3573 2720 asta-

1996 2757 2148 2820 bant,
2183 2773 2294 2812 rcm
2321 2772 2442 2811 eam
2473 2758 2869 2822 nescientibus,
2897 2758 2990 2811 sed
3022 2773 3219 2826 aquam
3285 2774 3381 2826 per
3433 2758 3566 2814 sub-

1989 2853 2196 2921 jectum
2232 2860 2470 2905 meatum
2501 2866 2608 2921 quo
2651 2852 2827 2906 emitti
2885 2851 2975 2906 illa
3032 2859 3154 2921 post
3208 2851 3570 2906 initiationem

1961 2935 1967 2943 ’
1998 2939 2233 3008 solebat,
2258 2941 2535 2995 etiluxissc
2554 2942 2896 3012 potantibus)
2926 2942 3104 2997 infusa
3131 2960 3144 2994 :
3167 2944 3570 3013 diligenterque

1998 3048 2068 3088 ne
2094 3049 2159 3087 ex
2194 3033 2412 3088 lavacro
2447 3033 2534 3087 illa
2585 3033 2881 3103 proﬂueret
2913 3036 3213 3105 provisum,
3249 3046 3304 3089 ct
3353 3036 3574 3093 Judzeus

1997 3124 2178 3179 denuo
2205 3124 2483 3180 adhibitus
2507 3134 2608 3191 est,
2639 3142 2856 3180 rursum
2879 3125 3068 3181 eodem
3098 3143 3208 3197 quo
3233 3127 3383 3196 prius
3409 3129 3570 3182 unedo

321 3195 402 3252 ei;
450 3211 534 3257 τις
587 3195 803 3262 ἐπέγνω
847 3199 938 3252 τὶν
989 3199 1270 3267 Ἰουδαῖον,
1323 3204 1398 3266 ὡς
1441 3207 1524 3276 εῖη
1563 3206 1669 3277 πρὸ
1704 3209 1892 3280 καιροῦ

1961 3223 1973 3274 :
2006 3229 2144 3284 aqua
2173 3201 2462 3284 disparuit.
2488 3217 2685 3272 Paulus
2716 3233 2774 3271 re
2805 3220 3060 3290 cognita:
3102 3195 3255 3273 «'Aut
3287 3219 3571 3288 ﬂagitium,

2012 3308 2265 3376 inquit,o
2301 3310 2483 3375 homo,
2510 3309 2664 3375 facis,
2693 3322 2788 3366 aut
2823 3312 3076 3381 ignorare
3113 3313 3318 3368 videris
3361 3323 3410 3368 te
3449 3313 3579 3381 bap-

2010 3400 2230 3454 tismum
2249 3402 2470 3457 adiisse.
2501 3423 2519 3454 ι
2545 3405 2620 3457 Ad
2646 3405 2764 3474 ejus
2803 3406 2878 3459 rei
2915 3405 3107 3460 [auriam
3140 3407 3295 3460 multi
3319 3420 3580 3461 accurre-

2013 3496 2433 3560 runtmortales,
2456 3511 2688 3564 quorum
2716 3512 2859 3551 unus
2881 3497 3128 3552 Judmum
3161 3497 3402 3564 agnovit,
3433 3500 3577 3568 quod

2009 3585 2220 3640 scilicet
2253 3597 2413 3640 antea
2440 3587 2508 3640 ab
2544 3588 2800 3657 episcopo
2829 3589 3010 3643 Attico
3043 3590 3374 3658 baptismum
3394 3606 3580 3649 susce-

2015 3677 2202 3746 piasct.
2232 3677 2351 3730 Non
2376 3677 2556 3731 obiter
2591 3679 2696 3732 hoc
2723 3679 2944 3747 quidem
2973 3682 3249 3744 recensui,
3275 3697 3466 3735 verum
3519 3692 3581 3734 ut

2014 3769 2153 3820 scire
2189 3783 2475 3836 possemus
2501 3769 2730 3838 gratiam
2767 3771 3004 3824 divinam
3032 3787 3274 3842 persaepe
3311 3776 3477 3826 etiam
3517 3789 3575 3828 se

2015 3845 2162 3929 apud
2188 3860 2442 3930 indignos
2465 3862 2746 3929 exhibere,
2776 3863 2923 3916 nullo
2952 3863 3078 3917 inde
3102 3873 3380 3918 contracto
3409 3865 3579 3920 detri-

2019 3961 2226 4006 mento.
2260 3951 2489 4005 Maxime
2535 3967 2664 4006 vero
2725 3953 2817 4005 illa
2864 3953 3225 4007 admiratione
3269 3955 3429 4023 digna
3474 3967 3578 4018 est,

328 4043 450 4094 qua:
477 4031 556 4082 sic
583 4030 730 4083 varie
763 4031 927 4086 rebus
982 4032 1138 4088 novis
1177 4049 1235 4090 se
1299 4034 1552 4091 ostendat
1581 4052 1680 4108 per
1721 4038 1918 4110 dignos
1957 4042 2163 4100 simul:
2204 4051 2260 4098 et
2323 4043 2619 4114 aliquando
2648 4045 2836 4112 etiam,
2886 4046 2930 4100 si
2986 4047 3089 4100 hoc
3131 4062 3262 4100 usus
3319 4051 3578 4116 postulet.

331 4136 430 4190 per
487 4121 760 4194 indignos.

915 4267 1165 4322 ΚΕΦΑΛ.
1195 4270 1304 4323 IH’.

336 4383 565 4446 ’Ὅπως-
591 4382 709 4452 καὶ,
743 4381 813 4434 ἐν
852 4382 1107 4448 Πέρσαις
1137 4385 1170 4436 ό
1225 4384 1692 4452 Χριστιανισμὸς
1723 4384 1906 4438 ἐπλα-

407 4454 594 4515 τύνυη
625 4451 724 4504 διὰ
779 4453 884 4506 τοῦ
913 4455 1252 4506 ἐπισκόπου
1299 4451 1757 4521 Μεσοποταμίας
1788 4457 1911 4508 Μα-

402 4521 618 4590 ρουυᾶ,
660 4523 761 4575 καὶ
806 4522 985 4577 Ἀὅὸᾱ
1015 4523 1121 4577 τοῦ
1153 4523 1493 4578 ἐπισκόπου
1522 4525 1837 4592 Περσίδος.

413 4639 550 4692 Κατ’
574 4641 753 4692 ἐκεῖνο
782 4639 836 4691 δέ
861 4639 1054 4709 καιροῦ
1091 4640 1372 4693 συνέϐαινε
1415 4642 1509 4693 καὶ
1546 4644 1604 4693 ἐν
1653 4643 1718 4710 τῇ
1767 4641 1908 4710 Περ-

340 4731 448 4783 σῶν
481 4732 635 4803 χώρᾳ
690 4732 771 4795 εἰς
831 4733 974 4802 μέγα
1002 4733 1282 4786 ἐπιδοῦναι
1327 4735 1418 4787 τὸν
1455 4735 1907 4805 Χριστιανισμόν.

354 4825 507 4877 Ἐπεὶ
543 4825 654 4894 γὰρ
708 4825 1010 4895 ἐπίτροπος
1061 4824 1388 4896 Ἰσδιγέρδης
1419 4825 1687 4897 Θεοδοσίῳ
1712 4829 1774 4880 ἐκ
1802 4844 1911 4880 πα-

340 4919 466 4987 τρὸς
489 4919 706 4987 γέγονε,
725 4918 876 4986 φίλος
901 4935 960 4970 τε
979 4917 1048 4971 τὰ
1069 4919 1306 4986 μάλιστα
1333 4918 1620 4988 Ῥωμαίοις
1644 4919 1908 4990 κατέστη·

345 5013 442 5065 καὶ
495 5014 740 5080 συνεχεῖς
793 5012 964 5066 αἰτίαι
1019 5013 1301 5081 γεγόνασι,
1332 5012 1399 5066 δι’
1449 5011 1514 5074 ἃς
1548 5013 1641 5066 καὶ
1706 5016 1911 5080 μεταξῦ

355 5105 648 5172 Ῥωμαίων
689 5105 782 5155 καὶ
835 5105 1062 5174 Περσῶν
1089 5107 1301 5168 πυκνὰς
1345 5106 1629 5158 συνέϐαινε
1665 5106 1913 5174 γίνεσθαι

341 5196 441 5259 τάς
472 5196 792 5264 πρεσϐείας.
829 5198 1033 5266 Χρείας
1068 5199 1248 5249 τοίνυν
1273 5198 1583 5264 ἀναγκαίας
1618 5198 1911 5265 καλούσης,

345 5292 440 5342 καὶ
494 5291 794 5359 Μαρουθᾶς
823 5290 851 5342 6
881 5289 1311 5358 Μεσοποταμίας
1364 5290 1653 5355 ἐπίσκοπος
1686 5291 1916 5360 πρέσϐις

346 5381 661 5449 ἐπέμπετο·
705 5381 764 5433 ὃν
830 5381 929 5451 ἢδη
979 5381 1190 5450 ἔφημεν
1250 5382 1354 5452 πρὸ
1407 5386 1626 5453 μικρθιδί,
1679 5383 1915 5453 Κυρίνου

347 5473 444 5526 τοῦ
475 5475 777 5528 ἐπισκὸπου
817 5475 1156 5542 Χαλκηδόνος
1181 5475 1426 5543 πατῆσαι
1455 5475 1545 5528 τὸν
1583 5475 1740 5528 πόδα.
1762 5474 1916 5528 Ἐπεὶ

349 5568 402 5619 δὶ
427 5561 551 5638 ἧκε,
578 5567 897 5635 περιφανῶς
929 5568 956 5618 6
1002 5566 1217 5638 Πέρσης
1263 5565 1350 5620 διὰ
1382 5566 1584 5636 πολλῆς
1611 5563 1715 5638 ἦγε
1749 5568 1918 5636 τιμῆς

351 5662 670 5728 Μαρςυθᾶν,
699 5656 896 5728 οἷάπερ
923 5660 1094 5730 ἄνδρα
1125 5659 1347 5730 θεοφιλῆ
1394 5661 1485 5713 καὶ
1527 5660 1725 5729 πολλῆς
1756 5661 1916 5711 εὐλα-

355 5754 506 5814 ϐείας
538 5753 1005 5819 ἀντιπιιούμενον.
1059 5751 1123 5804 Οἱ
1153 5753 1208 5805 δέ
1247 5753 1424 5818 Μάγοι
1462 5754 1729 5819 τοσαύτην
1751 5753 1920 5820 ὁρῶν-

351 5862 442 5908 τες
471 5847 635 5915 τιμὴν
682 5845 806 5914 περὶ
861 5847 951 5899 τὶν
992 5843 1272 5914 Ῥωμαίων
1324 5843 1619 5896 ἐπίσκοποι
1656 5845 1918 5907 (πλεῖστα

2579 4275 2805 4332 CAPUT
2832 4274 3016 4330 XVIII.

2023 4389 2086 4443 Ut
2119 4395 2277 4461 etiam
2303 4389 2445 4461 apud
2479 4389 2669 4461 Persas
2697 4387 3128 4441 ϐΙινίδιῑίιηίδηιιιε
3149 4391 3213 4441 sit
3240 4401 3583 4461 propagatus,

2091 4475 2182 4522 per
2218 4459 2526 4513 Mariti/iam
2569 4460 2986 4528 Mesopotamiw,
3018 4468 3065 4510 et
3095 4463 3293 4514 Abdum
3329 4459 3581 4528 Persidis,

2087 4531 2371 4599 episcopos.

2089 4641 2286 4696 Eodem
2314 4654 2554 4712 tempore
2585 4645 2637 4696 in
2669 4644 2954 4698 Persarum
2974 4659 3191 4714 quoque
3222 4645 3442 4714 regione
3480 4659 3587 4698 ma-

2014 4749 2116 4802 gna
2149 4735 2600 4790 Christianismus
2618 4737 2761 4805 cepit
2792 4738 3150 4792 incrementa.
3177 4735 3312 4791 Cum
3342 4752 3582 4804 namque

2015 4827 2321 4898 lsdigcrdes
2346 4827 2636 4882 Theodosii
2665 4845 2692 4882 a
2716 4839 2868 4899 patre
2898 4831 3179 4883 institutus
3205 4839 3371 4893 tutor,
3399 4841 3450 4882 et
3474 4830 3581 4882 lio-

2017 4919 2196 4973 manis
2227 4920 2438 4974 amicus
2492 4920 2726 4974 maxime
2757 4929 2920 4984 esset,
2985 4920 3300 4990 frequentes
3325 4923 3581 4974 exstitere

2021 5026 2222 5076 causa},
2253 5011 2612 5080 quamobrem
2644 5013 2785 5064 inter
2819 5011 3094 5066 Romanos
3120 5019 3175 5066 et
3241 5011 3435 5065 Persas
3463 5027 3586 5064 ere-

2022 5105 2132 5156 brie
2161 5105 2301 5157 ultro
2325 5107 2574 5172 citroque
2607 5104 2960 5158 mitterentur
3010 5103 3334 5170 legationes.
3399 5103 3583 5169 Itaque

2023 5197 2346 5250 necessitate
2385 5195 2680 5264 ﬂagitante,
2724 5194 3002 5248 .‘llarutlias
3035 5208 3252 5262 quoque
3283 5192 3585 5260 Mesopota-

2024 5287 2144 5339 mia:
2169 5285 2482 5354 episcOpus,
2513 5298 2675 5352 quem
2713 5283 2873 5351 paulo
2899 5293 3025 5335 ante
3057 5279 3240 5350 Cyrini
3286 5278 3584 5332 Chalcedo-

2023 5371 2210 5430 nensis
2234 5375 2476 5442 episcopi
2503 5374 2694 5442 pedem
2722 5372 3043 5442 protrivisse
3077 5371 3340 5431 diximus,
3401 5377 3588 5421 orator

2022 5474 2186 5520 eoest
2212 5467 2434 5519 missus.
2478 5465 2543 5518 Et
2599 5474 2884 5533 postquam
2949 5461 2993 5514 is
3063 5462 3126 5513 ad
3169 5460 3360 5513 Persas
3415 5459 3585 5520 venit,

2021 5559 2296 5629 propalam
2336 5573 2426 5612 rex
2477 5573 2599 5611 cum
2653 5557 2704 5610 in
2739 5569 2933 5626 magno
2995 5553 3184 5606 habuit
3238 5552 3470 5614 honore,
3530 5558 3592 5606 ut

2023 5655 2196 5707 virum
2251 5653 2358 5706 Deo
2389 5651 2614 5705 charum
2678 5658 2732 5703 et
2788 5649 2955 5702 multa
3007 5648 3207 5716 pietate
3271 5647 3585 5717 praeditum.

2023 5745 2158 5814 Magi
2187 5745 2274 5796 ubi
2299 5752 2504 5794 tantum
2527 5741 2787 5794 honorem
2811 5741 3065 5793 Romana:
3089 5739 3311 5793 ditionis
3333 5738 3589 5807 episcopo

2026 5836 2216 5891 haberi
2253 5834 2528 5901 viderunt,
2560 5833 2650 5900 qui
2681 5832 2974 5902 plurimum
3007 5833 3149 5902 apud
3200 5847 3378 5902 regem
3403 5837 3589 5882 aucto-
