4250 6440
296 385 431 449 1111

1174 390 1773 451 ECCLESIASTIC.E
1812 390 2203 454 HISTORIAS
2236 394 2389 455 LIB.
2429 393 2589 455 XIV.

3407 394 3540 460 1118

291 503 392 570 τὴν
426 501 700 570 προτέραν
730 500 1003 571 ἐξαπάτην
1030 502 1400 568 ἀποθέμενος,
1426 504 1516 557 τὸν
1546 505 1641 557 τοῦ
1673 507 1863 557 τέκτοο
1889 510 1931 569 Α
1966 523 1969 557 1

1859 510 1931 569 ιΑ
1966 508 2207 576 repulso,
2277 508 2416 563 fabri
2461 507 2632 562 filium
2683 524 2747 564 ex
2781 510 2969 564 animo
3001 517 3095 564 tuo
3119 507 3274 579 ejice.
3310 527 3329 560 ι
3366 509 3537 579 Atque

292 605 381 652 va;
415 589 529 641 υίὸν
572 590 882 659 ἀπόρριψον
909 593 1005 659 τῆς
1052 591 1253 661 ψυχῆς.
1291 612 1308 643 ι
1348 592 1406 647 Ὀ
1442 593 1500 646 δέ
1531 592 1864 662 διαθερμαν-

292 677 430 741 οεῖς,
468 679 561 730 τὸν
616 679 717 748 μὲν
772 681 1101 749 χιτωνίσκον
1135 668 1257 751 δίχῆ
1313 681 1507 733 διελὼν
1552 683 1861 752 ἀπέρριψε,

294 770 437 837 μέγα
492 769 860 841 ἀνακραγών·
927 789 945 822 ι
990 773 1051 825 Ei
1080 774 1273 825 τούτου
1307 773 1467 842 χάριν
1516 774 1615 826 οῐει
1647 791 1716 843 με
1766 776 1864 842 τῆς

290 860 523 929 ἀρίστης
575 862 909 931 μεταθέσθαι
940 863 1262 933 θρησκείας,
1314 865 1471 934 δέχου
1504 865 1568 934 δὴ
1600 866 1657 918 τὸ
1688 867 1865 937 δῶρον

293 955 435 1021 μετά
462 955 556 1022 τῆς
587 954 867 1010 ἀσεῦείας.
909 975 927 1006 ι
960 956 1117 1008 Οὕτω
1152 957 1197 1011 δ’
1231 956 1491 1027 ἀνδρείως
1540 958 1731 1026 ἔχοντα
1769 958 1866 1028 βα-

293 1045 478 1105 σιλεὺς
542 1044 901 1115 θεασάμενος,
930 1048 1139 1116 γυμνὸν
1170 1048 1279 1099 τῶν
1316 1048 1603 1117 βασιλείων
1635 1049 1866 1118 ἐξήλαυ-

290 1155 404 1191 νεν,
446 1136 677 1206 Ἕτερον
733 1137 789 1189 δέ
853 1138 1067 1209 Σαήνην
1114 1138 1289 1208 ὄνομα
1339 1141 1668 1193 ἀντειπόντα
1698 1140 1867 1208 αὐτῷ,

290 1228 384 1280 καὶ
426 1228 689 1297 μηδαμῶς
728 1232 807 1292 είς
843 1230 1073 1300 ἄρνησιν
1120 1232 1295 1285 ἐλθεῖν
1324 1233 1418 1285 τοῦ
1468 1233 1577 1285 τῶν
1609 1234 1748 1286 ὅλων
1778 1236 1873 1286 Δε-

293 1313 497 1370 σπότου
552 1319 832 1386 ἑλόμενον,
868 1320 1279 1390 ἀπολεξάμενος
1311 1323 1401 1374 τὸν
1436 1324 1713 1393 χείριστον
1761 1323 1869 1375 τῶν

290 1408 549 1475 οἰκετῶν,
581 1411 681 1481 τὴν
716 1412 814 1479 μὲν
842 1413 1091 1478 ἐξουσίαν
1114 1414 1221 1467 τῶν
1256 1416 1592 1484 συντρόφων,
1622 1417 1781 1485 χίλιοι
1815 1416 1869 1468 δὲ

290 1498 457 1571 ἦσαν,
496 1501 693 1570 ἐκείνῳ
740 1503 949 1566 δίδωσι,
1014 1506 1107 1555 καὶ
1158 1506 1318 1558 αὑτὸν
1355 1505 1550 1575 ἐκείνῳ
1596 1505 1871 1559 δουλεύειν

294 1593 655 1663 προσέταττε,
687 1594 782 1647 καὶ
840 1594 941 1663 τὴν
995 1598 1253 1649 κοινωνὸν
1280 1598 1374 1650 τοῦ
1428 1600 1617 1667 λέχους
1651 1601 1745 1653 καὶ
1788 1598 1872 1651 δὲ-

294 1703 525 1739 σποιναν
551 1686 747 1758 ἐκείνῳ
777 1688 1074 1756 συνῆπτεν.
1112 1688 1266 1742 Οὕτω
1307 1691 1414 1760 γὰρ
1447 1690 1625 1743 ἐδόκει
1659 1692 1873 1744 πείσειν

293 1778 601 1831 ἀποθέσθαι
634 1780 734 1850 τὴν
790 1778 1016 1848 γνώμην
1060 1782 1154 1849 τῆς
1189 1781 1449 1849 ἀληθείας
1486 1782 1576 1834 τὶν
1609 1784 1867 1852 ἐραστήν.

309 1868 455 1921 Ἀλλ’
491 1869 691 1939 ἥκιστα
725 1871 897 1939 πέρας
924 1866 1071 1940 εἶχεν
1122 1872 1270 1942 αὐτῴ
1314 1874 1344 1942 ή
1380 1874 1594 1926 ἐπίνοια
1620 1887 1634 1901 ⁸
1671 1874 1732 1925 οὐ
1766 1874 1872 1943 γὰρ

293 1961 389 2011 ἐπὶ
416 1958 516 2027 τῆς
538 1959 794 2029 ψάμμου,
826 1960 941 2013 ἀλλ’
960 1965 1050 2013 ἐπὶ
1079 1962 1178 2031 τῆς
1209 1964 1421 2030 πέτρας
1452 1963 1481 2014 6
1506 1960 1649 2025 οἶκος
1677 1964 1870 2031 ἐκείνῳ

294 2046 591 2115 ἐρήρειστο
623 2048 724 2115 τῆς
750 2046 952 2116 ψυχῆς.
997 2048 1103 2099 Καί
1149 2065 1271 2100 τινα
1302 2048 1360 2100 δὲ
1396 2048 1657 2116 Βενιαμὶν
1689 2049 1873 2102 διάκο-

293 2154 386 2189 νον
428 2137 732 2199 συλλαϐὼν,
793 2139 991 2209 εἱρκτῇ
1049 2139 1357 2209 παρεδίδου.
1433 2139 1516 2202 Ὠς
1566 2140 1621 2193 δέ
1651 2140 1744 2192 δύο
1776 2140 1869 2210 ἔτη

293 2228 526 2297 ἐξήνυσε
564 2231 629 2298 τῇ
664 2231 901 2299 φρουρᾷ,
957 2230 1191 2299 πρέσὸις
1243 2229 1529 2297 Ῥωμαίων
1578 2234 1718 2285 κατά
1751 2249 1872 2283 τινα

294 2318 486 2389 χρείαν
539 2320 614 2389 τῷ
652 2322 839 2392 Πέρσῃ
896 2322 1214 2389 γενόμενος,
1258 2321 1489 2392 μεσίτης
1539 2321 1751 2389 ἐγίνετο
1773 2324 1871 2393 τὴν

294 2411 452 2465 λύσιν
482 2411 573 2464 τοῦ
603 2412 859 2465 διακόνου
890 2413 1079 2465 αἰτῶν.
1120 2413 1178 2466 ’0
1211 2414 1265 2465 δὲ
1296 2412 1555 2481 βασιλεὺς
1602 2414 1874 2481 ἐπηγγέλ-

292 2502 421 2557 λετο
450 2503 637 2559 δοῦναι
670 2505 747 2575 τῷ
785 2504 1130 2575 πρεσϐευτῇ,
1160 2506 1208 2557 εί
1251 2510 1412 2574 μόνον
1448 2504 1708 2573 Βενιαμὶν
1742 2506 1872 2556 ὑπο-

297 2592 484 2663 σχέσει
535 2596 820 2666 πεδήσειεν
879 2598 1092 2661 ἐαυτὸν,
1163 2595 1236 2658 ὡς
1286 2596 1480 2648 οὐδένα
1530 2597 1639 2647 τῶν
1679 2596 1871 2664 μάγων

294 2688 478 2739 πείσει
524 2687 622 2755 τὴν
674 2688 1021 2759 Χριστιανῶν
1069 2689 1280 2739 ἐλὲσθαι
1311 2687 1630 2756 θρησκείαν.
1672 2686 1732 2740 '0
1772 2687 1871 2756 μὲν

295 2771 392 2827 οὖν
452 2774 684 2845 πρέσῦις
722 2774 798 2845 τῷ
828 2775 1089 2843 Βενιαμὶν
1132 2774 1407 2827 ἐκοινοῦτο
1447 2774 1539 2827 τὸν
1573 2775 1746 2842 λόγον,
1778 2774 1872 2827 καὶ

294 2869 324 2920 ὃ
358 2866 552 2935 ζητοίη
588 2869 616 2921 6
668 2868 911 2938 Πέρσης.
956 2866 1013 2919 Ὀ
1039 2867 1094 2919 δὲ
1128 2868 1203 2935 μὴ
1226 2867 1451 2921 δυνατὸν
1487 2867 1674 2935 ἔλεγεν
1706 2863 1869 2928 εἶναι,

298 2956 379 3026 μὴ
406 2956 673 3019 δανείζειν
703 2957 764 3010 τδ
797 2956 910 3027 φῶς
964 2951 1023 3010 οὗ
1056 2957 1306 3025 ἀφθόνως
1344 2959 1603 3026 μετέσίε.
1636 2956 1726 3026 Τῷ
1761 2958 1869 3026 γὰρ

293 3051 359 3101 τὸ
393 3048 664 3101 τάλαντον
693 3048 1106 3118 κατακρύψαντι
1133 3049 1308 3117 ὁπόση
1349 3066 1433 3111 τις
1474 3050 1764 3115 ἐπεγένετο
1790 3067 1870 3101 τι·

1968 601 2056 653 ille
2086 600 2468 664 cxardescens,
2499 602 2906 655 tunicamillam
2938 602 3277 656 conscissam
3306 599 3533 670 abiecit,

1965 703 2020 748 et
2050 709 2179 747 voce
2216 708 2442 764 magna:
2483 714 2500 745 ι
2543 694 2598 749 Si
2627 694 2810 759 hujus,
2852 694 3056 762 inquit,
3082 694 3254 760 gratia
3284 708 3370 747 me
3402 694 3537 747 reli-

1966 786 2179 854 gionem
2201 786 2359 855 longe
2390 785 2649 852 Optimam
2678 794 3016 838 mutaturum
3048 794 3223 851 putas,
3248 799 3315 839 en
3339 799 3539 839 munus

1972 888 2123 931 tuum
2187 878 2304 940 tibi,
2346 893 2449 931 cna
2481 893 2606 931 cum
2658 877 2939 945 impietate
2976 877 3134 931 habe.
3174 894 3191 927 ι
3221 876 3381 948 477
3424 877 3538 931 Rex

1967 979 2148 1022 autem
2181 976 2286 1021 tam
2309 968 2436 1021 forti
2474 962 2623 1021 illum
2644 968 2825 1021 animo
2851 981 2972 1022 esse
3021 981 3274 1032 cernens,
3331 969 3535 1021 nudum

1978 1062 2127 1131 regia
2186 1061 2385 1131 exegit.
2421 1060 2574 1115 Alius
2608 1070 2725 1114 erat
2767 1060 2969 1115 Saenes
3028 1059 3273 1124 nomine,
3307 1058 3539 1128 quiregi

1968 1152 2188 1216 restitit,
2218 1167 2394 1220 neque
2439 1168 2622 1206 rerum
2654 1161 2975 1206 cunctarum
3009 1152 3301 1205 Dominum
3345 1164 3543 1217 perne-

1968 1260 2097 1313 gare
2126 1244 2317 1300 voluit.
2340 1245 2454 1299 Rex
2476 1261 2540 1299 ex
2567 1244 2782 1297 famulis
2802 1244 2950 1297 illius
2986 1243 3158 1296 multo
3184 1242 3537 1296 deterrimum

1971 1338 2157 1408 elegit,
2201 1347 2638 1407 potestatemque
2662 1339 2715 1393 in
2749 1338 2899 1392 mille
2932 1335 3316 1392 ministrosilli
3359 1335 3542 1387 adem-

1971 1440 2144 1499 ptam,
2171 1432 2223 1486 ei
2254 1432 2529 1494 attribuit,
2565 1442 2729 1501 atque
2764 1431 2928 1486 etiam
2987 1428 3118 1482 huic
3167 1428 3314 1481 illum
3339 1425 3542 1480 servire

1966 1523 2423 1590 jussit,cunsorte
2452 1539 2672 1593 quoque
2722 1523 2863 1577 thori
2921 1532 2976 1577 et
3023 1520 3243 1575 domina
3296 1518 3381 1573 isti
3413 1533 3543 1573 con-

1970 1617 2180 1686 juncta.
2223 1616 2353 1671 Nam
2408 1616 2481 1670 ita
2513 1616 2733 1669 demum
2784 1630 2842 1669 se
2876 1628 3268 1685 persuasurum
3297 1610 3543 1665 veritatis

1978 1708 2234 1766 amatori.
2270 1717 2328 1761 ut
2384 1708 2626 1761 animum
2650 1717 2704 1761 et
2734 1707 3063 1761 sententiam
3101 1719 3257 1759 suam
3285 1712 3540 1766 mutaret,

1979 1797 2347 1851 existimabat.
2383 1797 2585 1852 Verum
2617 1797 2839 1850 minime
2880 1794 2928 1849 ei
2978 1794 3266 1847 consilium
3323 1807 3543 1846 succes-

1974 1888 2063 1941 sit.
2101 1888 2214 1941 Non
2247 1889 2391 1942 enim
2417 1888 2469 1941 in
2505 1902 2692 1951 arena,
2739 1886 2830 1940 sed
2888 1886 2939 1938 in
2974 1894 3123 1955 petra
3157 1884 3354 1937 mentis
3389 1884 3539 1937 illius

1973 1977 2169 2031 domus
2224 1976 2445 2030 fundata
2490 1977 2686 2029 fuerat.
2725 1975 3007 2045 Benjamin
3051 1974 3215 2027 etiam
3250 1971 3538 2025 diaconum

1974 2068 2262 2135 quemdam
2288 2068 2743 2134 comprehensum
2781 2067 3043 2119 custodia:
3073 2065 3425 2132 mancipavit,
3486 2063 3540 2116 in

1972 2176 2076 2226 qua
2107 2174 2228 2212 cum
2261 2160 2399 2212 duos
2438 2157 2705 2227 exegisset
2734 2172 2926 2219 annos,
2962 2170 3016 2211 et
3045 2165 3231 2210 orator
3263 2155 3543 2208 Romanus

1972 2263 2037 2300 ex
2058 2263 2217 2301 causa
2246 2248 2476 2315 quadam
2511 2248 2653 2316 apud
2710 2249 2930 2301 Persam
2981 2256 3147 2307 esset,
3190 2246 3426 2299 medium
3482 2259 3540 2299 se

1975 2338 2019 2391 is
2042 2338 2389 2405 interposuit,
2424 2348 2481 2391 ut
2512 2338 2779 2392 diacmms
2812 2337 3050 2391 vinculis
3079 2338 3389 2391 solveretur
3442 2350 3541 2405 pe-

1977 2440 2114 2483 tens.
2144 2432 2256 2483 Rex
2295 2430 2399 2482 hoc
2428 2445 2484 2483 se
2516 2429 2688 2497 legato
2719 2427 2974 2481 daturum
3009 2426 3279 2495 promisit,
3307 2426 3351 2480 si
3376 2424 3541 2478 modo

1974 2522 2257 2591 Beniamin
2305 2538 2364 2575 se
2417 2522 2708 2589 obligaret,
2735 2535 2792 2574 se
2819 2520 2953 2574 nulli
2991 2535 3055 2573 ex
3082 2519 3270 2588 Magis,
3302 2516 3543 2572 utChri-

1972 2615 2203 2669 stianam
2231 2614 2532 2681 susciperet
2566 2611 2902 2680 religionem,
2934 2624 3225 2664 suasurum
3255 2622 3397 2663 esse.
3434 2606 3539 2661 Le-

1972 2714 2127 2774 gatus
2185 2721 2348 2773 porro
2374 2720 2487 2758 rem
2511 2720 2629 2758 eam
2660 2714 2713 2757 et
2741 2703 2867 2771 quid
2898 2703 3059 2756 Persa
3118 2709 3406 2770 qurereret,
3466 2697 3536 2752 ad

1976 2797 2288 2866 Benjamein
2324 2798 2528 2851 retulit.
2560 2799 2739 2865 Atque
2783 2796 2873 2849 ille
2904 2795 3019 2848 ﬁeri
3054 2809 3160 2847 non
3197 2808 3354 2863 posse
3376 2793 3538 2857 dixit,

1975 2898 2033 2939 ut
2057 2887 2177 2941 luce
2203 2902 2267 2941 ea
2299 2902 2461 2955 quant
2484 2886 2763 2954 copioSam
2797 2884 3111 2951 recepisset,
3142 2897 3249 2936 non
3302 2880 3539 2935 [tenera-

1974 2987 2075 3032 ret.
2130 2977 2261 3042 Quae
2320 2979 2464 3031 enim
2507 2992 2664 3044 pmna
2692 2976 2741 3030 ei
2767 2975 3062 3029 constituta
3095 2974 3187 3038 sit,
3226 2972 3321 3042 qui
3369 2972 3541 3027 talea-

1977 3076 2087 3121 tum
2116 3068 2217 3122 sibi
2252 3068 2438 3121 datum
2468 3066 2773 3127 defoderet,
2809 3076 2997 3133 aperte
3050 3063 3342 3117 admodum
3375 3062 3539 3117 ἀἰνί-

299 3141 507 3211 μωρία,
560 3141 831 3212 λαμπρῶς
898 3142 1105 3211 ἀγανὴ
1156 3144 1263 3193 τιῖιν
1313 3141 1474 3194 θείων
1523 3141 1869 3209 Εὲαγγελίων
1898 3172 1977 3227 οη

1857 3161 1939 3227 'c
1976 3175 2168 3214 norum
2220 3159 2628 3228 Evangeliorum
2681 3157 2927 3211 codicem
2994 3155 3305 3209 ostendere.
3363 3153 3535 3219 Quam

296 3235 507 3303 ἱστορεῖ
560 3234 765 3302 βίϐλος.
797 3228 898 3285 Ὧν
948 3234 1105 3286 οὐδὲν
1136 3236 1296 3300 γνοὺς
1373 3235 1401 3287 6
1436 3233 1712 3303 βασιλεὺς,
1761 3235 1869 3286 τῶν

292 3324 518 3391 δεσμῶν
550 3322 806 3376 ἐκέλευεν
841 3325 1066 3378 ἀνιέναι.
1116 3324 1176 3377 Ὀ
1197 3325 1254 3376 δὲ
1283 3324 1349 3377 τά
1388 3325 1592 3393 συνήθη
1624 3323 1753 3393 ἕδρα
1779 3325 1872 3376 καὶ

294 3414 482 3475 πάλιν,
516 3419 645 3476 τοις
674 3417 753 3484 τῷ
784 3415 933 3486 ζόφῳ
966 3415 1068 3484 τῆς
1095 3415 1305 3485 πλάνης
1340 3417 1742 3485 κατεχομένους
1764 3413 1871 3477 ζω-

292 3505 469 3576 γρῶν,
505 3507 600 3558 καὶ
627 3506 705 3575 τῷ
737 3506 866 3578 θείῳ
895 3510 988 3560 καὶ
1039 3506 1211 3576 νοερῷ
1258 3509 1554 3575 προσάγων
1579 3507 1738 3574 φωτί.
1782 3507 1869 3567 Ὠς

291 3599 338 3650 δ’
371 3598 618 3659 ἐνιαυτὸς
675 3597 905 3662 ἐξίκετο,
966 3597 1034 3649 τά
1091 3599 1449 3667 πραττόμενα
1479 3598 1556 3665 τῷ
1616 3600 1872 3666 Βενιαμὶν

291 3690 567 3758 ἐμηνύετο
597 3689 854 3759 βασιλεῖ’
920 3692 1013 3743 καὶ
1047 3692 1161 3760 δῇτ’
1222 3689 1447 3757 ἀγαγὼν
1477 3692 1664 3756 αὑτὸν,
1703 3708 1870 3759 1:903-

292 3783 489 3848 έταξεν
516 3783 820 3852 ἀρνηθῆναι
863 3783 922 3835 ὃν
954 3784 1197 3852 γνησίως
1240 3786 1509 3854 ἐκήρυττε
1541 3784 1768 3853 Κύριον.
1812 3783 1871 3836 ’0

289 3880 348 3931 δὲ
376 3881 452 3946 τῷ
492 3877 705 3947 βασιλεῖ
757 3877 887 3946 ἔφη,
926 3894 945 3928 ι
996 3877 1152 3939 Τίνος
1208 3878 1275 3930 ἂν
1310 3877 1461 3941 ἄξιος
1518 3878 1624 3947 είη,
1685 3878 1741 3940 ὅς
1774 3877 1870 3946 τὴν

292 3971 571 4038 σφετέραν
596 3968 1016 4037 ἀπαρνούμενος
1050 3968 1356 4037 βασιλείαν,
1385 3969 1579 4037 ἑτέραν
1605 3968 1783 4020 ἕλοιτο
1807 3986 1821 4032 ;
1846 3986 1864 4017 ι

302 4060 366 4111 '0
392 4060 468 4120 δέ,
512 4076 530 4109 ι
586 4057 830 4111 Θανάτου
889 4061 983 4111 καὶ
1020 4060 1297 4128 τιμωρίας
1338 4060 1598 4129 ἐσχάτης.
1639 4078 1657 4111 ι
1723 4060 1867 4129 Πρὸς

286 4149 467 4203 ταῦτα
517 4150 582 4217 δὴ
642 4151 834 4216 ἐπάγει
888 4147 1168 4217 Βενιαμὶν,
1208 4167 1225 4199 ι
1264 4144 1389 4218 'Ap’
1434 4148 1529 4202 οὖν
1590 4150 1761 4219 πόσης
1804 4151 1869 4202 ἀν

286 4242 523 4307 ὲκαξίας
583 4242 881 4312 μεταλάχοι
932 4242 1029 4309 τῆς
1076 4241 1229 4309 δίκης
1271 4240 1579 4310 ἄνθρωπος,
1614 4243 1706 4294 τὸν
1760 4241 1870 4295 τῶν

287 4338 434 4390 ὅλων
474 4338 572 4404 μὲν
618 4334 950 4407 ἀρνούμενος
1006 4335 1318 4403 Δεσπότην,
1374 4336 1470 4387 καὶ
1525 4337 1750 4406 σωτῆρα
1778 4338 1870 4389 καὶ

286 4429 596 4498 κηδεμόνα,
622 4428 701 4478 ἐνὶ
724 4427 780 4478 δὲ
798 4427 912 4476 τῶν
932 4426 1240 4493 ὁμοδούλων
1267 4425 1333 4478 τὸ’
1356 4425 1521 4487 σέὗας
1550 4427 1865 4492 προσάγων,

1977 3266 2091 3304 rem
2122 3250 2378 3318 ignorans
2408 3265 2523 3309 rex.
2562 3251 2795 3304 liberum
2827 3264 2951 3302 eum
2988 3263 3107 3302 esse
3131 3246 3314 3317 jussit.
3348 3246 3413 3299 Et
3445 3246 3535 3299 ille

1975 3357 2194 3395 rursum
2231 3342 2452 3395 solitum
2489 3340 2726 3394 oflicium
2756 3353 2915 3392 suum
2946 3338 3094 3402 fecit,
3122 3354 3218 3392 eos
3249 3338 3340 3406 qui
3376 3351 3535 3389 erro-

1973 3433 2049 3486 ris
2102 3432 2333 3501 caligine
2391 3432 2774 3485 detincrentur
2819 3432 3041 3499 capiens
3092 3440 3149 3483 et
3181 3430 3247 3484 ad
3294 3430 3536 3482 divinam

1970 3532 2131 3590 atque
2184 3522 2611 3576 intellectualem
2664 3522 2841 3575 lucem
2903 3521 3204 3575 adducens.
3269 3520 3541 3574 Praeteriit

1970 3628 2167 3677 annus,
2202 3622 2395 3681 etquae
2444 3612 2723 3681 Benjamin
2746 3612 2957 3681 agebat,
2985 3613 3093 3682 regi
3123 3612 3357 3666 indicata
3386 3620 3537 3665 sunt:

1970 3705 2066 3773 qui
2098 3720 2222 3757 eum
2260 3705 2326 3757 ad
2357 3720 2415 3758 se
2445 3704 2794 3772 productum,
2828 3718 3294 3774 pernegarequem
3324 3704 3538 3758 sincere

1972 3796 2294 3865 praedicaret
2320 3796 2607 3849 Dominum
2635 3796 2821 3865 jussit.
2852 3794 3035 3865 Atque
3067 3796 3139 3849 ibi
3207 3796 3295 3848 ille
3328 3795 3394 3848 ad
3454 3809 3539 3848 re-

1971 3902 2128 3955 gem:
2165 3904 2185 3939 (
2230 3884 2517 3951 Quidnam,
2557 3886 2751 3955 inquit,
2770 3896 3201 3948 commercatur,
3233 3886 3327 3953 qui
3361 3886 3536 3955 impe-

1974 3978 2111 4031 rium
2143 3990 2293 4031 tuum
2328 3978 2624 4047 abnegans,
2649 3977 2715 4030 ad
2742 3978 2905 4031 alium
2937 3992 2994 4031 se
3025 3976 3277 4030 conferat
3308 3992 3486 4046 regem
3513 3977 3539 4031 ἲ

1971 4068 2220 4132 Mortem,
2250 4084 2343 4122 rex
2380 4068 2476 4129 ait,
2503 4077 2559 4121 et
2612 4081 2929 4135 supremum
2966 4065 3311 4135 supplicium.
3350 4084 3367 4117 ι
3398 4066 3536 4120 Tum

1972 4161 2251 4230 Benjamin
2295 4178 2309 4214 :
2351 4178 2368 4211 ι
2401 4159 2683 4225 Quodnam
2710 4159 2897 4227 igitur,
2935 4159 3135 4220 intulit,
3156 4159 3290 4211 satis
3311 4157 3534 4227 dignum

1974 4252 2136 4305 homo
2185 4250 2327 4304 ferat
2388 4251 2741 4318 supplicium,
2805 4249 2899 4317 qui
2952 4249 3326 4302 universitatis
3374 4248 3536 4318 hujus

1972 4342 2207 4396 Domino
2264 4340 2551 4395 Servatore
2601 4349 2898 4393 etreetore
2955 4340 3224 4408 abjurato,
3289 4355 3396 4392 non
3453 4340 3528 4393 illi

1972 4434 2179 4487 cultum
2226 4432 2600 4500 honoremque
2665 4432 2930 4491 debitum,
2983 4430 3078 4484 sed
3127 4445 3193 4483 ex
3246 4430 3533 4483 conservis

289 4521 393 4574 καὶ
414 4518 514 4589 τὴν
540 4518 930 4587 προσήκουσαν
952 4516 1173 4585 ὀφειλὴν
1195 4516 1269 4586 μὴ
1292 4517 1483 4585 ἐκείνῳ
1512 4517 1824 4581 ἀποτιννύς;
1840 4536 1857 4568 ι
1898 4508 1940 4564 υ

1854 4542 1857 4562 ν
1898 4508 1940 4564 υ
1969 4523 2082 4576 suis
2113 4522 2203 4575 uni
2235 4522 2492 4591 praestet?
2522 4539 2539 4572 ι
2581 4520 2774 4575 Verbis
2810 4520 2957 4574 hisee
3006 4536 3097 4573 rex
3115 4521 3353 4589 graviter
3384 4535 3532 4573 com-

301 4614 367 4667 'O
399 4613 454 4665 δὲ
488 4612 743 4681 βασιλεὺς
784 4611 900 4672 τοῖς
930 4611 1138 4679 ῥήμασι
1164 4609 1500 4678 χαλεπήνας,
1543 4610 1862 4679 ἰσαρίθμους

286 4701 581 4768 καλάμους
625 4703 738 4762 τοῖς
790 4700 1078 4761 δακτύλοις
1118 4700 1227 4750 τῶν
1285 4701 1483 4769 χειρῶν
1538 4700 1633 4753 καὶ
1686 4702 1864 4754 ποδῶν

283 4794 595 4860 ἀποξύνας,
626 4794 919 4863 ἐμπείρειν
951 4794 1063 4855 τοῖς
1119 4792 1302 4858 ὄνυξιν
1333 4793 1639 4848 ἐκελεύετο.
1693 4796 1777 4859 Ὠς
1806 4796 1864 4848 δὲ

282 4885 518 4937 παιδιὰν
579 4884 679 4953 τὴν
740 4883 1011 4954 τοσαύτην
1048 4884 1329 4952 τιμωρίαν
1372 4884 1465 4936 τὸν
1527 4885 1863 4955 στεφανίτην

280 4976 443 5046 ἐώρα
482 4977 795 5045 δεχόμενον.
860 4976 1105 5040 κάλαμον
1159 4976 1351 5045 ἕτερον
1416 4975 1747 5045 παροξύνας,
1784 4980 1863 5049 τῷ

277 5070 603 5138 παιδογόνῳ
666 5068 829 5136 ἐνῆκε
868 5069 1077 5139 μορίῳ·
1126 5068 1184 5120 ὃν
1237 5070 1570 5139 πυκνότερον
1622 5072 1863 5124 ἀνέλκων

272 5160 384 5214 καὶ
416 5157 717 5226 πρισιηυθῶν
768 5156 947 5221 αὒὺις,
978 5156 1221 5227 ἄρρητον
1266 5158 1356 5209 καὶ
1391 5158 1661 5227 ἀφόρητον
1691 5160 1864 5213 ἐποίει

274 5252 393 5319 τὴν
416 5249 715 5318 ἀλγηδόνα.
772 5248 930 5301 Ἐπεὶ
968 5249 1027 5300 δὲ
1062 5248 1159 5301 καὶ
1185 5249 1285 5318 τὴν
1332 5252 1671 5321 πικροτάτην
1698 5250 1864 5318 βάσα-

274 5362 384 5401 νον
434 5344 698 5411 γενναίως
731 5343 1101 5412 διεκαρτέρει,
1155 5342 1348 5407 ἐτεραν
1380 5344 1649 5412 προσῆγε,
1678 5344 1863 5395 δευτέ-

277 5452 397 5507 ρας
448 5435 548 5497 τας
604 5434 879 5504 προτέρας
938 5433 1420 5487 ἀποδεικνύουσαν.
1488 5433 1708 5487 Ῥάϐδον
1754 5436 1863 5505 γάρ

273 5530 530 5597 παχεῖαν
558 5526 719 5595 ἄγειν
749 5526 1022 5593 ἐκέλευεν,
1045 5526 1204 5590 δξους
1247 5527 1542 5596 πανταχόθι
1565 5526 1864 5595 προϐαλλο-

275 5619 466 5694 μένην
496 5616 737 5680 πυκνούς
758 5634 771 5648 ·
797 5616 1005 5688 ταύτην
1027 5618 1084 5671 δὲ
1109 5616 1198 5672 διά
1241 5618 1340 5688 τῆς
1378 5618 1541 5687 ἕδρας
1570 5617 1865 5687 ἐμϐάλλειν

268 5710 372 5781 τῷ
405 5712 636 5783 ἀθλητῇ,
681 5712 874 5763 ἔπειτα
928 5709 1168 5781 ἐξαίρειν
1226 5726 1283 5763 τε
1341 5712 1435 5764 καὶ
1485 5711 1715 5781 ἐγείρειν
1742 5711 1863 5762 κατ’

268 5802 469 5874 αὐτῆς
502 5802 650 5876 μάλα
686 5803 1063 5878 σφοδρότερον.
1117 5802 1235 5872 Ἐφ’
1340 5803 1415 5873 μὴ
1450 5803 1609 5856 πλέον
1647 5806 1860 5869 στέγειν

1968 4623 2167 4673 motus,
2197 4614 2460 4681 aqualem
2489 4628 2612 4667 cum
2638 4614 2822 4683 digitis
2851 4628 3109 4667 manuum
3138 4620 3302 4681 atque
3335 4612 3533 4680 pedum

1967 4705 2304 4759 calamorum
2358 4720 2645 4758 numerum
2705 4704 2924 4765 exacui,
2959 4712 3015 4757 et
3057 4702 3332 4773 unguibus
3385 4703 3541 4764 illius

1966 4797 2113 4866 inﬁgi
2150 4794 2614 4866 praacepit.&.78
2639 4795 2705 4849 Ut
2730 4811 2859 4849 vero
2912 4796 3172 4849 athletam
3202 4808 3399 4849 corona
3438 4794 3536 4848 de-

1964 4890 2281 4952 corandum,
2342 4901 2671 4943 tormentum
2727 4889 2779 4942 id
2848 4889 3076 4958 perinde
3138 4896 3301 4956 atque
3338 4885 3540 4947 ludum

1960 4980 2255 5049 jocumque
2285 4982 2539 5047 excipere
2568 4980 2727 5044 vidit,
2765 4979 3033 5032 calamum
3064 4978 3229 5031 alium
3257 4978 3310 5031 in
3338 4978 3529 5046 cuspis

1964 5072 2087 5126 dem
2142 5070 2515 5125 acuminatum
2571 5072 2813 5123 membro
2865 5070 2983 5139 ejus
3047 5069 3194 5121 virili
3260 5068 3531 5122 immisit:

1965 5177 2126 5233 quem
2151 5161 2492 5230 frequentius
2513 5160 2745 5216 subinde
2777 5160 3004 5230 infigens
3034 5169 3199 5230 atque
3235 5158 3525 5215 retrahens

1966 5252 2343 5307 incredibilem
2370 5252 2877 5320 intolerabilemque
2901 5251 2978 5304 illi
3019 5250 3225 5305 creavit
3252 5250 3521 5309 dolorem,

1966 5345 2258 5415 Postquam
2297 5355 2480 5399 autem
2536 5344 2640 5398 hoc
2684 5357 2901 5413 quoque
2953 5341 3371 5397 acerbissimum
3404 5356 3537 5410 sup.

1966 5438 2190 5508 plicium
2229 5453 2493 5507 generose
2524 5438 2770 5507 pertulit,
2826 5436 2974 5491 aliud
3013 5435 3218 5501 intulit,
3253 5434 3400 5504 quod
3422 5436 3537 5504 pri-

1966 5544 2063 5583 ora
2118 5530 2205 5583 iila
2260 5529 2528 5583 secundas
2584 5536 2764 5599 partes
2819 5531 2960 5582 ferre
3017 5526 3279 5582 ostendit.
3315 5528 3540 5597 Virgam

1966 5625 2111 5673 enim
2133 5620 2453 5674 crassiorem
2490 5620 2709 5685 aﬂerre,
2735 5637 2798 5674 ex
2836 5629 2986 5688 parte
3044 5619 3191 5672 onmi
3223 5619 3421 5673 densos
3451 5634 3537 5671 ra-

1971 5727 2183 5764 morum
2219 5726 2391 5765 nncos
2422 5712 2873 5781 praetendentem,
2902 5722 2955 5765 et
2986 5711 3040 5765 in
3069 5710 3253 5766 sedem
3288 5712 3537 5765 decerta-

1972 5803 2103 5858 toris
2145 5803 2317 5874 injici,
2367 5817 2429 5858 ac
2464 5802 2662 5859 deinde
2720 5803 3017 5860 identidem
3044 5817 3287 5873 peream
3333 5801 3536 5857 attrahi
