4250 6440
800 327 935 392 1123

1985 323 2410 385 NlCEPllORl
2449 324 2794 384 CALLlSTI

3905 315 4055 384 1124

793 453 885 492 res
918 438 1128 506 ligneas
1159 432 1431 498 fecerunt,
1461 445 1581 502 quae
1615 430 1750 486 rotis
1783 429 2126 500 quibusdam
2159 439 2216 484 et
2255 444 2370 483 ma-
2409 438 2443 488 Α

2409 438 2443 488 Α
2475 431 2574 501 τὴν
2613 429 2925 497 Ἀζαζηνῶν
2973 427 3156 499 χώραν
3230 425 3437 496 μαθὼν,
3481 428 3574 481 καὶ
3628 427 3753 488 τοὺς
3810 429 3914 481 ἀνὰ
3953 433 4058 497 τὴν

799 529 981 583 οιιίιιὶς
1026 525 1350 596 provolutae,
1386 522 1660 579 moenibus
1696 521 2133 578 admovebantur
2165 539 2180 576 :
2213 531 2268 575 et
2301 536 2367 574 ex

798 621 880 675 eis
915 618 1182 687 longiore.
1214 631 1315 686 pro
1352 631 1529 681 muro,
1563 627 1744 684 pugna
1784 616 2098 680 commissa,
2136 613 2294 668 multi
2335 627 2366 667 ο

799 712 1083 780 superiore
1131 711 1254 765 loco
1301 709 1490 764 urbem
1539 720 1948 780 propugnantes
1993 708 2363 764 caedebantur.

801 805 1043 856 Varanes
1073 813 1255 856 autem
1289 801 1576 855 Persarum
1609 817 1706 855 rex
1738 801 1829 854 ubi
1856 801 2158 855 Azazenam
2191 800 2369 870 regio-

799 910 924 948 nem
968 895 1234 955 excisam,
1275 900 1330 947 et
1373 907 1505 946 suos
1551 891 1726 946 Nisibi
1782 893 2024 947 inclusos
2077 892 2365 946 muralium

758 1025 761 1027 -
802 997 1199 1041 tormentorum
1245 987 1296 1038 vi
1346 984 1508 1054 allligi
1553 984 1833 1053 cognovit,
1871 985 2041 1054 cepiis
2074 1000 2209 1053 quas
2250 993 2363 1038 tum

800 1089 1017 1147 paratas
1055 1078 1292 1131 habebat
1330 1077 1607 1139 omnibus,
1645 1075 1916 1129 fortunam
1963 1075 2087 1129 belli
2126 1075 2364 1144 experiri

801 1185 1090 1240 aggressus
1138 1179 1243 1224 est.
1295 1168 1430 1224 Cum
1485 1183 1616 1221 vero
1674 1169 2052 1221 Romanorum
2104 1168 2361 1222 virtutem

803 1270 1090 1326 metueret,
1149 1260 1544 1314 Saracenorum
1603 1260 1822 1312 auxiliis
1878 1274 2010 1312 usus
2061 1269 2175 1322 est,
2227 1275 2365 1326 quos

801 1355 1201 1407 Alamundarus
1234 1353 1315 1405 vir
1349 1351 1507 1405 l‘ortis
1541 1360 1594 1404 et
1630 1351 1922 1404 bellicosus
1959 1350 2114 1404 duxit
2150 1368 2163 1403 :
2200 1349 2358 1420 481

801 1446 891 1512 qni
922 1459 1044 1497 cum
1080 1445 1244 1496 multa
1273 1458 1460 1496 eorum
1495 1442 1663 1495 millia
1694 1442 1768 1510 (l)
1805 1458 1991 1495 secum
2025 1443 2361 1506 adduxisset,

802 1536 944 1588 bono
989 1537 1169 1588 animo
1214 1551 1394 1603 regem
1439 1535 1728 1588 Persarum
1775 1549 1894 1588 esse
1932 1536 2126 1601 jussit,
2175 1549 2365 1601 quam-

803 1630 1038 1699 primum
1071 1645 1127 1681 se
1159 1629 1334 1696 primo
1360 1628 1618 1681 conﬂictu
1650 1629 1925 1682 Romanos
1952 1638 2361 1694 superaturum,

801 1731 964 1788 atque
1003 1720 1102 1788 ipsi
1149 1735 1250 1771 una
1299 1735 1422 1772 cum
1475 1734 1666 1788 magna
1704 1719 1960 1787 Syrorum
2000 1720 2131 1771 urbe
2171 1718 2363 1771 Antio-

2473 523 2692 576 Νίσιϐιν
2745 522 3064 593 εἱρχθέντας
3124 520 3444 591 συνέχεσθαι
3503 519 3602 587 ἤδη
3659 521 3726 590 τῇ
3781 518 3874 590 βία
3940 521 4061 571 τῶν

2473 617 2797 681 ἑλεπόλεων,
2824 619 2890 686 τῇ
2919 615 3195 686 προσούσῃ
3254 614 3403 686 πάσῃ
3462 614 3690 682 δυνάμει
3745 615 4062 682 ἀποπειρᾶ-

2475 711 2600 764 σθαι
2661 711 3109 780 παρεσκευάζετο
3150 727 3165 741 ο
3217 709 3316 780 τὴν
3364 708 3421 762 δὲ
3475 707 3761 776 Ῥωμαίων
3818 706 4058 775 δύναμιν

2474 801 2880 864 ὑποδειλιάσας,
2929 801 3244 870 συμμάχοις
3294 802 3635 868 Σαρακηνοῖς
3687 798 3907 868 ἐχρῆτο,
3977 793 4058 850 ὧν

2485 894 2924 963 Ἀλαμούνδαρος
2959 895 3165 964 ἠγεῖτο,
3206 894 3347 961 ἀνὴρ
3383 894 3630 959 γενναῖος
3689 895 3785 944 καὶ
3828 892 4056 961 άρεῖκδς

2472 988 2541 1041 τὰ
2569 987 2803 1056 πολέμια
2837 993 2852 1008 ⁸
2894 987 2951 1048 ὃς
2980 986 3182 1048 πολλάς
3219 985 3489 1055 μυριάδας
3530 983 3863 1052 Σαρακηνῶν
3914 985 4053 1034 ἐπα-

2469 1082 2721 1148 γόμενος,
2755 1079 2980 1148 θαρρεῖν
3035 1077 3334 1147 παρηγγύα
3373 1076 3448 1143 τῷ
3509 1076 3731 1144 Περσῶν
3785 1075 4048 1143 βασιλεῖ’

2473 1172 2548 1240 μὴ
2574 1171 2683 1240 γὰρ
2713 1172 2845 1225 πολὺ
2871 1171 3123 1232 διελθεῖν,
3183 1171 3275 1222 καὶ
3338 1169 3646 1234 Ῥωμαίους
3707 1167 3805 1236 μὲν
3852 1167 4051 1236 πρώτῃ

2471 1262 2744 1331 προσϐολῇ
2777 1261 3254 1328 παραστήσεσθαι,
3288 1259 3382 1311 καὶ
3441 1257 3534 1308 ὑπ’
3568 1256 3716 1320 αὐτῷ
3753 1258 3927 1307 ποιεῖν
3957 1257 4056 1306 καὶ

2469 1354 2565 1422 τὴν
2621 1353 2772 1422 παρὰ
2833 1351 3029 1422 Σύροις
3103 1350 3346 1421 μεγάλην
3397 1350 3552 1401 πόλιν
3608 1349 3705 1418 τὴν
3747 1347 4053 1414 Ἀντιόχου.

2470 1444 2640 1497 Ταῦθ’
2669 1447 2695 1496 6
2730 1444 2827 1513 μὲν
2852 1444 3036 1509 ἔλεγεν
3073 1459 3087 1474 ·
3117 1444 3324 1511 ἥκιστα
3346 1441 3401 1492 δέ
3433 1442 3530 1493 καὶ
3557 1441 3633 1500 εἰς
3663 1439 3812 1500 τέλος
3852 1439 4054 1506 ἐκείνῳ

2469 1537 2496 1587 6
2534 1537 2688 1603 λόγος
2714 1537 2935 1605 ἤρχετο.
2970 1535 3031 1586 Οἱ
3059 1536 3167 1601 γὰρ
3195 1535 3282 1601 ἐφ’
3302 1526 3382 1593 οἷς
3417 1532 3636 1600 θε.ῤῥὼν
3666 1531 3772 1599 ἤιε,
3793 1531 4055 1598 Σαρακη-

2469 1626 2549 1678 νοὶ
2584 1627 2777 1692 ἄλογον
2812 1625 2930 1686 δέος
2962 1624 3388 1692 εἰσδεδεγμένοι,
3423 1623 3518 1675 καὶ
3581 1621 3853 1691 φαντασίᾳ
3913 1622 4059 1687 λης.-

2472 1717 2653 1778 θέντες
2691 1718 2922 1787 μεγίστῃ
2956 1718 3091 1786 πρὸς
3137 1717 3427 1785 Ῥωμαίων
3475 1717 3703 1783 δυνάμει
3754 1712 4055 1775 περιελαύ-

801 1813 923 1867 cbia
972 1813 1348 1880 subiecturum
1401 1826 1545 1872 esse,
1593 1810 1804 1862 dicens.
1843 1810 1967 1863 llaec
2014 1810 2103 1862 ille
2146 1810 2364 1878 quidem
2399 1799 2479 1850 D‘

2399 1799 2436 1850 D
2469 1806 2674 1868 νεσθαι,
2707 1809 2800 1857 καὶ
2833 1808 2890 1858 ἐν
2912 1808 3121 1874 ταραχῇ
3179 1805 3555 1863 καταστάντες
3609 1803 3843 1872 μεγάλῃ,
3904 1804 4051 1870 μήτε

801 1903 1061 1972 iactabat,
1096 1903 1190 1954 sed
1237 1903 1403 1956 verba
1452 1903 1570 1971 ejus
1609 1902 1834 1956 minime
1887 1902 1951 1954 ad
1991 1903 2200 1956 exitum
2242 1916 2366 1969 per-

803 2008 1027 2046 venere.
1056 1992 1267 2057 Quibus
1300 2007 1536 2060 namque
1571 2007 1663 2044 rex
1695 1992 1916 2055 lidebat,
1947 1991 2202 2044 Saraceni
2233 2006 2366 2058 pra:-

805 2091 889 2136 ter
927 2083 1189 2134 rationem
1242 2092 1453 2134 terrore
1497 2081 1761 2148 correpti,
1794 2090 1848 2132 et
1891 2096 1989 2149 per
2025 2080 2367 2148 imaginatio-

803 2188 928 2227 nem
963 2189 1020 2227 se
1055 2189 1084 2226 a
1127 2172 1376 2226 maximis
1421 2173 1795 2226 Romanorum
1837 2171 2011 2240 copiis
2059 2171 2364 2224 circumda-

806 2273 890 2318 tos
926 2263 1161 2332 propelli
1211 2262 1438 2330 opinati,
1475 2272 1636 2329 atque
1686 2261 1738 2314 in
1784 2276 2037 2329 magmnn
2075 2261 2364 2313 tumultum

805 2354 1061 2423 conjecti,
1094 2353 1166 2406 ita
1221 2362 1279 2405 ut
1321 2367 1498 2420 neque
1539 2352 1670 2420 quid
1717 2352 2025 2405 faciendum
2062 2362 2227 2415 esset,
2261 2353 2365 2407 sci-

807 2455 951 2508 rent,
996 2460 1102 2496 una
1151 2459 1272 2496 cum
1326 2444 1496 2497 armis
1551 2443 1608 2496 in
1663 2443 1993 2513 Euphratem
2041 2460 2256 2497 amnem
2309 2459 2367 2498 se

810 2536 1244 2604 przecipitarunt.
1292 2535 1491 2604 Opinio
1539 2550 1670 2588 sane
1723 2536 1967 2599 obtinet,
2021 2547 2238 2590 centum
2293 2536 2365 2587 ibi

809 2627 1052 2678 virorum
1090 2627 1255 2678 millia
1290 2627 1540 2694 periisse.
1569 2626 1746 2693 Atque
1785 2626 1889 2679 hoc
1919 2627 1995 2679 sic
2025 2627 2245 2694 quidem
2283 2645 2368 2682 ae-

807 2719 964 2772 cidil.
1013 2718 1240 2770 Romani
1292 2732 1459 2782 vero,
1512 2716 1604 2783 qui
1653 2717 1906 2770 excitatis
1956 2721 2370 2787 expugnatoriis

809 2811 1028 2862 urbium
1065 2808 1332 2862 machinis
1370 2807 1600 2861 Nisibim
1637 2808 1985 2871 obsidebant,
2027 2825 2149 2862 eum
2183 2811 2369 2864 audis-

807 2913 952 2968 sent,
984 2904 1198 2956 Persam
1231 2916 1475 2970 magnam
1507 2901 1926 2968 elephantorum
1959 2903 2365 2956 multitudinem

808 2997 1104 3066 adducere,
1135 3003 1189 3046 et
1215 3009 1275 3046 ea
1309 2995 1374 3046 de
1406 3008 1570 3047 causa
1604 3003 1748 3046 metu
1783 2996 2118 3046 consternati
2161 3009 2366 3062 essent,

808 3086 1078 3140 machinis
1124 3085 1204 3138 eis
1251 3084 1509 3137 omnibus
1560 3082 1682 3151 igne
1729 3085 2093 3151 consumptis,
2133 3085 2200 3138 ad
2250 3087 2365 3139 loca

808 3192 903 3229 sua
939 3183 1063 3228 sunt
1098 3173 1328 3226 reversi.
1364 3173 1633 3225 Caeterum
1663 3181 1794 3239 quot
1825 3181 2009 3238 postea
2043 3173 2226 3240 praelia
2259 3173 2369 3225 sint

807 3266 1119 3330 commissa,
1148 3276 1200 3316 et
1230 3262 1505 3332 quomodo
1531 3264 1672 3316 alius
1699 3262 2070 3316 Romanorum
2100 3262 2208 3316 dux
2233 3264 2369 3317 Are-

805 3358 1048 3409 obindus
1080 3355 1344 3423 singulari
1377 3355 1676 3407 certamine
1710 3370 1834 3408 eum
1875 3355 1969 3423 qui
2005 3355 2148 3422 apud
2181 3355 2369 3408 Persas

806 3449 1052 3501 omnium
1105 3446 1438 3500 fortissimus
1491 3446 1708 3498 habitus
1751 3455 1853 3507 est,
1897 3445 2238 3498 interemerit
2271 3463 2284 3498 :
2315 3456 2370 3499 et

805 3539 1082 3608 quomodo
1135 3537 1476 3590 Ardaburius
1523 3546 1729 3603 septem
1781 3537 2072 3591 PerSarum
2118 3540 2369 3591 ductores

808 3632 1026 3685 insidiis
1083 3639 1344 3697 etteeplos
1389 3628 1709 3691 trucidarit;
1757 3627 1942 3682 adhzec
1997 3638 2055 3680 ut
2098 3627 2366 3693 Vitianus,

813 3723 957 3776 alius
981 3720 1272 3773 Theodosii
1298 3720 1427 3781 dux,
1452 3718 1712 3786 reliquias
1738 3718 2137 3772 Saracenorum
2164 3720 2368 3788 optime

807 3813 1153 3874 exstinxerit,
1189 3810 1718 3878 przelermittcndum
1751 3823 1871 3862 esse
1903 3825 2123 3874 censeo,
2157 3825 2224 3863 ne
2255 3810 2370 3863 lon-

805 3908 930 3973 gius
960 3913 1118 3956 extra
1149 3901 1487 3970 propositum
1522 3901 1820 3968 digrediar.
1857 3900 2154 3969 Imperator
2190 3902 2368 3955 Tlieo-

809 3994 999 4046 dosius
1047 4008 1133 4045 res
1191 3993 1240 4043 in
1291 4007 1356 4044 eo
1407 3991 1552 4044 bello
1600 4002 1798 4060 gestas,
1843 3991 2084 4045 Palladio
2133 3993 2367 4060 quodam

809 4099 1032 4136 cursore
1065 4081 1232 4134 celeri
1271 4096 1421 4146 usus,
1453 4082 1859 4149 quamprimum
1893 4083 2166 4149 cognovit.
2197 4081 2289 4136 V'ir
2325 4083 2370 4135 is

807 4193 937 4230 cum
985 4191 1214 4243 corpore
1259 4176 1550 4238 robustus,
1598 4185 1709 4227 tum
1761 4173 1943 4226 animo
1988 4175 2370 4227 adamantinus

811 4269 912 4321 fuit
943 4286 956 4320 :
988 4268 1078 4334 qui
1110 4276 1256 4319 tanta
1287 4266 1567 4318 celeritate
1598 4280 1742 4332 equo
1773 4265 2015 4317 insidens
2049 4278 2234 4319 vectus
2261 4274 2364 4330 est,

812 4371 874 4412 ut
911 4359 1105 4411 diebus
1151 4358 1323 4410 tribus
1371 4357 1427 4410 in
1479 4357 1634 4418 ﬁnes,
1669 4357 1760 4424 qui
1803 4355 1964 4409 medii
2007 4357 2146 4409 inter
2178 4357 2370 4410 Persas

2467 1897 2622 1966 593‘“
2665 1897 2786 1966 μηδ’
2821 1899 2969 1958 ὅπως
2996 1900 3143 1967 φυγῇ
3210 1897 3520 1965 Χρῆσασθαι
3574 1896 3814 1963 ἔχοντες,
3864 1896 4056 1958 αὐτοῖς

2469 1989 2652 2051 ὅπλοις
2693 1989 2841 2057 παρὰ
2880 1989 2970 2040 τὸν
2997 1990 3244 2054 ποταμὸν
3296 1989 3584 2056 Εὐφράτην
3610 1987 3863 2039 ἐνέϐαλον
3915 1988 4018 2038 ἐαυ

2469 2081 2616 2141 τούς.
2661 2081 2768 2133 Καί
2820 2098 2883 2148 γε
2936 2080 3092 2147 λόγος
3154 2085 3280 2150 περὶ
3336 2082 3464 2132 δέκα
3525 2081 3788 2150 μυριάδας
3837 2083 4056 2151 ἀνδρῶν

2470 2174 2646 2222 ἐκεῖσε
2681 2171 3066 2240 διαφθαρῆναι.
3096 2172 3267 2224 Τοῦτο
3303 2173 3399 2240 μὲν
3427 2173 3491 2240 δὴ
3520 2171 3761 2224 τοιοῦτον
3793 2174 4056 2224 συνέϐαι-

2469 2281 2582 2315 νεν.
2633 2266 2694 2314 ()i
2765 2263 2820 2314 δὲ
2868 2265 2997 2330 περ)¹
3042 2263 3255 2316 Νίσιϐιν
3322 2263 3419 2326 τὰς
3462 2263 3739 2324 ἑλεπόλεις
3789 2263 4052 2326 ἱστῶντες

2481 2355 2764 2421 Ῥωμαῖοι,
2799 2353 3098 2422 πυθόμενοι
3135 2356 3209 2416 ὡς
3241 2359 3268 2407 6
3295 2356 3510 2426 Πέρσης
3558 2356 3869 2424 ἐλεφάντων
3911 2355 4052 2408 πολ-3

2471 2463 2521 2498 τι
2552 2442 2756 2514 πλῆθος
2783 2447 3061 2513 ἐπάγοιτο,
3097 2447 3194 2498 καὶ
3234 2447 3313 2511 τῷ
3364 2448 3472 2500 δέει
3503 2449 3768 2514 παγέντες
3826 2449 4052 2510 ἁπάσας

2470 2541 2570 2597 τὰς
2597 2533 3024 2606 τζολιορκητικὲτς
3089 2539 3338 2606 μηχανὰς
3369 2542 3505 2609 πυρὶ
3535 2539 3853 2602 δεδωκότες,
3908 2540 4056 2608 πρὸς

2471 2609 2595 2686 rei}:
2628 2627 2864 2689 οἰκείους
2904 2629 3105 2689 τόπους
3134 2628 3487 2696 ἀνέστρεφον.
3528 2631 3672 2682 Ἀλλ’
3701 2632 3898 2683 ὁπόσαι
3948 2633 4056 2700 μὲν

2471 2715 2665 2768 ἔπειτα
2701 2718 2969 2786 συμϐολαὶ
3004 2720 3080 2786 τῷ
3110 2723 3248 2787 μετᾶ
3278 2720 3452 2772 ταῦτα
3509 2722 3836 2787 συνέϐησαν,
3899 2725 4057 2785 ὅπως

2472 2823 2529 2857 τε
2567 2808 2592 2857 6
2625 2807 2916 2875 Ῥωμαίων
2947 2809 3134 2878 ἕτερος
3172 2812 3480 2881 στρατηγὸς
3515 2812 3851 2881 Ἀρεόϐινδος
3887 2831 4057 2880 μονο-

2475 2899 2647 2966 μαχίᾳ
2678 2898 2766 2949 τὸν
2794 2900 2945 2966 παρὰ
2978 2902 3218 2970 Πέρσαις
3278 2904 3456 2955 ἀνεῖλε
3514 2904 3868 2971 νομιζόμενον
3923 2922 4058 2971 γεν-

2472 2989 2772 3052 ναιότατον,
2817 2990 2980 3044 ἔτιδὲ
3014 2996 3106 3044 καὶ
3142 2993 3218 3055 ὼς
3284 2994 3668 3064 Ἀρδαϐούριος
3716 2997 3845 3056 τοὺς
3904 2998 4057 3051 ἐπτᾶ

2472 3079 2582 3129 τῶν
2616 3081 2840 3148 Περσῶν
2872 3086 3210 3150 στρατηγοὺς
3267 3085 3335 3137 δι’
3378 3088 3600 3155 ἐνέδρας
3661 3088 3796 3139 ἑλὼν
3846 3091 4055 3155 ἀνεῖλε,

2471 3169 2607 3237 πρὸς
2631 3170 2688 3222 δὲ
2713 3173 2776 3240 δὴ
2809 3173 3043 3235 τούτοις.
3079 3177 3172 3228 καὶ
3197 3175 3273 3238 ὠς
3304 3177 3540 3237 Βιτιανδς
3567 3179 3723 3241 ἄλλος
3763 3181 4056 3234 Θεοδοσίου

2472 3263 2776 3330 στρατηγὸς
2809 3264 3014 3332 ἀρίττῳ
3040 3266 3227 3335 τρόπῳ
3256 3268 3380 3328 τοὺς
3417 3268 3734 3330 ἐπιλοίπους
3769 3271 4055 3339 διέφθειρε

2470 3349 2576 3400 τῶν
2601 3350 2955 3420 Σαρακηνών,
3016 3357 3287 3424 παρήσειν
3345 3356 3488 3410 δοκῶ
3525 3377 3638 3429 μοι,
3688 3361 3772 3413 ἴνα
3826 3362 3902 3432 μὴ
3953 3364 4056 3415 τοῦ

2471 3443 2836 3509 προκειμένου
2866 3445 3021 3508 ἐκτὸς
3049 3450 3294 3514 γένωμαι
3321 3465 3335 3478 ⁸
3372 3452 3471 3502 ὅσα
3507 3454 3694 3520 μέντοι
3719 3455 3796 3522 τῷ
3823 3457 4057 3525 πολέμῳ

2471 3536 2703 3601 ἐγίνετο,
2743 3537 2937 3589 θάττον
2966 3538 3225 3607 ἐγνώριζε
3280 3541 3552 3609 βασιλεὺς,
3607 3545 3891 3615 Παλλαδίῳ
3941 3551 4058 3601 τινὶ

2469 3627 2794 3696 ταχυδρόμῳ
2829 3628 3131 3697 χρώμενος,
3162 3632 3317 3701 ἀνδρὶ
3339 3636 3571 3704 γενναίῳ
3623 3636 3721 3705 μὲν
3749 3638 3810 3688 τὸ
3863 3640 4057 3707 σῶμα,

2469 3719 2817 3789 ἀδαμαντίνῳ
2849 3722 2903 3772 δὲ
2935 3723 3029 3772 καὶ
3058 3724 3235 3792 ψυχήν
3271 3742 3286 3755 ο
3314 3725 3370 3788 ὃς
3392 3730 3469 3788 είς
3501 3729 3658 3780 τόσον
3707 3729 3828 3797 μεθ’
3873 3732 4054 3783 ἵππου

2471 3809 2712 3862 ἐλαύνων
2732 3812 2981 3882 ἐφέρετο,
3005 3813 3083 3876 ὡς
3113 3816 3170 3866 ἐν
3207 3817 3388 3884 τρισὶν
3416 3820 3658 3886 ἡμέραις
3688 3823 3825 3888 ταχῦ
3877 3838 4054 3873 κατα-

2469 3903 2766 3973 λαμϐάνειν
2805 3907 2933 3967 τοὺς
2977 3906 3157 3975 ὄρους,
3194 3907 3242 3959 οἶ
3277 3907 3480 3975 μεταξὺ
3525 3910 3748 3975 Περσῶν
3787 3913 3878 3962 καὶ
3909 3911 4053 3966 Ῥω-

2474 4000 2652 4067 μαίων
2679 3995 2819 4069 ἦσαν
2837 4017 2849 4030 ·
2872 4001 3063 4054 ἔπειτα
3081 4002 3135 4054 δέ
3159 4005 3481 4073 ἰσαρίθμους
3502 4007 3858 4058 ἀναλίσκοντα
3884 4010 4053 4059 πάλιν

2469 4091 2562 4142 ἐπὶ
2593 4092 2690 4160 τὴν
2717 4095 3131 4146 Κωνσταντίνου
3168 4097 3552 4166 ὑποστρέφειν.
3585 4099 3660 4168 Τῇ
3690 4100 3746 4151 δὲ
3776 4099 4051 4167 ταχυτῆτι

2470 4181 2748 4250 χρώμενος
2768 4185 2826 4235 οὐ
2850 4185 3009 4251 μόνον
3031 4187 3109 4246 είς
3129 4186 3353 4255 Περσῶν
3369 4189 3514 4255 ὅρια,
3534 4188 3668 4240 ἀλλὰ
3686 4191 3778 4241 καὶ
3799 4193 3864 4243 τὲ
3882 4193 4052 4242 λοιπὰ

2469 4272 2570 4336 τῆς
2617 4274 2940 4342 οἰκουμένης
2975 4277 3242 4344 τμήματα
3266 4315 3282 4337 ,
3332 4281 3540 4346 ταχέως
3573 4279 3822 4332 διίπτατο
3845 4323 3858 4338 ,
3910 4282 4049 4334 ὅπου

2471 4363 2514 4415 δ’
2538 4364 2602 4415 ἂν
2637 4366 2663 4414 6
2697 4365 2916 4433 κρατῶν
2947 4365 3339 4430 ἐξαπέστελλεν
3368 4385 3380 4398 ·
3413 4372 3486 4431 (ἒς
3516 4371 3608 4421 καί
3638 4374 3765 4423 ποτέ
3785 4390 3909 4424 τινα
3940 4375 4050 4426 τῶν

806 4461 869 4503 et
911 4452 1182 4501 ltnnmnos
1222 4458 1370 4511 sunt,
1422 4447 1755 4516 pervenerit,
1806 4447 2142 4515 totidemque
2184 4452 2368 4516 postea
2404 4457 2484 4523 Di

2404 4469 2445 4523 ι)
2474 4456 2774 4524 ἐλλογίμων
2814 4458 3023 4526 σφόδρα
3050 4461 3110 4509 τὸ
3134 4459 3299 4527 τάχος
3332 4461 3680 4528 θαυμάζοντα
3713 4466 3839 4530 περὶ
3881 4468 4048 4517 αἰδτοῖ

810 4539 1008 4592 diebus
1062 4538 1594 4603 Constantinopolim
1653 4553 1908 4591 reversus
1967 4538 2058 4590 sit.
2115 4537 2196 4591 0b
2246 4554 2370 4590 eam

813 4647 948 4684 vero
987 4631 1343 4691 celeritatem,
1381 4645 1487 4680 non
1526 4628 1589 4680 ad
1629 4628 1917 4681 Persarum
1968 4630 2100 4681 lines
2141 4639 2371 4690 tantum,

808 4724 910 4776 sed
946 4724 1009 4775 ad
1052 4719 1287 4790 reliquas
1328 4720 1492 4774 etiam
1540 4720 1691 4773 orbis
1736 4732 1942 4788 partes,
1970 4736 2079 4788 quo
2111 4735 2235 4773 eum
2274 4721 2374 4772 im-

814 4826 1036 4885 perator
1105 4817 1290 4874 misit,
1359 4813 1766 4881 expeditissime
1838 4814 2166 4880 pervolavit.
2234 4816 2377 4877 Qua-

814 4919 1044 4976 pmpter
1073 4905 1367 4972 aliquando
1401 4920 1466 4956 ex
1501 4904 1776 4972 praeclaris
1803 4905 1932 4956 viris
1961 4903 2204 4970 quidam,
2237 4905 2377 4956 cele-

813 5001 1036 5052 ritatem
1099 5000 1218 5066 ejus
1272 4997 1572 5049 admiratus
1625 4996 1760 5048 dixit
1803 5013 1814 5047 :
1865 4995 2049 5048 Virum
2091 5010 2215 5048 eum
2271 5004 2375 5048 tant

813 5093 1051 5160 amplam
1099 5091 1327 5143 Romani
1376 5088 1591 5157 imperii
1635 5088 1921 5147 ditionem,
1961 5099 2241 5156 angustam
2280 5103 2375 5141 ex-

818 5184 1001 5251 pedita
1053 5182 1331 5234 celeritate
1386 5195 1481 5232 sua
1533 5178 1860 5232 reddidisse.
1895 5177 1976 5232 Ad
2029 5180 2168 5232 hanc
2211 5180 2376 5232 etiam

817 5276 1106 5329 Persarum
1155 5288 1246 5326 rex
1290 5272 1590 5339 obstupuit,
1633 5271 1776 5339 quod
1816 5269 2086 5339 legatione
2122 5271 2375 5338 fungens,

817 5366 1116 5418 multorum
1172 5363 1388 5417 dierum
1443 5364 1545 5415 iter
1599 5372 1706 5415 tam
1765 5361 2018 5416 celeriter
2069 5362 2375 5432 perﬁceret.

819 5455 983 5526 482
1041 5455 1165 5508 llaec
1224 5455 1291 5508 de
1349 5455 1610 5509 Palladio.
1676 5455 2018 5509 Theodosius
2083 5455 2379 5522 imperator

817 5545 1290 5614 Constantinopoli
1325 5545 1549 5616 degens,
1583 5547 1674 5603 ubi
1710 5545 2082 5603 Romanorum
2115 5547 2379 5602 divinitus

891 5723 966 5791 (il
1007 5725 1288 5793 Μυριάδας
1323 5725 1482 5782 Socr.

2477 4546 2659 4613 φάναι,
2685 4547 2759 4607 ὡς
2799 4547 2857 4599 '0
2883 4548 3021 4615 ἀνὴρ
3055 4542 3206 4607 οὗτος
3232 4550 3478 4616 μεγάλην
3519 4551 3685 4603 οὖσαν
3740 4556 3840 4623 τὴν
3913 4557 4051 4623 Ῥευ-

2478 4638 2651 4706 μαίων
2676 4637 2847 4706 ἀρχὴν
2873 4641 3114 4706 σμικρὰν
3145 4644 3209 4709 τῇ
3237 4643 3503 4710 ταχυτῆτι
3536 4644 3822 4706 ἀπέδειξεν
3852 4663 3868 4676 ·
3893 4648 3950 4698 ὃν
3983 4650 4050 4716 δὴ

2475 4732 2622 4783 καὶό
2654 4731 2878 4798 Περσῶν
2937 4731 3189 4798 βασιλεὺς
3245 4734 3622 4804 ἐξεπλήττετο,
3677 4738 3891 4789 πολλῶν
3930 4742 4051 4793 θεῶν

2477 4817 2696 4886 ἡμερῶν
2727 4819 2917 4870 θᾶττον
2952 4819 3028 4887 τῷ
3059 4821 3385 4888 πρεσϐεύειν
3441 4823 3692 4877 ἀνύοντα.
3745 4828 3853 4878 Καὶ
3923 4832 4050 4899 περὶ

2479 4907 2578 4974 μὲν
2603 4907 2902 4959 Παλλαδίου
2930 4909 3188 4962 τοσαῦτα.
3230 4911 3488 4973 Βασιλεὺς
3541 4913 3597 4965 δὲ
3655 4916 3940 4978 Θεοδόσιος
3976 4925 4045 4988 τῆ

2480 4997 2892 5050 Κωνσταντίνου
2925 5000 3239 5066 διατρίϐων,
3266 5002 3358 5052 καὶ
3375 5002 3473 5070 τὴν
3513 5005 3576 5055 ἐκ
3621 5005 3756 5055 Θεοῦ
3811 5009 4051 5076 Ῥωμα”-

2477 5107 2557 5150 οις
2601 5092 2994 5159 ἐπιγενομένην
3042 5095 3198 5160 νίκην
3237 5094 3414 5156 εἰδὼς,
3462 5093 3608 5146 οὕτω
3649 5098 3809 5160 καλός
3855 5117 3918 5152 τε
3959 5112 4052 5152 κτὰ

2479 5182 2677 5247 ἀγαθὸς
2702 5179 2788 5252 ἦν,
2807 5185 2879 5245 ὼς
2901 5185 3099 5252 καίπερ
3127 5187 3368 5254 εὐτυχῶς
3398 5187 4048 5259 πραξάντωνῬωμαίων,

2478 5273 2626 5341 ὅμως
2652 5277 2746 5325 καὶ
2783 5275 2954 5337 οὕτως
2992 5279 3245 5346 εἰρηνικά
3295 5282 3518 5347 φρονεῖν
3580 5284 3673 5335 καὶ
3716 5285 4047 5337 σπένδεσθαι

2481 5363 2790 5433 βούλεσθαι.
2822 5366 2929 5416 Καὶ
2952 5367 3015 5432 δὴ
3047 5367 3138 5418 τὸν
3195 5371 3570 5438 στρατηλάτην
3633 5370 3868 5424 Ίιλίιυνα
3912 5379 4052 5443 πέμ.-

2477 5454 2604 5522 ψας,
2630 5455 2687 5506 ὃν
2716 5456 2803 5508 διὰ
2831 5457 3162 5525 περιφανοῦς
3199 5454 3302 5526 ἦγε
3342 5464 3530 5528 τιμῆς,
3593 5463 3817 5531 είρηνην
3882 5467 4053 5534 πράτ-

2478 5563 2591 5599 τειν
2621 5548 2754 5616 πρὸς
2789 5549 2999 5618 Πέρσας
3029 5550 3392 5606 ἐνεκελεύετο.
3422 5553 3535 5606 Καὶ
3566 5553 3622 5618 δς
3655 5559 3754 5625 την
3792 5558 4049 5612 Μεσοπο-
