4250 6440
262 432 397 496 1125

1209 419 1811 486 ΕΟΩΕΕΞΙΑΞΤΙΟΑΞ
1849 415 2241 478 HlSTORl/E
2279 416 2427 477 LIB.
2470 416 2630 477 XIV.

3375 416 3395 472 l
3412 411 3508 479 126

250 548 461 616 ταμίαν
533 541 892 605 καταλαϐὼν,
951 540 1087 593 ὅπου
1152 538 1215 608 δὴ
1283 538 1549 607 Ῥωμαῖοι
1615 535 1835 605 βαθεῖαν
1869 540 1907 590 Α

1831 553 1835 575 ι
1869 540 1907 590 Α
1939 546 2253 585 concessam
2284 531 2570 584 victoriam
2603 529 2842 593 rescivit,
2873 537 2979 583 tam
3011 530 3188 585 bonus
3218 526 3509 585 honestus-

252 642 466 707 τάφρον
524 638 845 708 ὀρύττοντες
918 634 1127 687 οἰκείαν
1204 631 1455 700 φυλακὴν
1516 627 1829 687 ἐποιοῦντο,

256 734 566 801 Μαξιμίνον
620 731 789 801 ἄνδρα
854 730 1136 796 ἐλλόγιμον
1189 724 1403 793 ἔπεμπε
1458 724 1556 793 τὴν
1606 722 1833 791 εἰρήνην

259 824 843 894 πραγματευσὸμενον.
909 816 1134 886 Ἐπίσης
1206 815 1263 869 δὲ
1318 812 1686 883 Ἀρδαϐουρίῳ
1734 810 1833 877 τῆς

259 917 530 986 καθέδρας
590 914 805 984 μετεῖχε
839 926 851 938 '
880 910 975 963 καὶ
1012 911 1145 976 πρὸς
1201 908 1291 959 τὸν
1344 905 1565 974 Περσῶν
1609 902 1837 973 βασιλέα

258 1012 575 1081 γενόμενος,
611 1007 761 1074 παρὰ
791 1005 898 1056 τῶν
935 1002 1259 1073 στρατηγῶν
1291 1000 1577 1070 σταλῆναι,
1616 999 1674 1052 οὐ
1730 997 1837 1067 μὴν

256 1102 410 1172 παρὰ
438 1100 530 1154 τοῦ
567 1098 829 1169 βασιλέως
852 1097 1005 1163 ἔλεγε
1032 1112 1046 1125 ·
1087 1094 1351 1164 μηδὲγὰρ
1383 1092 1654 1160 ἐγνῶσθαι
1714 1106 1837 1141 του-

258 1196 375 1248 τονὶ
407 1195 501 1246 τὸν
553 1192 791 1260 πόλεμον
825 1189 1057 1258 βασιλεῖ,
1110 1186 1246 1240 ἀλλὰ
1279 1188 1373 1238 καὶ
1424 1186 1737 1253 γνωσθέντα
1779 1185 1837 1237 ἐν

258 1287 435 1340 οὐδενὶ
456 1283 799 1354 νομίζεσθαι.
832 1281 941 1334 Τοῦ
988 1280 1044 1333 δὲ
1092 1278 1340 1350 Βαράνου
1390 1279 1484 1347 τὴν
1540 1276 1838 1356 πρεσϐείαν

258 1360 690 1446 εἰσδεχομένου’
761 1374 907 1444 λιμῷ
991 1376 1102 1445 γὰρ
1175 1373 1416 1441 πλείστῳ
1492 1374 1526 1441 ή
1610 1370 1838 1437 στρατιὰ

259 1472 552 1535 ἐπιέζετο,
601 1470 651 1522 οί
712 1470 843 1539 παρ’
900 1467 1095 1538 ἐκείνῳ
1163 1464 1493 1534 κεκλημένοι
1554 1461 1837 1516 ’Δθάνατοι

261 1566 521 1638 (ἀριθμὸς
546 1565 600 1618 δέ
640 1560 796 1621 οὗτος
834 1562 1042 1632 μυρίων
1071 1559 1344 1614 ἐκλεκτῶν
1390 1557 1536 1626 μάλα
1563 1556 1658 1609 καὶ
1716 1572 1839 1622 γεν.

260 1661 428 1713 ναίων
461 1656 693 1727 ἀνδρῶν)
726 1654 1065 1724 προσιόντες,
1114 1651 1188 1722 μή
1237 1650 1505 1719 πρότερον
1552 1648 1842 1716 καταδέχε-

264 1751 389 1803 σθαι
422 1751 520 1817 τὴν
549 1747 772 1816 εἰρήνην
802 1744 1012 1814 βασιλεῖ
1031 1742 1236 1811 ἔλεγον.
1273 1742 1403 1810 πρὶν
1433 1741 1498 1794 ἂν
1548 1740 1840 1808 Ῥωμαίοις

262 1838 595 1909 ἀφυλάκτως
624 1835 841 1903 ἔχουσιν
868 1831 1290 1884 ἐπεισπέσωσιν.
1324 1821 1419 1888 Οἷς
1440 1828 1505 1897 δὴ
1538 1829 1629 1879 καὶ
1662 1842 1841 1895 παρα-

262 1929 511 1990 πεισθεὶς
570 1924 861 1996 βασιλεὺς,
929 1922 1154 1990 Περσῶν
1211 1919 1301 1972 τὸν
1353 1920 1447 1989 μὲν
1497 1916 1739 1986 πρέσϐυν
1784 1919 1840 1969 ἑν

259 2020 562 2091 ἀπορρήτῳ
594 2014 965 2077 κατακλείσας
1017 2012 1288 2081 ἐφύλαττε
1324 2027 1340 2043 ο
1375 2010 1502 2072 τοὺς
1531 2009 1575 2061 δ’
1621 2008 1842 2062 Ἀθανά-

258 2130 387 2176 τους
418 2110 682 2175 ἐκείνους,
717 2108 872 2175 λόχον
901 2105 1077 2158 ἐποίει
1141 2103 1435 2173 Ῥωμαίοις
1472 2118 1486 2131 ·
1522 2101 1569 2153 οἳ
1618 2102 1709 2154 καὶ
1761 2102 1842 2161 είς

260 2206 359 2260 δύο
394 2205 675 2273 γενόμενοι
714 2202 993 2269 τάγματα,
1055 2197 1221 2266 μέσον
1282 2192 1615 2264 περικλείειν
1686 2195 1840 2244 ἐπει-

266 2297 438 2365 ρῶντο
461 2296 659 2362 μ’ἶραν
681 2292 781 2344 οὐκ
835 2289 1125 2358 ἐλαχίστην
1185 2285 1475 2355 Ῥωμαίων
1530 2282 1675 2336 τινά.
1712 2283 1845 2335 Ῥω-

268 2391 419 2457 μαῖοι
449 2387 504 2440 δὲ
535 2386 673 2455 πρὸς
707 2384 805 2453 μὲν
837 2384 1090 2449 Θάτερον,
1115 2378 1143 2431 ὃ
1201 2380 1267 2448 δὴ
1318 2380 1411 2432 καὶ
1472 2376 1680 2443 ἐώρων,
1710 2374 1845 2442 πρὸς

261 2482 445 2534 ἐκεῖνο
475 2479 572 2530 καλ⁵
593 2472 741 2530 οὗτοι
780 2470 1263 2542 παρεσκευάζοντο
1301 2483 1314 2498 ·
1353 2466 1508 2519 οὓπω
1543 2467 1648 2535 γὰρ
1688 2465 1845 2516 ϐάτε-

264 2589 360 2643 ρον
383 2566 523 2623 εἶδον
549 2584 563 2598 ⁸
593 2567 859 2634 ἐξαπίνης
907 2566 1016 2633 γὰρ
1049 2563 1285 2629 ἔδραμεν
1315 2574 1329 2591 ⁸
1366 2558 1467 2629 ήδη
1525 2558 1580 2609 δὲ
1641 2558 1848 2627 συρρή-

260 2660 495 2729 γνυσοαι
520 2658 823 2728 μελλόντων
853 2654 961 2707 τῶν
990 2652 1442 2722 στρατευμάτων,
1471 2649 1605 2719 πρὸ,
1637 2648 1843 2717 ἄλληλα

262 2750 401 2803 Θεοῦ
467 2750 699 2819 προνοίᾳ
766 2746 873 2799 τινὶ
920 2742 1150 2811 στρατὸς
1218 2742 1506 2810 Ῥωμαίων
1557 2740 1741 2808 ἕτερος
1782 2738 1845 2791 ἑκ

264 2858 414 2905 τινος
446 2840 683 2909 γηλόφου
741 2835 1126 2907 προύφαίνετο,
1166 2834 1457 2904 Προκοπέῳ
1507 2832 1583 2900 τῷ
1614 2848 1846 2901 στρατη-

262 2937 404 3006 λάτῃ
427 2936 696 3003 ἀγόμενος
727 2947 743 2963 ο
778 2932 835 2992 ὃς
861 2931 918 2981 ἐν
957 2925 1189 2995 κινδύνῳ
1242 2925 1681 2994 ἀπειλημμένους
1720 2926 1845 2984 τοὺς

268 3022 577 3090 ὁμοφύλους
631 3018 778 3083 ίδὼν,
838 3018 953 3080 τοῖς
1006 3015 1241 3085 Πέρσαις
1304 3015 1645 3083 ἐπιθέμενος,
1708 3017 1844 3067 κατὰ

266 3112 442 3163 νώτου
506 3106 727 3177 ἐχώρει.
791 3105 901 3157 Καὶ
953 3103 1003 3156 οἱ
1064 3102 1169 3173 πρὸ
1233 3101 1461 3171 βραχέος
1526 3101 1843 3168 μεσολαϐεῖν

268 3203 559 3275 μέλλοντες
593 3195 1024 3269 μεσολαϐοὖνται
1056 3194 1373 3263 Ῥωμαίοις.
1403 3193 1510 3245 Καὶ
1534 3192 1843 3253 κτείναντες
1872 3224 1912 3278 C

263 3300 539 3358 ἅπαντας,
571 3293 785 3345 ἐκεῖθεν
811 3289 947 3358 πρὸς
963 3286 1088 3348 τοὺς
1115 3288 1179 3337 ἐκ
1202 3285 1303 3354 τῆς
1334 3283 1558 3352 ἐνέδρας
1590 3283 1841 3345 ἐπιόντας

263 3387 607 3457 ἐτράπησαν.
659 3382 888 3449 Ἐπίσης
943 3379 1001 3432 δέ
1063 3380 1353 3438 κάκείνους
1414 3378 1525 3438 τοῖς
1574 3375 1841 3437 ἀκοντίοις

263 3478 605 3547 διέφθειραν.
628 3472 784 3526 Οὕτω
813 3472 914 3541 μὲν
947 3467 1041 3522 οὖν
1078 3469 1125 3520 οἱ
1158 3466 1308 3535 παρὰ
1344 3465 1576 3533 Πέρσαις
1621 3462 1843 3515 Ἀθάνα·

265 3589 350 3625 τοι
416 3567 605 3636 θνητοὶ
669 3563 872 3626 πάντες
941 3560 1205 3628 ἐξαπίνης
1274 3556 1624 3625 ἐδείχθησαν,
1677 3553 1841 3607 αὑτοῦ

261 3659 509 3734 Χριστοῦ
570 3658 670 3729 τὴν
730 3655 885 3725 δίκην
933 3654 1174 3722 Πέρσαις
1226 3649 1662 3720 είσπραξαμένου
1693 3662 1706 3676 ⁸
1760 3641 1842 3710 οἷς

260 3764 364 3814 οὐκ
390 3756 706 3825 ἐλαχίστους
748 3751 857 3804 τῶν
905 3750 1117 3803 ἐκείνου
1179 3746 1534 3816 θεραπευτῶν
1591 3743 1843 3813 εὐσεϐείᾳ

261 3849 645 3917 διενεγκόντας
696 3842 913 3915 πικρῶς
965 3841 1060 3894 τοῦ
1112 3840 1211 3909 ζῇν
1264 3838 1630 3907 ὑπεξήγαγον.
1671 3837 1729 3890 ’0
1786 3835 1842 3887 δὲ

263 3943 520 4015 βασιλεὺς
582 3937 815 4008 Περσῶν
867 3934 1009 3988 οὕτω
1064 3932 1408 4000 δυστυχήσας
1463 3930 1842 3999 προσεποιεῖτο

262 4038 363 4107 μὲν
396 4034 564 4105 μηδὲν
590 4031 786 4083 εἰδέναι
816 4028 920 4079 τῶν
943 4024 1275 4094 γενομένων,
1322 4024 1412 4075 καὶ
1460 4022 1550 4073 τὸν
1597 4018 1843 4089 πρέσϐυν

259 4129 454 4188 λύσας,
493 4122 595 4192 τὴν
633 4118 932 4190 πρεσϐείαν
983 4118 1242 4186 προσίετο
1276 4112 1518 4166 ἐπειπών
1548 4129 1561 4142 ’
1597 4114 1669 4165 Οὐ
1709 4111 1843 4165 Ῥω-

266 4215 449 4286 μαίοις
476 4210 839 4281 χαριζόμενος
870 4209 971 4276 τὴν
1020 4207 1244 4276 εἰρήνην
1295 4205 1657 4268 ἀσπάζεσθαι,
1708 4204 1842 4257 άλλά

264 4309 349 4361 σοί
377 4322 441 4375 γε
476 4306 697 4358 πάντων
724 4301 973 4369 περιόντι
1007 4299 1269 4369 φρονήσει
1300 4299 1398 4365 τὴν
1429 4298 1588 4365 χάριν
1640 4298 1843 4364 ταύτην

262 4397 445 4459 είδὼς.
488 4394 547 4447 Ὀ
572 4392 675 4463 μὲν
703 4387 796 4445 οὖν
830 4391 1097 4456 Περσικὸς
1130 4388 1367 4457 πόλεμος
1401 4387 1487 4439 διὰ
1539 4385 1663 4447 τοὺς
1694 4403 1844 4461 κινη-

262 4490 457 4550 Θέντας
485 4490 667 4539 ἐκεῖσε
727 4482 1149 4553 Χριστιανικοὺς
1183 4480 1461 4549 διωγμοὺς
1512 4478 1613 4549 τὴν
1669 4480 1841 4549 ἀρχὴν

259 4581 525 4650 εἰληφὼς,
553 4578 673 4630 τότε
702 4575 765 4647 δὴ
798 4575 896 4628 καὶ
927 4575 1077 4635 τέλος
1114 4572 1423 4639 ἐλάμϐανεν
1463 4588 1477 4603 ο

260 4674 487 4742 πολέμῳ
527 4671 618 4724 καὶ
640 4668 921 4737 ὀδιωγμὺς
947 4665 1311 4718 κατεπαύετο.

1939 639 2044 692 que
2084 624 2209 689 fuit,
2244 635 2303 679 ιιι
2338 626 2504 678 etiam
2552 622 2808 678 secundis
2853 622 3016 676 rebus
3054 625 3190 684 suis,
3228 623 3379 691 pacis
3429 633 3512 676 ta-

1942 730 2065 769 men
2097 716 2331 770 consilia
2358 726 2599 785 caperet,
2632 726 2685 769 et
2717 730 2842 769 cum
2874 715 3126 768 hostibus
3157 714 3337 769 fmdus
3368 715 3509 768 inire

1938 807 2123 861 vellet.
2175 809 2462 862 lleliouem
2509 808 2678 877 igitur
2722 807 2920 860 ducem
2972 806 3168 859 illustri
3214 807 3505 876 praeditum

1940 898 2227 967 dignitate.
2259 901 2325 955 ad
2375 916 2561 969 pacem
2607 918 2731 955 cum
2769 901 2949 954 Persis
2989 900 3291 954 faciendam
3337 903 3510 957 misit.

1940 993 2118 1061 Atque
2150 994 2194 1045 is
2227 1004 2516 1062 postquam
2548 995 2602 1047 in
2635 994 3079 1063 Mesopotamiam
3115 999 3378 1061 pervenit,
3414 995 3507 1048 tibi

1941 1084 2171 1139 Romani
2230 1086 2433 1139 fossam
2490 1086 2680 1149 altam,
2727 1102 2848 1155 qua:
2898 1087 3156 1155 praesidio
3208 1088 3289 1140 eis
3341 1097 3507 1151 esset,

1942 1175 2236 1239 duxerant,
2271 1175 2653 1237 Maximinum,
2686 1176 2861 1228 virum
2899 1176 3246 1245 praeclarum,
3281 1184 3335 1228 ct
3365 1177 3511 1243 ejus-

1942 1268 2065 1321 dcm
2096 1282 2220 1321 cum
2250 1266 2563 1321 Ardaburio
2589 1268 2894 1338 dignitatis.
2924 1267 3018 1337 qui
3051 1270 3115 1321 de
3145 1282 3275 1336 pace
3304 1276 3509 1336 ageret,

1941 1359 2009 1413 ad
2066 1359 2287 1413 Persam
2336 1359 2556 1428 legavit.
2604 1358 2935 1412 Maximinus
2979 1358 3123 1427 apud
3165 1374 3343 1429 regem
3383 1374 3439 1413 se
3479 1375 3509 1412 a

1942 1451 2214 1515 ducibus,
2260 1467 2370 1505 non
2424 1452 2491 1506 ab
2545 1451 2881 1519 imperatore
2930 1450 3051 1519 ipso
3111 1451 3334 1503 missum
3389 1464 3511 1506 esse

1941 1545 2081 1597 dixit
2110 1562 2122 1597 :
2157 1545 2307 1597 illum
2337 1546 2481 1598 enim
2513 1543 2713 1597 bellum
2744 1547 2845 1595 hoc
2880 1543 3123 1605 nescire;
3156 1551 3319 1611 atque
3343 1544 3507 1596 etiam

1944 1648 2001 1692 ut
2024 1637 2074 1689 id
2103 1638 2335 1691 maxime
2364 1638 2553 1699 sciret,
2583 1637 2734 1705 parvi
2767 1646 2945 1688 tamen
2978 1635 3182 1688 faccre.
3211 1635 3378 1687 Porro
3407 1635 3510 1688 Va-

1946 1745 2075 1783 rane
2113 1731 2438 1798 legationem
2470 1744 2589 1782 eam
2630 1729 2954 1795 recipiente.
2988 1730 3134 1797 quod
3168 1730 3308 1782 fame
3344 1729 3516 1782 maxi-

1945 1833 2029 1870 ma
2088 1820 2368 1871 exercitus
2430 1821 2550 1886 ejus
2610 1828 2978 1884 premeretur.
3034 1821 3125 1887 qui
3183 1821 3324 1888 apud
3387 1836 3512 1876 eum

1949 1910 2290 1965 lmmortales
2320 1913 2393 1979 (1)
2424 1920 2690 1963 vocantur
2722 1910 2933 1974 (decem
2964 1911 3194 1965 millium
3228 1928 3514 1967 numerum

1948 2002 2019 2063 ii,
2079 2002 2420 2055 delectorum
2483 2000 2777 2054 admodum
2843 2010 2899 2055 et
2958 2002 3181 2055 fortium
3230 2003 3513 2066 virorum,

1946 2094 2248 2163 complent)
2294 2110 2419 2147 cum
2468 2094 2653 2149 adiere
2683 2114 2697 2149 :
2729 2104 2786 2148 et
2822 2110 2889 2149 ne
2927 2095 3081 2163 prius
3116 2110 3302 2161 pacem
3342 2097 3518 2150 susci-

1949 2196 2122 2257 peret,
2172 2202 2333 2257 quam
2374 2187 2637 2254 impetum
2678 2185 2732 2240 in
2767 2186 3042 2242 Romanos
3087 2203 3274 2257 parum
3323 2198 3517 2243 cautos

1947 2280 2048 2349 ipsi
2087 2279 2367 2342 fecissent,
2404 2280 2764 2333 admonuere.
2806 2280 3020 2346 Quibus
3064 2297 3157 2337 rex
3196 2282 3512 2348 obsecutus,

1946 2382 2223 2426 oratorem
2255 2372 2479 2442 quidem
2516 2373 2569 2426 in
2609 2372 2797 2427 abdito
2832 2374 2952 2427 loco
2985 2374 3229 2429 clausum
3266 2390 3515 2429 asserva-

1946 2467 2025 2519 vit
2070 2465 2466 2522 :lmmortales
2528 2475 2711 2519 autem
2781 2466 2906 2519 illos
2961 2467 3193 2521 insidias
3253 2467 3517 2523 Romanis

1946 2567 2163 2612 struere
2186 2558 2372 2627 jussit.
2409 2556 2510 2622 Qui
2560 2557 2809 2611 bifariam
2850 2558 3035 2624 divisi,
3076 2559 3129 2613 in
3176 2560 3355 2614 medio
3397 2577 3521 2629 par-

1950 2656 2057 2700 tem
2103 2646 2399 2716 quamdam
2451 2648 2679 2699 llomani
2728 2650 3002 2702 exercitus
3051 2666 3156 2703 non
3198 2651 3516 2714 minimam,

1947 2740 2376 2790 circumventam
2432 2737 2763 2791 concludere
2815 2739 3131 2793 voluerunt.
3175 2741 3403 2795 Πυιιιιιηί
3448 2742 3516 2796 ad

1950 2837 2185 2881 turmam
2234 2828 2474 2881 hostium
2522 2844 2662 2891 eam,
2704 2844 2865 2897 quam
2919 2821 3341 2900 conspexerant,
3385 2850 3517 2887 con-

1950 2922 2094 2975 versi
2127 2922 2467 2974 ferebantur.
2506 2922 2757 2977 Nondum
2797 2924 2941 2975 enim
2978 2924 3225 2987 alteram,
3259 2942 3381 2996 quae
3414 2928 3516 2983 de-

1949 3028 2173 3084 repente
2231 3024 2607 3083 procurrerat,
2656 3016 2935 3070 videbant.
2993 3016 3055 3070 lit
3099 3018 3208 3086 jam
3263 3020 3405 3073 inter
3454 3036 3514 3076 se

1949 3109 2096 3161 acies
2145 3106 2586 3169 concurrebant,
2644 3122 2767 3159 cum
2826 3107 2917 3159 llei
2966 3110 3349 3176 providentia.
3396 3112 3517 3165 aliae

1949 3196 2319 3249 Romanorum
2358 3200 2530 3266 copiae
2560 3212 2625 3250 ex
2659 3198 2798 3250 colle
2826 3198 3082 3267 quopiam
3119 3202 3520 3268 prospicientes

1946 3303 2271 3356 apparuere,
2325 3287 2580 3357 Procopii
2644 3284 2799 3341 ducis
2851 3293 3001 3357 signa
3054 3302 3369 3359 sequentes,
3423 3295 3515 3360 qui

1945 3380 2092 3432 cives
2135 3395 2268 3432 suos
2318 3378 2372 3433 in
2409 3379 2706 3432 discrimen
2758 3382 3037 3449 coniectos
3084 3383 3295 3447 videns,
3329 3396 3517 3439 contra

1944 3469 2139 3525 Persas
2190 3470 2366 3537 duxit,
2415 3486 2617 3540 eosque
2669 3487 2698 3523 a
2751 3481 2902 3540 tergo
2955 3489 3242 3543 aggressus
3292 3486 3395 3531 est.
3439 3478 3517 3533 Ita

1945 3560 2172 3628 factum,
2216 3572 2273 3616 ut
2321 3563 2415 3631 qui
2467 3564 2630 3632 paulo
2682 3575 2806 3618 ante
2860 3565 3191 3635 intercipere
3244 3566 3519 3623 Romanos

1945 3655 2253 3718 voluerint,
2303 3654 2406 3723 ipsi
2457 3656 2526 3708 ab
2579 3655 2688 3709 illis
2733 3656 2846 3709 sint
2902 3658 3277 3714 circumventi.
3330 3660 3515 3715 Nostri

1944 3747 2201 3801 onmibus
2240 3748 2347 3801 illis
2386 3747 2605 3811 occisis,
2642 3749 2707 3802 ad
2750 3764 2845 3802 eos
2885 3750 3009 3804 inde
3053 3752 3145 3819 qui
3189 3767 3252 3805 ex
3296 3752 3515 3806 insidiis

1944 3839 2263 3909 prodibant,
2308 3840 2584 3905 conversi,
2640 3840 2828 3893 itidem
2881 3841 3004 3895 illos
3054 3858 3273 3911 quoque
3314 3846 3514 3914 jaculis

1943 3930 2320 3985 confecerunt.
2382 3932 2460 3985 Ad
2519 3931 2665 3985 hunc
2721 3932 2887 4001 igitur
2947 3934 3166 3986 modum
3221 3937 3311 4004 qui
3366 3940 3510 4005 apud

1944 4021 2139 4076 Persas
2187 4031 2316 4075 sunt
2362 4022 2727 4086 lmmortales,
2773 4024 2956 4077 subito
3011 4028 3268 4097 mortales
3319 4044 3510 4083 omnes

1944 4131 2064 4170 esse
2096 4117 2360 4183 comperti
2412 4125 2559 4178 sunt,
2598 4116 2716 4185 ipso
2748 4132 2776 4168 a
2818 4117 2999 4170 Persis
3035 4133 3228 4187 pa-uas
3264 4132 3513 4174 sumente

1946 4206 2201 4271 Christo,
2254 4218 2541 4275 propterea
2597 4208 2743 4276 quod
2794 4208 3063 4275 plurimos
3105 4210 3223 4279 ejus
3270 4212 3515 4265 cultores

1946 4297 2145 4366 insigni
2194 4298 2395 4365 pictale
2448 4308 2793 4366 praestantes,
2841 4301 3036 4355 acerba
3084 4312 3258 4355 morte
3313 4303 3513 4356 multa-

1944 4390 2076 4444 rint.
2104 4389 2266 4460 483
2300 4390 2413 4443 Rex
2450 4400 2629 4444 autem
2664 4394 2951 4445 Persarum
2984 4394 3138 4447 clade
3168 4410 3230 4447 ea
3263 4407 3511 4462 accepta,

1945 4480 2084 4534 nihil
2113 4496 2170 4533 se
2202 4496 2388 4533 earum
2430 4496 2611 4533 rerum
2646 4483 2787 4534 seire
2831 4482 3167 4546 assimilavit,
3197 4492 3251 4536 et
3288 4496 3511 4538 oratore

1533 4571 1628 4624 ἐπὶ
1655 4571 1711 4624 δέ
1764 4571 1840 4641 τῷ
1873 4558 1917 4614 θ
1945 4586 1976 4626 e
2018 4572 2263 4625 custodia
2312 4572 2535 4635 emisso,
2572 4572 2901 4639 legationem
2935 4576 3140 4642 recepit
3175 4594 3185 4625 :
3218 4590 3405 4642 pacem
3449 4591 3516 4629 se

1944 4680 2055 4718 non
2087 4674 2147 4717 ut
2171 4663 2435 4719 Romanis
2463 4664 2884 4734 gratificaretur,
2909 4668 3002 4720 sed
3026 4671 3225 4721 oratori
3252 4668 3351 4736 ipsi
3386 4686 3516 4735 pru-

260 4768 450 4823 dentia
498 4781 693 4820 omnes
746 4761 1035 4817 excellenti
1091 4762 1360 4814 honorem
1406 4774 1533 4813 eum
1578 4759 1829 4823 haberet,
1891 4761 2177 4830 complecti
2237 4770 2487 4816 testatus.
2536 4760 2707 4813 Porro
2778 4761 2978 4815 bellum
3028 4764 3323 4826 Persicum,
3366 4766 3512 4833 quod

258 4861 480 4917 initium
510 4866 734 4929 propter
762 4855 1177 4927 persecutiones
1205 4853 1469 4907 adversus
1492 4851 1836 4907 Christianos
1874 4866 2047 4909 motas
2072 4855 2330 4925 sumpsit,
2366 4854 2527 4909 finem
2563 4863 2674 4907 tum
2707 4856 2915 4910 habuit.
2977 4855 3111 4910 Cum
3140 4856 3259 4925 ipso
3321 4861 3514 4910 autem

259 4953 404 5008 bello
432 4950 749 5022 persecutio
778 4962 995 5018 quoque
1030 4947 1368 5015 conquievit.

332 5140 410 5208 (ι)
462 5134 775 5208 Ἀθάνατοι,
819 5131 923 5185 hoc
966 5140 1078 5208 est,
1122 5132 1489 5208 immortales.
1537 5130 1821 5208 lectissimi

256 5202 447 5267 decies
494 5204 641 5259 mille
686 5202 974 5272 Persarum
1014 5203 1177 5272 rviri,
1227 5219 1366 5272 quos
1415 5203 1624 5257 Xerxes
1678 5202 1819 5255 Darii

259 5280 475 5336 habuit.
530 5274 641 5328 Hos
692 5274 795 5325 sub
838 5271 1145 5327 TheodOSio
1194 5274 1535 5327 Ardaburius
1584 5272 1825 5327 concidit

257 5361 425 5419 atque
472 5343 755 5419 exstinxit.
790 5341 993 5410 (Suid.)
1036 5372 1104 5383 —
1137 5343 1383 5419 Proximi
1442 5345 1825 5419 ibantuquos

258 5411 445 5478 Persa
473 5413 812 5472 immortales
838 5422 1055 5479 vocant,
1087 5416 1154 5468 ad
1190 5414 1378 5469 decem
1410 5414 1598 5471 millia.
1632 5411 1825 5468 Cultus

1932 5132 2228 5200 opulentiae
2282 5131 2522 5186 barbara:
2582 5146 2688 5185 non
2736 5131 2875 5184 alios
2931 5130 3102 5201 magis
3150 5131 3500 5187 honestabat.

1934 5204 2012 5256 llli
2062 5219 2259 5256 aureos
2312 5212 2567 5270 torques,
2603 5202 2678 5255 illi
2736 5212 2939 5255 vestem
2994 5219 3128 5256 auro
3184 5204 3498 5256 dstiuctam

1932 5272 2237 5335 habebant,
2298 5280 2706 5341 manicatasque
2772 5276 2985 5327 tunicas
3044 5276 3276 5341 gemmis
3330 5275 3499 5327 etiam

1932 5344 2245 5398 adornatas.
2287 5344 2371 5415 (ρ.
2416 5342 2687 5412 Curtius.)
