4250 6440
740 352 871 421 1131
946 391 951 394 ε

1946 347 2362 414 NICEPHORI
2394 353 2479 413 CA
2490 349 2733 412 LLISTI

3822 346 3959 412 1132

732 471 839 540 αἱρῇ
874 464 1119 535 apprime
1156 463 1375 526 charos,
1417 462 1566 516 domi
1612 476 1676 516 ex
1724 461 1958 531 podagra
2003 463 2297 520 decumbe—
2326 482 2365 527 Α
2407 466 2410 480 ‘

2277 496 2297 508 -
2326 482 2365 527 Α
2407 464 2467 517 '0
2498 465 2553 517 δὲ
2575 466 2645 517 τὰ
2666 464 2793 533 περὶ
2821 463 2988 516 αὐτοῦ
3017 462 3244 531 ἀγνοῶν.
3284 463 3357 526 ὦς
3389 481 3436 515 τι
3471 465 3628 533 τέρας
3663 459 3818 527 αὖθις
3881 467 3955 537 τῷ

730 563 846 623 bat,
880 558 1049 612 tnisit.
1088 554 1252 626 486
1297 550 1556 608 Paulinus
1599 564 1802 617 autem,
1837 555 1979 623 quod
2035 556 2103 609 de
2148 558 2289 610 malo

731 655 931 707 factum
981 650 1177 708 fuerat.
1219 648 1494 716 ignorans,
1536 660 1603 697 eo
1646 645 2080 717 perindejatque
2121 647 2288 700 mira-

731 744 855 800 culo
905 741 1160 809 quopiam
1221 737 1604 806 imperatorem
1660 746 1982 789 muneratus
2033 747 2134 793 est.
2184 736 2283 802 Qui

730 846 1015 907 postquam
1054 829 1188 885 illud
1223 830 1463 899 agnovit,
1497 830 1780 898 conjugem
1829 829 2185 897 explorando.
2220 832 2285 884 de

725 945 825 992 eo,
874 943 941 980 an
999 924 1130 979 illud
1183 924 1358 992 ipsum
1411 931 1576 985 esset,
1627 922 1855 981 salutem
1903 937 2055 975 suam
2105 924 2285 977 verbis

725 1022 1091 1091 praetendens,
1143 1023 1493 1085 percontatus
1528 1026 1629 1068 est.
1680 1015 1921 1068 Eudocia
1951 1031 2101 1080 vero,
2138 1015 2281 1083 quod

724 1110 1079 1182 imperatoris
1126 1108 1417 1162 consilium
1470 1106 1899 1175 explorandique
1947 1107 2278 1159 voluntatem

723 1222 829 1260 non
864 1203 1211 1271 intelligeret,
1242 1215 1361 1253 cum
1390 1214 1511 1253 esse
1543 1208 1813 1266 negasset.
1848 1198 1977 1252 illud
2008 1214 2067 1251 se
2099 1198 2280 1252 liben-

720 1310 803 1353 ter
832 1296 1133 1351 comedisse
1168 1294 1326 1347 dixit.
1370 1293 1484 1357 Qua
1519 1308 1577 1345 re
1608 1307 1729 1345 cum
1763 1290 1815 1344 in
1849 1307 2066 1359 gravem
2097 1292 2278 1360 suspi-

718 1390 933 1445 cionem
992 1387 1133 1454 apud
1202 1386 1584 1453 imperatorem
1651 1383 1966 1444 incidisset.
2020 1383 2278 1436 Paulinus

717 1483 937 1551 quidem
978 1480 1160 1535 statim
1199 1480 1252 1531 in
1286 1476 1686 1547 Cappadociam
1722 1477 2012 1546 relegatus,
2058 1477 2277 1546 capitali

716 1576 1098 1645 supplicioest
1132 1572 1384 1626 aliecttis.
1420 1570 1539 1636 lj-sa
1567 1581 1745 1623 autem
1775 1584 1837 1623 ea
1870 1570 1935 1622 de
1969 1585 2132 1623 causa
2171 1570 2275 1622 im-

717 1664 908 1723 menSo
958 1676 1207 1741 correpta
1254 1664 1466 1726 dolore,
1510 1672 1692 1715 votum
1744 1662 1855 1714 Deo
1900 1671 2272 1728 nuncupatum

716 1762 901 1823 solvit,
927 1770 982 1812 et
1012 1758 1157 1811 illico
1187 1754 1558 1825 Hierosolyma
1582 1753 1877 1808 concessit.
1906 1754 2275 1819 Dispositione

715 1854 900 1906 divina
948 1852 997 1903 id
1054 1850 1299 1918 profecto
1345 1847 1568 1909 factum,
1610 1856 1667 1897 ut
1711 1844 1782 1897 ibi
1823 1845 2086 1913 quidquid
2129 1854 2277 1899 esset

717 1948 918 1998 bonum
954 1953 1116 2010 atque
1154 1942 1306 2003 utile,
1343 1940 1647 2006 perliceret.
1681 1936 1822 2001 Quid
1866 1952 2098 2005 namque
2132 1951 2277 2005 opus

714 2049 794 2090 est
832 2035 1192 2088 admiratione
1241 2032 1398 2100 digna
1449 2031 1631 2083 dicere
1669 2044 1857 2097 opera.
1890 2045 2010 2096 quae
2050 2045 2117 2082 eo
2155 2029 2275 2083 loco

714 2132 768 2182 in
814 2128 986 2182 sacris
1019 2126 1256 2193 templis,
1292 2124 1798 2190 monacltormnque
1839 2122 2149 2183 domiciliis,
2191 2135 2274 2175 at-

710 2239 815 2291 que
848 2218 989 2286 apud
1024 2216 1337 2270 sacerdotes
1371 2226 1425 2271 et
1466 2229 1752 2292 pauperes.
1784 2215 1849 2267 de
1885 2216 2083 2282 quibus
2113 2214 2273 2283 paulo

713 2321 833 2380 post
876 2309 1129 2367 referam,
1173 2306 1415 2375 peregit?
1471 2307 1645 2359 Unum
1698 2304 1829 2359 illud
1884 2306 1934 2356 in
1987 2308 2271 2372 praesentia

713 2399 976 2453 memoria
1026 2397 1247 2465 dignum
1298 2399 1363 2449 de
1408 2409 1469 2448 ea
1513 2405 1569 2447 et
1618 2394 1903 2447 Pulcbcria
1953 2393 2269 2447 recensebo.

707 2491 864 2559 Quod
907 2504 1140 2557 namque
1176 2499 1368 2542 natura
1402 2497 1623 2555 apertus
1657 2498 1711 2540 et
1748 2486 1978 2556 simplex
2016 2486 2269 2539 Theodo-

708 2588 822 2639 sius
869 2594 1048 2643 esset,
1092 2590 1146 2636 et
1197 2581 1448 2635 omnibus
1496 2580 1732 2648 benigne
1779 2579 1959 2633 facere
2008 2589 2267 2648 cuperet,

705 2692 848 2745 stupe
889 2676 1049 2730 etiam
1086 2674 1305 2737 litteris,
1341 2673 1542 2741 quibus
1587 2673 1804 2726 minime
1848 2674 2108 2741 oportuit,
2144 2687 2269 2725 sen-

708 2771 876 2825 tentia
905 2785 1092 2823 earum
1124 2783 1231 2821 non
1261 2776 1566 2836 perspecta.
1600 2766 1944 2834 subscripsit.
1979 2765 2108 2830 Qua:
2142 2779 2268 2818 vero

704 2863 753 2916 ei
788 2862 1030 2915 divinius
1072 2860 1227 2928 quasi
1264 2858 1438 2913 ﬁdelis
1479 2869 1663 2912 custos
1692 2858 1817 2911 data
1846 2869 1984 2918 erat.
2016 2859 2068 2910 in
2100 2858 2265 2911 rebus

704 2953 961 3007 omnibus
999 2951 1306 3022 magnifica,
1344 2949 1645 3013 moderata,
1681 2957 1736 3001 et
1774 2948 1994 3016 sapiens
2040 2947 2267 3000 Pulche-

704 3047 783 3099 ria
830 3048 1091 3113 Augusta,
1129 3043 1180 3095 id
1225 3042 1400 3111 ipsum
1441 3056 1683 3109 quoque,
1716 3055 1923 3093 morem
1968 3040 2262 3093 absurdum

2394 554 2605 624 βασιλεῖ
2653 553 2825 621 δῶρον
2878 554 3171 623 προσῆγεν.
3244 553 3302 608 Ὀ
3334 554 3378 605 δ’
3431 555 3723 622 ἀναγνοὺς,
3775 556 3954 608 ὁποῖον

2389 645 2520 713 δῆτα
2546 645 2606 698 τὸ
2636 645 2823 715 μῆλον,
2857 647 3052 712 πεῖραν
3090 646 3333 712 προσῆγε
3366 647 3493 715 περὶ
3524 646 3716 698 τούτου
3747 648 3812 715 τῇ
3864 664 3954 712 γυ-

2389 736 2577 800 ναικὶ,
2637 738 2735 806 τὴν
2806 736 3074 805 σφετέραν
3144 737 3417 806 σωτηρίαν
3486 739 3949 807 προὸεὸλημενος.

2400 828 2643 898 Ἐκείνης
2672 827 2728 880 δὲ
2755 826 2832 896 τῷ
2862 829 3076 894 ἀγνοεῖν
3104 826 3202 896 τὴν
3249 831 3446 896 πεῖραν
3497 829 3950 898 διαᾷευδομὲνης,

2388 925 2478 974 καὶ
2509 922 2584 983 ὼς
2610 922 2690 973 ὅτι
2742 920 2909 987 ἡδέως
2939 920 3081 988 μάλα
3113 920 3275 989 φάγοι
3310 919 3441 973 αὐτὸ
3489 922 3837 990 ἁνειπούσης,
3874 925 3951 978 είς

2388 1012 2643 1064 ὑπόνοιαν
2673 1011 2876 1064 ἄτοπον
2908 1010 3099 1079 ἤγειρε
3129 1011 3220 1061 τὸν
3246 1009 3571 1078 κρατοῦντα.
3609 1013 3715 1064 Καὶ
3750 1013 3950 1064 αὐτίκα

2388 1103 2651 1164 Παυλῖνος
2685 1106 2782 1173 μὲν
2810 1102 3087 1173 ὲξόριστος
3119 1104 3175 1152 ὲν
3211 1103 3575 1173 Καππαδοκίᾳ
3633 1105 3946 1172 γενόμενος,

2383 1197 2942 1269 κεφαλικῇοτιμωρῐᾳ
3008 1198 3263 1266 ὑπήγετο.
3337 1197 3548 1266 Ἐκείνη
3610 1198 3664 1251 δὲ
3726 1201 3949 1269 apag...

2380 1289 2465 1343 διὰ
2496 1288 2671 1343 ταῦτα
2720 1289 2985 1359 ληφθεῖσα
3009 1291 3074 1359 τῇ
3095 1289 3261 1360 λύπη,
3290 1290 3356 1340 τὰ
3385 1289 3737 1358 ὑπεσχημένα
3778 1292 3946 1360 ἐπλή-

2384 1396 2477 1443 ρου
2500 1378 2617 1447 Θεῷ
2657 1380 2792 1431 ’καὶ
2848 1377 3047 1432 αὐτίκα
3101 1379 3366 1439 διεσαινεν
3411 1379 3491 1442 είς
3571 1381 3943 1448 Ἱεροσόλυμα.

2380 1469 2513 1523 Θεοῦ
2545 1470 2599 1523 δὲ
2627 1464 2692 1541 ἦν
2737 1470 2845 1536 ἄρα
2884 1472 3186 1540 οἰκονομία,
3226 1472 3290 1523 ἵν’
3346 1471 3461 1524 ἐκεῖ
3514 1474 3803 1540 νῑνομένη,
3838 1477 3946 1526 πᾶν

2378 1565 2431 1617 ei
2456 1582 2507 1616 τι
2535 1566 2770 1633 χρηστὸν
2812 1563 3194 1633 διαπράξηται.
3228 1564 3293 1619 Τί
3349 1567 3453 1633 γὰρ
3489 1565 3593 1634 χρὴ
3646 1569 3739 1619 καὶ
3766 1566 3945 1631 λέγειν

2377 1661 2475 1712 ὅσα
2512 1659 2627 1711 εκεῖ
2650 1658 2928 1726 θαύματος
2951 1657 3078 1721 ἄξια
3106 1658 3402 1711 διετέλεσεν
3450 1657 3583 1726 ἔργα
3609 1660 3665 1709 ἓν
3699 1675 3753 1710 τε
3784 1659 3946 1721 θείοις

2384 1756 2530 1815 ναοῖς
2558 1751 2651 1803 καὶ
2692 1749 2943 1819 μοναχῶν
2991 1752 3376 1817 καταγωγίοις,
3437 1751 3532 1801 καὶ
3570 1749 3791 1819 ἱερεῦσι,
3855 1770 3946 1804 και

2382 1844 2577 1911 πένησι
2607 1858 2621 1905 ;
2655 1814 2782 1907 περὶ
2962 1814 3158 1909 μικρὸν
3206 1814 3427 1908 ὕστερον
3469 1814 3740 1905 διεξέλθω,
3789 1842 3948 1895 τοῦτο

2383 1936 2542 2004 μόνον
2572 1935 2631 1987 τό
2660 1951 2720 2001 γε
2756 1933 2850 1986 νῦν
2875 1934 2994 2001 ἔχον
3030 1934 3157 2003 περὶ
3188 1934 3356 2003 αὐτῆς
3404 1940 3624 2003 μνήμης
3680 1934 3736 1986 ὃν
3796 1934 3947 1998 ἄξιον

2377 2027 3140 2103 τῇὶστορίᾳκδιηγησαμενος.
3204 2026 3430 2088 ’Δπλοῧς
3480 2028 3587 2094 γὰρ
3650 2026 3812 2094 φύσει
3870 2028 3946 2078 ὦ)

2378 2110 2697 2180 Θεοδόσιος,
2722 2120 2814 2172 καὶ
2842 2119 3047 2181 πάντας
3101 2121 3409 2187 εὐεργετεῖν
3469 2118 3943 2189 προθυμούμενος,

2378 2213 2637 2275 πολλάκις
2672 2205 2768 2264 καί
2824 2206 2905 2272 οἷς
2969 2212 3069 2263 οὐκ
3123 2212 3312 2280 ἐχρῆν,
3370 2212 3443 2279 μὴ
3496 2212 3561 2263 τὰ
3618 2212 3943 2281 γραφόμενα

2374 2305 2877 2371 διασκεπτόμενος,
2935 2303 3384 2371 καθυπὲγραφεν.
3440 2306 3503 2357 '0
3548 2305 3613 2373 δὴ
3670 2309 3701 2373 ἡ
3762 2308 3942 2360 πάντα

2377 2398 2577 2465 κοσμία
2606 2398 2697 2449 καὶ
2730 2380 2965 2465 σώφρων
3024 2396 3119 2449 xal.
3152 2396 3288 2466 σοφὴ
3321 2395 3568 2467 οἰκουρὸς
3618 2399 3753 2469 πρὸς
3804 2400 3939 2452 Θεοῦ

2372 2490 2629 2557 δεδομένη
2662 2488 3015 2557 Πουλχερέαὴ
3041 2486 3271 2557 βασιλὶς,
3307 2489 3398 2540 καὶ
3429 2489 3576 2541 τοῦτ’
3595 2490 3937 2559 ἐπηνώρθου.

2372 2583 2431 2635 τὸ
2466 2583 2560 2649 τῆς
2599 2582 2848 2650 πράξεως
2885 2582 3087 2633 ἄτοπον
3112 2580 3486 2652 διελέγχουσα.
3532 2585 3640 2637 Καὶ
3690 2587 3753 2654 δὴ
3792 2590 3939 2653 πρᾶ-

2372 2691 2455 2726 σιν
2484 2674 2557 2735 ώς
2623 2673 2715 2726 ἀπ’
2786 2674 2950 2726 αὑτοῦ
3010 2675 3143 2740 πρὸς
3202 2673 3300 2743 τὴν
3355 2675 3589 2745 ἀδελφὴν
3651 2680 3749 2745 τῆς
3804 2679 3940 2741 ιδίας

2369 2766 2625 2832 γυναικὸς
2655 2764 2981 2833 σχεδιάσασα
3002 2764 3289 2831 Εὺδοκίας,
3314 2767 3559 2837 προσῆγε
3584 2770 3660 2837 τῷ
3690 2769 3901 2838 βασιλεί
3920 2787 3934 2800 ·

2368 2861 2393 2911 ὸ
2421 2859 2474 2910 δὲ
2505 2858 2603 2927 τὴν
2634 2859 2740 2911 τῶν
2767 2861 3169 2927 γεγραμμένων
3200 2860 3431 2928 δύναμιν
3460 2864 3533 2931 μὴ
3562 2863 3738 2924 είδὼς,
3772 2864 3938 2927 εὐθὺς

2368 2938 2786 3014 καθυπέγρδιφε.
2850 2948 2928 3019 Τῇ
2986 2950 3032 3003 δ’
3102 2950 3231 3020 ἑξῆς
3287 2953 3472 3023 ἡμέρᾳ
3536 2953 3634 3023 τὴν
3689 2958 3937 3024 γαμετὴν

2368 3041 2598 3093 cuius
2627 3040 2877 3107 βασιλεύς
2906 3057 2922 3072 ο
2977 3042 3280 3111 Πουλχερία
3312 3043 3369 3095 δὲ
3427 3045 3501 3112 μὴ
3545 3045 3752 3097 δοῦναι
3793 3049 3937 3115 μάλα

703 3155 1024 3209 coarguenti,
1057 3141 1319 3192 correxit.
1351 3138 1722 3208 Syngrapbain
1769 3136 1914 3188 enim
1960 3136 2103 3188 inter
2138 3151 2262 3189 eum
2291 3144 2334 3203 ρ
2366 3150 2381 3183 ι

2258 3157 2262 3187 ι
2291 3144 2334 3203 C
2366 3131 2610 3197 ιῳοδρῶς
2636 3131 2941 3192 διετείνετο,
2973 3132 3060 3184 τὸν
3091 3134 3189 3201 τῆς
3216 3136 3473 3204 πράσεως
3536 3137 3745 3207 χάρτην
3801 3156 3936 3207 προ-

702 3242 759 3286 et
788 3233 1019 3299 seipsam
1053 3230 1284 3283 vendita?
1322 3230 1569 3298 conjugis
1599 3230 1715 3298 ejus
1756 3229 1950 3295 raptim
1986 3229 2260 3293 composi-

705 3335 813 3375 tam
859 3322 911 3376 ei
956 3323 1261 3389 proposuit,
1291 3335 1520 3388 eamque
1566 3321 1656 3373 ille
1698 3321 1983 3387 scriptura:
2021 3320 2128 3371 vim
2166 3334 2259 3372 ne-

701 3414 903 3475 sciens,
947 3413 1235 3466 confestim
1285 3427 1477 3465 manus
1518 3426 1629 3464 suae
1670 3411 2019 3463 adnotatione
2060 3408 2260 3462 conﬁr-

702 3504 888 3557 mavit.
935 3501 1203 3557 Postridie
1235 3504 1355 3572 ejus
1388 3501 1497 3556 diei
1528 3502 1831 3570 imperator
1868 3501 2153 3569 conjugem
2189 3498 2256 3552 ad

693 3612 758 3650 se
784 3598 1020 3659 vocavit,
1047 3612 1208 3665 quam
1233 3595 1513 3649 Pulcheria
1545 3611 1602 3649 se
1624 3595 1675 3648 ei
1704 3593 2061 3652 reddituram,
2092 3592 2258 3660 pluri-

2369 3223 2671 3292 ϐαλλομένη
2703 3227 3137 3294 ἁπαράγραπτον
3176 3230 3453 3297 μάρτυρα.
3484 3230 3638 3283 Οὕτω
3669 3235 3805 3300 σοφή
3852 3252 3935 3295 τις

2366 3308 2433 3383 ἦν
2461 3316 2550 3367 καὶ
2577 3307 2762 3368 ἀστεία
2791 3318 2932 3384 μάλα
2962 3334 2975 3345 ·
3007 3319 3301 3371 κάντεῦθεν
3317 3321 3376 3371 τὸ
3406 3323 3690 3391 ἀνειμένον
3721 3326 3934 3381 ἐκείνου

2364 3408 2629 3473 τεχνικῶς
2655 3409 2999 3475 διελέγξασα,
3036 3395 3273 3480 μετρίως
3320 3414 3381 3465 τὸ
3406 3414 3463 3465 ὲν
3497 3417 3617 3477 ταῖς
3652 3417 3933 3477 τοιαύταις

2362 3503 2601 3567 γραφαῖς
2627 3503 3033 3571 ἀπερίσκεπτον
3060 3504 3434 3575 διωρθώσατο.
3475 3507 3583 3561 Καὶ
3640 3509 3768 3579 περὶ
3826 3511 3931 3577 μὲν

2358 3594 2562 3647 τούτων
2611 3595 2807 3658 οὕτως.

702 3711 849 3749 mum
900 3694 1153 3761 negavit,
1201 3693 1495 3763 emptionis
1534 3692 1810 3755 libellum,
1847 3703 1904 3743 ut
1959 3698 2148 3743 testem
2189 3689 2280 3759 qui
2325 3693 2569 3746 accusari
2618 3703 2711 3750 aut
2760 3695 2909 3764 rejici
2956 3711 3061 3750 non
3114 3706 3319 3765 posset.
3352 3697 3709 3765 praetendens.
3755 3698 3930 3750 Tanta

692 3793 788 3845 illa
829 3792 1115 3860 prudentia
1167 3800 1330 3859 atque
1384 3789 1684 3843 festivitate
1720 3787 1842 3841 fuit.
1900 3788 2075 3856 Atque
2116 3787 2205 3840 illa
2244 3788 2624 3859 negligentiam
2669 3792 2786 3861 ejus
2840 3801 2955 3845 arte
2998 3793 3230 3862 quadam
3268 3809 3521 3863 arguens,
3551 3796 3930 3851 moderatione

696 3889 835 3939 inira
881 3886 1245 3955 improvidam
1303 3886 1609 3939 litterarum
1661 3884 2123 3951 subscriptionem
2182 3886 2259 3937 sic
2294 3884 2350 3937 in
2380 3899 2445 3939 eo
2472 3887 2802 3939 emendavit.
2834 3885 2906 3940 De
2935 3888 3018 3942 bis
3050 3893 3335 3943 liaCtenus.

1141 4004 1304 4075 1537
1345 4002 1568 4059 eam
1608 4001 1797 4057 xxxv.

699 4118 774 4173 ne
810 4121 967 4172 Attici
997 4117 1313 4187 patriarcha:
1348 4117 1633 4185 episcopali
1670 4120 2149 4172 administratione.
2183 4118 2251 4172 Et

765 4192 899 4257 quod
934 4191 975 4240 is
1008 4189 1237 4239 urbanus
1270 4187 1547 4239 admodum
1580 4198 1625 4239 et
1663 4188 1880 4255 facetus.
1917 4205 2007 4241 nec
2049 4206 2151 4241 non
2192 4193 2243 4240 ἔτι

766 4260 1091 4328 imponeudis
1126 4272 1297 4310 rerum
1328 4260 1620 4311 nominibus
1654 4269 1834 4309 acutus
1864 4262 2019 4327 fuerit

763 4376 972 4429 Atlicus
1014 4382 1192 4427 autem
1239 4373 1529 4442 episcopus
1577 4373 2247 4442 Constantinopolitanus.

2928 4005 3185 4060 ΚΕΦΑΛ.
3236 4004 3360 4057 KA'.

2360 4119 2495 4184 Περὶ
2531 4118 2637 4183 τῆς
2666 4120 2773 4173 τοῦ
2800 4121 3479 4189 πατριάρχουᾲᾌττικοῦ
3529 4121 3885 4189 διοικήσεως
3907 4143 3926 4158 ·

2427 4190 2523 4239 καὶ
2552 4190 2629 4253 ὡς
2682 4190 2923 4253 ἀστεῖος
2963 4191 3127 4257 μάλα
3161 4186 3259 4257 ἦν,
3299 4192 3395 4243 καὶ
3460 4193 3589 4259 περὶ
3646 4186 3751 4259 τάς
3806 4186 3929 4248 τῶν·

2428 4258 2731 4326 ὀνομάτων
2763 4260 2960 4324 θέσεις
2996 4261 3358 4327 φιλόκαλος.

2446 4374 2510 4428 '0
2569 4375 2621 4426 δὲ
2679 4374 2779 4443 τῆς
2836 4377 3249 4430 Κωνσταντίνου
3310 4352 3608 4442 ἐπίσκοπος
3671 4383 3925 4447 Ἀττικὲς

694 4479 754 4521 ιιι
786 4466 1025 4521 Ecclesia
1061 4466 1396 4519 incrementa
1438 4480 1533 4517 sua
1568 4476 1811 4533 caperet.
1854 4466 2083 4520 miriﬁce
2120 4483 2250 4535 epe-
2282 4475 2331 4535 ι)
2360 4468 2372 4517 ί

2247 4498 2250 4505 -
2282 4475 2331 4535 1)
2360 4468 2676 4537 θαυμασίως
2712 4469 2779 4520 τὰ
2824 4472 2965 4522 κατὰ
3006 4471 3101 4539 τὴν
3137 4472 3470 4539 Ἐκκλησίαν
3519 4479 3695 4529 ποιεῖν
3743 4479 3925 4531 ἐπεδε-

694 4576 808 4614 ram
844 4557 1012 4613 dedit.
1069 4556 1292 4609 Summa
1338 4557 1481 4609 enim
1528 4559 1812 4625 prudentia
1854 4574 1972 4612 eam
2022 4560 2255 4613 admini—

691 4664 901 4713 strans,
964 4650 1222 4701 continua
1274 4648 1521 4701 doctrina
1577 4651 1839 4716 populum
1898 4650 1962 4700 ad
2016 4653 2254 4703 studium

693 4741 916 4805 virtutis
943 4728 1226 4795 excitavit.
1259 4738 1323 4792 Et
1352 4739 1417 4791 ad
1451 4740 1885 4793 misericordiam
1939 4754 2103 4809 atque
2145 4742 2253 4795 lar-

689 4836 952 4904 gitionem
976 4836 1096 4885 tam
1130 4824 1389 4899 proclivis
1440 4831 1560 4893 fuit,
1597 4841 1653 4882 ut
1699 4846 1803 4882 non
1827 4831 2005 4883 'modo
2044 4832 2125 4885 eis
2158 4832 2250 4899 qui

690 4932 743 4983 in
778 4926 1033 4997 parteciis
1075 4926 1193 4994 ejus
1222 4935 1396 4983 erant,
1434 4924 1619 4990 egenis
1650 4924 2043 4990 providendum
2087 4926 2253 4979 duce-

690 5030 796 5081 ret,
847 5017 940 5071 sed
994 5016 1161 5070 etiam
1215 5014 1415 5070 vicinis
1475 5014 1947 5083 Constantinopoli
1999 5016 2249 5071 ecclesiis

692 5110 978 5177 pecuniam
1038 5108 1261 5159 multam
1320 5106 1386 5159 ad
1446 5120 1747 5176 anperum
1810 5108 2246 5162 consolationem

692 5200 954 5252 mitteret.
1017 5197 1190 5250 Porro
1246 5212 1311 5250 ex
1364 5212 1469 5275 una
1516 5198 1636 5264 ejus
1680 5198 1931 5266 epistola,
1979 5214 2139 5269 quam
2183 5201 2246 5253 ad

688 5288 1013 5357 Calliopium
1068 5289 1447 5357 presbyterum
1510 5289 1744 5343 Nicazam
1815 5290 2002 5357 dedit,
2065 5292 2249 5346 missis

691 5383 849 5434 simul
887 5381 1146 5436 trecentis
1170 5381 1377 5443 aureis.
1409 5383 1584 5449 qualis
1606 5397 1670 5435 ea
1698 5398 1757 5437 re
1783 5384 1866 5437 vir
1900 5383 2083 5450 fuerit,
2114 5387 2246 5441 satis

688 5475 914 5542 patebit.
941 5472 1012 5525 Ea
1047 5474 1125 5526 sic
1158 5472 1321 5525 liabet
1356 5489 1368 5523 :
1408 5491 1423 5518 ι
1461 5473 1727 5542 Calliopio
1760 5477 2081 5547 presbytero
2110 5479 2249 5533 Atti.

683 5553 782 5619 cus
809 5566 861 5617 in
887 5563 1113 5618 Demino
1141 5564 1393 5617 salutem.
1419 5566 1610 5619 Decies
1636 5566 1781 5621 mille
1814 5568 1867 5621 in
1905 5568 2035 5624 urbe
2067 5582 2246 5626 vestra

685 5670 889 5724 egenos
912 5657 1125 5724 pior’um
1182 5656 1672 5713 commiseratione
1714 5660 1958 5731 indigere
1993 5666 2241 5735 cognovi.

689 5747 876 5800 μεθῆσθε
916 5746 1060 5802 mille
1090 5748 1221 5805 dum
1258 5748 1399 5815 dico,
1439 5751 1844 5808 multitudinem
1898 5756 2091 5823 ipsam,
2131 5772 2240 5811 non

2357 4564 2472 4622 δον,
2508 4562 2708 4630 ἀρίστῃ
2743 4562 2841 4630 μὲν
2873 4566 3134 4631 φρονήσει
3165 4566 3255 4615 ἐπὶ
3294 4567 3390 4634 τὴν
3419 4568 3622 4641 ταύτης
3647 4570 3925 4634 διοίκησιν

2356 4653 2657 4722 χρώμενος’
2706 4653 2782 4718 τῷ
2805 4653 2861 4704 δὲ
2894 4658 3111 4722 συνεχεῖ
3140 4655 3234 4722 τῆς
3265 4657 3613 4719 διδασκαλίας
3665 4662 3756 4713 τὸν
3788 4662 3923 4715 la?»

2356 4746 2435 4803 εἰς
2464 4740 2565 4810 τὴν
2598 4744 2694 4812 τῆς
2745 4744 2947 4812 ἀρετῆς
2985 4746 3289 4815 μετάληψιν
3331 4753 3724 4819 προετρέπετο.
3757 4754 3922 4806 Οὕτω

2353 4834 2408 4887 δὲ
2441 4830 2553 4901 εἶχε
2584 4837 2893 4903 προχείρως
2911 4838 2989 4898 είς
3022 4837 3191 4903 ἔλεον,
3224 4841 3319 4892 καὶ
3345 4843 3423 4903 είς
3458 4845 3742 4911 μετάδοσιν
3775 4845 3921 4899 ἕτοι-

2355 4942 2453 4992 μος
2477 4921 2565 4994 ἦν.
2591 4926 2664 4989 ὠς
2699 4930 2856 4996 μήτοι
2886 4945 2949 4996 γε
2983 4928 3089 4981 τῶν
3125 4933 3181 4983 εν
3242 4935 3364 4997 ταῖς
3396 4938 3718 5005 παροικίαις
3747 4939 3920 4991 αὑτοῦ

2354 5020 2705 5087 προνοεῖσθαι
2737 5023 2970 5090 πτωχῶν
2990 5061 3004 5083 ,
3033 5022 3169 5077 ἀλλὰ
3203 5027 3297 5078 καὶ
3326 5028 3441 5087 ταῖς
3476 5030 3923 5097 αγχιθυρούσαις

2352 5114 2416 5181 τῇ
2454 5113 2866 5186 Κωνσταντίνου
2902 5115 3121 5169 πόλεσιν
3161 5112 3320 5170 ἱκανὰ
3349 5121 3610 5189 χρήματα
3640 5121 3911 5188 πόμπειν,

2351 5206 2429 5268 είς
2465 5208 2821 5277 παραμυθίαν
2863 5209 2979 5262 τῶν
3033 5212 3158 5264 ἐκεῖ·
3196 5212 3489 5281 δεομένων.
3544 5212 3638 5265 Ἐκ
3671 5213 3729 5263 δὲ
3768 5215 3904 5277 μιᾶς

2349 5301 2541 5353 τούτου
2584 5300 2873 5370 ἐπιστολῆς
2898 5339 2910 5363 ,
2950 5302 3030 5372 ἢν
3087 5303 3401 5372 Καλλποπίῳ
3436 5302 3793 5373 πρεσϐυτέρῳ
3833 5308 3917 5367 είς

2348 5392 2587 5445 Νίκαιαν
2642 5393 2880 5457 ἔστελλε,
2936 5386 3285 5463 τριακοσίους
3336 5394 3624 5463 χρυσίνους
3670 5413 3915 5452 συναπο-

2351 5485 2590 5546 στείλας,
2628 5487 2947 5556 καταφανὴς
2975 5488 3159 5549 ὁποῖος
3206 5482 3273 5554 ἦν
3301 5487 3395 5539 καὶ
3432 5489 3560 5555 περὶ
3612 5488 3788 5549 ταῦτα
3818 5508 3917 5560 γε-

2349 5576 2596 5646 νήσεται.
2638 5577 2794 5631 Ἔστι
2833 5579 2888 5631 δὲ
2922 5579 3058 5646 αὕτη
3084 5593 3099 5608 ο
3136 5595 3154 5627 ι
3203 5576 3518 5648 Καλλιοπίῳ
3546 5582 3915 5655 πρεσϐυτέρῳ

2361 5666 2604 5730 Ἀττικὸς
2640 5669 2697 5721 ἐν
2729 5670 2921 5740 Κυρίῳ
2954 5672 3187 5738 χαίρειν.
3223 5667 3471 5736 Ἐμαθον
3503 5675 3733 5743 μυρίους
3765 5677 3825 5727 ἄν
3846 5679 3911 5743 τῇ

2348 5758 2500 5811 πόλει
2536 5760 2835 5824 πεινῶντας
2885 5761 3086 5815 δεῖσθαι
3143 5759 3236 5813 τοῦ
3283 5766 3433 5817 παοὰ
3480 5768 3587 5821 τῶν
3618 5768 3912 5819 εὐσεϐούν-
