4250 6440
307 406 445 473 1183

1187 411 1782 472 ECCLESIASTICA!
1819 409 2201 469 lllSTOlllE
2243 411 2393 477 LIB.
2438 410 2586 471 XIV.

3418 413 3552 478 1136

300 547 415 584 των
466 530 657 583 ἐλέου·
696 532 927 603 μυρίους
986 532 1041 586 δέ
1105 534 1253 601 λέγω
1302 534 1362 585 τὸ
1413 532 1661 601 πλῆθος,
1694 535 1754 586 ού
1789 534 1879 585 τὸν
1915 537 1953 589 Α

1875 552 1879 574 ι
1915 537 1953 589 Α
1984 540 2198 585 certum
2238 545 2541 598 pauperum
2574 544 2861 582 numerum
2900 529 3151 583 ostendo.
3189 529 3553 602 Quandoqui—

300 623 507 693 ἀκριϐῆ
554 624 735 693 δηλῶν
802 627 1061 696 ἀριθμόν.
1112 628 1267 681 Ἐπεὶ
1318 628 1503 680 τοίνυν
1558 628 1719 689 αὐτὸς
1780 627 1877 695 μὲν

301 716 413 784 ἔχω
457 716 641 769 λαϐὼν
702 718 941 787 ἀριθμὸν
1001 721 1156 790 παρᾶ
1209 718 1305 773 τοῦ
1362 718 1579 789 δαψιλεῖ
1623 723 1688 788 τῇ
1732 719 1880 791 χειρὶ

299 805 538 870 διδόντος
562 810 676 869 τοῖς
703 809 1056 878 οἰκονομοῡσι
1089 810 1295 873 καλῶς,
1328 812 1625 879 συμϐαίνει
1647 811 1702 863 δὲ
1727 827 1880 871 τινας

303 898 631 968 ἀπορεῖσθαι
661 899 1011 970 δοκιμασίας,
1047 902 1212 972 χάριν
1241 903 1352 955 τῶν
1376 905 1611 974 ἐχόντων
1643 905 1765 974 μὲν,
1806 904 1881 973 μὴ

308 992 659 1061 παρεχόντων
682 993 738 1045 δέ
762 994 995 1059 τούτοις,
1026 995 1226 1062 λαϐὼν,
1264 990 1309 1049 ὦ
1340 997 1467 1065 φίλη
1510 1015 1602 1067 μοι
1638 997 1880 1065 κεφαλὴν

303 1087 432 1148 τοὺς
497 1088 846 1154 τριακοσίους
909 1088 1138 1147 τούτους
1192 1089 1526 1159 χρυσίνους,
1598 1090 1877 1142 ἀνάλωσιν

306 1180 455 1240 ὅπως
509 1178 575 1231 ἂν
611 1178 886 1250 θελήτοις.
939 1180 1191 1252 Βουλήσῃ
1242 1181 1298 1234 δέ
1347 1198 1452 1233 που
1504 1182 1721 1244 πάντως
1771 1183 1885 1244 τοῖς

310 1272 732 1340 αἰσχυνομένοις
766 1273 865 1341 τὴν
896 1274 1139 1339 αἴτησιν,
1173 1273 1287 1326 ἀλλ’
1319 1274 1442 1344 οὐχὶ
1473 1276 1590 1338 τοῖς
1621 1274 1886 1344 ἐμπόριον

310 1364 399 1416 διὰ.
434 1364 551 1432 βίου
585 1366 685 1434 τὴν
713 1368 959 1436 γαστέρα
1006 1369 1417 1438 προτεθεικόσι.
1466 1369 1657 1432 Διδοὺς
1684 1368 1887 1433 τοίνυν,

315 1457 450 1521 μηδέ
484 1459 789 1526 Θρησκείαν
831 1460 1026 1529 λιιγίση
1076 1461 1221 1513 κατὰ
1262 1460 1423 1514 τοῦτο
1447 1461 1506 1513 τὸ
1539 1462 1731 1531 μέρος⁶
1766 1460 1886 1523 ἐνὸς

318 1550 414 1600 καὶ
453 1552 620 1617 μόνου
651 1541 1001 1620 γενόμενοςῖ
1022 1551 1117 1604 τοῦ
1150 1552 1372 1623 τρέφειν
1402 1554 1529 1615 τοὺς
1561 1552 1887 1616 πεινῶντας,

314 1640 451 1694 ἀλλὰ
516 1643 592 1709 μὴ
653 1634 997 1708 λογισττύειν
1044 1646 1173 1708 τοὺς
1236 1644 1329 1698 τὸν
1377 1646 1649 1717 ἡμέτερον
1688 1645 1890 1713 τρόπον

319 1731 678 1801 φρονοῦντας.
722 1753 742 1785 ι
778 1735 900 1787 Τῶν
934 1735 1033 1804 μὲν
1085 1736 1181 1789 οὖν
1230 1738 1505 1807 δεομένων
1551 1737 1650 1791 καὶ
1674 1736 1893 1806 πόρρωο

318 1824 411 1875 Θεν
442 1824 624 1877 ὄντων.
664 1826 807 1878 οὕτω
844 1827 1124 1895 φροντίδος
1149 1825 1295 1898 εἶχεν
1322 1833 1348 1881 6
1379 1828 1652 1891 Ἀττικός·
1686 1828 1747 1881 ού
1782 1828 1888 1897 μὴν

1982 622 2107 676 dem
2143 639 2272 675 vero
2305 632 2519 676 certum
2552 622 2798 689 pecunia:
2847 638 3140 676 numerum
3171 625 3219 678 ei
3267 635 3553 696 acceptum

1984 713 2123 777 fero,
2160 715 2253 783 qui
2288 714 2597 785 perliberali
2634 731 2794 768 manu
2825 715 2932 768 rite
2961 730 3078 767 eam
3105 716 3558 784 dispensantibus

1982 807 2172 869 donat,
2201 818 2256 861 et
2289 807 2540 861 nonnulli
2571 808 2840 876 indigent,
2864 808 3330 876 explorandorum
3358 826 3553 865 eorum

1984 902 2179 969 gratia,
2218 900 2312 969 qui
2347 899 2549 953 habent
2583 898 2827 968 quidem,
2866 899 2963 954 sed
2995 900 3104 954 illis
3148 916 3255 954 non
3287 902 3439 966 dant,
3470 920 3554 957 ac-

1984 992 2163 1059 ceptis
2186 1007 2215 1044 a
2251 1006 2358 1053 me,
2386 1008 2417 1043 ο
2444 991 2677 1044 cbarum
2710 991 2844 1044 mibi
2871 1001 3057 1061 caput,
3090 994 3350 1048 trecentis
3380 997 3562 1049 aureis

1988 1083 2131 1147 istis,
2168 1092 2227 1138 ut
2261 1085 2413 1138 voles
2458 1101 2556 1139 eos
2594 1084 2866 1152 espende.
2900 1085 3065 1141 Voles
3109 1097 3292 1141 autem
3331 1088 3415 1141 eis
3448 1104 3566 1141 ma-

1989 1178 2155 1239 xime,
2191 1181 2283 1245 qui
2316 1177 2632 1231 mendicare
2664 1179 3003 1232 erubescunt
3037 1197 3049 1232 :
3083 1195 3191 1233 non
3232 1179 3357 1244 illis,
3386 1181 3477 1249 qui
3510 1182 3563 1234 in

1990 1270 2099 1322 vita
2124 1280 2372 1323 ventrem
2424 1270 2490 1323 ad
2530 1267 2990 1324 nundinationem
3041 1282 3377 1341 proponunt.
3424 1271 3562 1328 Cum

1993 1362 2162 1430 igitur
2196 1363 2481 1430 pecuniam
2527 1363 2798 1431 largieris,
2836 1364 3117 1432 religionis
3163 1368 3263 1419 bac
3310 1366 3362 1420 in
3412 1378 3566 1437 parte

1992 1452 2262 1506 rationem
2308 1467 2419 1509 non
2469 1452 2698 1505 habebis
2748 1472 2761 1504 :
2813 1454 2919 1508 boc
2961 1471 3129 1509 unum
3180 1467 3457 1525 spectans,
3510 1472 3569 1513 nt

1992 1544 2301 1613 indigentes
2332 1544 2482 1608 alas,
2521 1560 2702 1613 neque
2743 1560 2839 1600 eos
2884 1546 3148 1617 praeferas
3187 1548 3282 1617 qui
3318 1550 3567 1604 moribus

1992 1640 2197 1691 nostris
2228 1638 2440 1690 vivunt.
2476 1656 2493 1687 ι
2538 1637 2845 1706 Pauperum
2878 1655 3011 1694 sane
3043 1642 3206 1695 etiam
3235 1641 3327 1709 qui
3354 1642 3572 1713 longius

1993 1728 2271 1793 abessent,
2295 1729 2371 1781 ita
2406 1744 2590 1781 curam
2618 1728 2834 1783 Atticus
2856 1731 3046 1799 gessit.
3078 1731 3279 1786 Verum
3316 1734 3407 1789 ille
3435 1751 3572 1802 quo-

1995 1836 2103 1890 que
2174 1829 2235 1873 ιιι
2306 1820 2674 1889 quorumdam
2742 1824 3194 1891 superstitionem
3270 1828 3569 1889 minueret,

318 1917 376 1970 δέ
402 1916 541 1970 ἀλλὰ
572 1920 669 1970 καὶ
699 1918 799 1981 τάς
824 1937 993 1971 τινων
1034 1912 1469 1989 δεισιδαιμονίας
1517 1923 1647 1989 περὶ
1688 1920 1888 1973 πολλοῦ
1920 1886 1965 1946 Β

1920 1886 1965 1946 Β
1996 1886 2337 1981 magnopere
2377 1916 2609 1966 curavit.
2660 1913 2728 1967 Et
2766 1886 2891 1967 cum
2946 1914 3192 1970 audisset
3242 1917 3566 1973 Sabbatium

322 2012 677 2065 ἀναστέλλειν
720 2012 982 2080 πρόνοιαν
1033 2016 1294 2067 ἐποιεῖτο.
1349 2016 1461 2067 Καὶ
1490 2014 1554 2082 δὴ
1587 2015 1892 2084 πυθόμενος

321 2104 630 2157 Σαϐϐάτιον
678 2109 930 2168 ἐκεῖνον,
984 2106 1043 2168 δς
1094 2107 1182 2159 διὰ
1236 2108 1297 2159 τὸ
1351 2108 1647 2162 Ἰουδαϊκόν
1700 2109 1893 2179 Πάσχα

323 2199 423 2265 τῆς
458 2197 569 2249 τῶν
610 2198 977 2251 Ναυατιανῶν
1019 2199 1317 2269 ἐκκλησίας
1364 2200 1726 2270 ἁπορῤαγεὶς,
1758 2201 1894 2255 ἰδίαν

322 2291 695 2359 συνεστήσατο
745 2291 1025 2361 ποίμνην,
1080 2293 1171 2344 τὸν
1216 2292 1332 2361 βίον
1386 2295 1445 2345 ἐν
1480 2292 1648 2361 Ῥόδῳ
1700 2295 1891 2345 ἀπολι-

324 2380 531 2432 πόντα*
571 2381 753 2431 ἐκεῖσε
784 2384 891 2449 γάρ
938 2380 1233 2449 ὑπερόριος
1271 2382 1565 2448 γενόμενος
1600 2380 1887 2433 ἐτελεύτα·

321 2472 422 2524 καὶ
453 2471 559 2523 ύπδ
586 2474 682 2524 τοῦ
716 2472 849 2524 ίδίου
885 2475 1231 2539 συστήματος
1262 2474 1475 2526 ἐκεῖθεν
1514 2473 1607 2526 τοῦ
1640 2476 1893 2542 σώματος

324 2564 854 2634 μετακομισθέντος.
917 2566 1048 2635 περὶ
1095 2567 1185 2619 τὸν
1246 2568 1457 2619 ἐκείνου
1506 2568 1678 2635 τάφον
1726 2572 1892 2639 εὐχὰς

321 2660 515 2724 ποιεῖν,
546 2661 641 2712 καὶ
676 2660 751 2719 ῶς
785 2660 927 2726 ἁγίῳ
956 2659 1119 2727 δῆθεν
1144 2661 1201 2712 τὸ
1233 2660 1395 2722 σέϐας
1429 2662 1635 2725 νέμειν,
1677 2665 1892 2732 νύκτωρ

322 2748 479 2810 τινὰς
509 2749 842 2812 ἀποστείλας
869 2792 883 2815 ,
920 2751 981 2803 τὸ
1032 2750 1338 2803 Σαϐϐατίου
1372 2752 1535 2820 σῶμα
1581 2755 1660 2815 είς
1704 2754 1893 2823 ἕτερον

320 2837 487 2890 τόπον
516 2837 775 2893 ἔθαπτεν.
806 2841 867 2891 Οί
901 2840 959 2891 δέ
988 2840 1119 2907 περὶ
1169 2841 1330 2893 αὑτὸν
1375 2841 1643 2905 ἐλθόντες,
1681 2846 1776 2895 καὶ
1802 2845 1894 2896 τὸν

322 2932 498 2999 τάφον
549 2931 949 3000 ὀρωρυγμένον
1002 2933 1280 3001 εὑρόντες,
1325 2933 1422 2987 τοῦ
1471 2934 1660 2987 λοιποῦ
1714 2937 1894 2990 σέϐειν

321 3024 420 3077 καὶ
451 3022 873 3092 δεισιδαιμονεῖν
920 3026 1049 3093 περὶ
1087 3024 1180 3077 τὸν
1226 3025 1401 3091 τάφον
1441 3025 1729 3081 ἐπαύοντο.
1759 3028 1893 3080 Δίαν

321 3117 380 3170 δὲ
412 3119 505 3169 καὶ
533 3116 826 3184 φιλόκαλος
884 3115 1129 3183 ἐγεγόνει
1163 3119 1294 3186 περὶ
1340 3116 1441 3181 τὰς
1469 3119 1579 3172 τῶν
1607 3121 1893 3189 ὀνομάτων

322 3207 529 3272 θέσεις,
562 3209 841 3277 εὐστόχως
864 3207 1036 3270 αὐτὰς
1064 3208 1358 3270 συντιθείς.
1381 3212 1516 3279 Περὶ
1541 3212 1650 3283 γὰρ
1670 3212 1731 3265 τὸ
1752 3215 1893 3267 κατὰ

324 3299 417 3351 τὸν
464 3298 719 3363 Εὔξεινον
778 3299 976 3352 πόντον
1032 3301 1224 3354 στενὸν
1284 3302 1350 3354 ού
1404 3304 1595 3373 πόρῤω
1655 3322 1756 3357 που
1797 3305 1893 3358 τοῦ

322 3391 571 3444 ἁνάπλου
617 3392 859 3445 ἐπίνειον
896 3387 987 3461 ἦν,
1029 3391 1058 3444 ὃ
1116 3395 1334 3462 ἀρχαῖοι
1363 3394 1557 3464 ἄνδρες
1590 3397 1892 3465 Φαρμακέα

323 3484 583 3538 ἐκάλουν.
623 3485 867 3549 Ἐκεῖνος
897 3487 943 3538 δ’
980 3487 1159 3550 ἐκεῖσε
1208 3488 1308 3549 τὰς
1342 3488 1594 3552 συνάξεις
1626 3490 1893 3558 ποιούμε-

322 3588 433 3635 νος,
475 3572 562 3625 ῖνα
608 3572 685 3643 μὴ
716 3572 987 3643 δυσφήμῳ
1016 3574 1244 3641 ὀνόματι
1275 3576 1493 3627 καλοῖτο
1533 3580 1561 3629 6
1590 3579 1788 3647 χῶρος,
1815 3580 1893 3642 είς

321 3663 638 3731 Θεραπείαν
685 3666 962 3732 μετετίθει
1015 3664 1115 3734 τὴν
1167 3666 1381 3735 κλῆσιν.
1429 3668 1537 3720 Καὶ
1570 3671 1896 3736 προάστειον

322 3754 369 3807 δ’
421 3756 614 3825 ἕτερον
672 3756 976 3827 ἀντιπέραν
1031 3757 1132 3824 τῆς
1190 3759 1605 3814 Κωνσταντίνου
1645 3760 1897 3829 κείμενον

327 3848 729 3918 Ἀργυρόπολιν
765 3849 1153 3917 μετωνόμαζε,
1197 3854 1413 3906 τοιᾶσδε
1462 3854 1640 3917 αίτίας
1690 3857 1898 3925 ἡγησα-

330 3940 527 4008 μένης.
594 3941 949 4009 Χρυσόπολις
1005 3943 1244 3996 ἐπίνειον
1296 3945 1526 4015 ἀρχαῖόν
1588 3948 1756 4000 ἐστιν.
1834 3950 1899 4001 Ὅ

326 4034 509 4085 κεῖται
573 4032 675 4099 μέν
722 4034 779 4083 ἐν
827 4033 969 4103 ἀρχῇ
1026 4035 1123 4087 τοῦ
1156 4034 1460 4105 Βοσπόρου,
1509 4039 1809 4109 ἀντιπέραν
1843 4041 1899 4093 δέ

324 4124 424 4191 τῆς
466 4124 791 4187 Βυζαντίδος
844 4125 982 4177 ἐστί.
1042 4125 1249 4178 Τούτου
1295 4127 1352 4180 δὲ
1407 4128 1594 4183 πολλοὶ
1644 4131 1752 4183 τῶν
1801 4132 1900 4201 ἁρ-

325 4214 501 4282 χαίων
562 4212 858 4284 ἱστορικῶν
899 4215 1255 4284 μέμνηνται,
1295 4217 1485 4286 ὥσπερ
1548 4220 1809 4290 Στράϐων
1868 4224 1898 4275 6

326 4308 656 4376 γεωγράφος
678 4346 692 4371 ,
728 4307 997 4370 Νικόλαός
1044 4325 1103 4360 τε
1143 4310 1172 4360 6
1206 4311 1565 4377 Δαμασκόθεν
1592 4353 1607 4377 ,
1640 4314 1734 4367 καὶ
1760 4316 1787 4365 6
1828 4316 1898 4367 τὰ

328 4400 517 4467 Κύρου
550 4398 958 4469 συγγεγραφὼς
993 4402 1215 4469 ἄριστα,
1245 4403 1274 4454 6
1301 4401 1470 4465 πολὺς
1513 4404 1569 4455 ἐν
1600 4405 1776 4471 λόγων
1805 4406 1897 4459 δυ-

328 4493 513 4560 νάμει,
562 4492 658 4544 καὶ
708 4491 1075 4561 συγγραφικῷ
1100 4496 1417 4564 χαρακτῆρι
1451 4495 1766 4565 θαυμαστὸς
1797 4498 1896 4550 Ξε-

1996 2006 2172 2066 ίιὶιιιιι,
2198 2004 2292 2072 qui
2326 2016 2553 2073 propter
2589 2004 2809 2061 Pascha:
2844 2007 2989 2061 diem
3023 2007 3254 2063 Judaico
3291 2026 3442 2065 more
3477 2029 3572 2068 cc-

1997 2096 2318 2151 lebrandum
2355 2112 2383 2147 a
2418 2096 2841 2151 Novatianorum
2885 2099 3117 2153 ecclesia
3155 2116 3477 2170 secesserat,
3513 2120 3568 2159 et

1995 2206 2214 2259 gregem
2250 2189 2354 2242 sibi
2404 2204 2564 2241 suum
2615 2198 2891 2257 coegerat,
2928 2190 3127 2257 llbodi,
3178 2192 3265 2245 ubi
3311 2200 3567 2248 exsulare

1990 2283 2179 2348 jussus
2209 2283 2421 2345 fuerat,
2457 2282 2625 2335 vitam
2657 2282 2904 2347 (iniisse,
2940 2286 3342 2354 popularesque
3380 2289 3573 2341 l'actio-

2000 2375 2088 2428 nis
2116 2376 2257 2444 ejus.
2288 2389 2521 2444 corpore
2556 2375 2704 2429 illius
2732 2374 2858 2431 inde
2892 2380 3175 2442 translato,
3208 2382 3352 2434 circa
3392 2383 3575 2451 sepul-

1996 2481 2151 2520 crum
2203 2466 2322 2536 cjus
2389 2468 2737 2535 precationes
2785 2485 3067 2540 peragere,
3121 2481 3178 2524 et
3230 2474 3401 2527 veluti
3454 2476 3574 2528 viro

1996 2567 2188 2610 saneto
2242 2558 2605 2611 reverentiam
2663 2560 2988 2629 cultumque
3041 2574 3305 2630 praestare
3355 2574 3573 2619 :noctu

1996 2649 2320 2703 hominibus
2349 2651 2517 2704 certis
2550 2651 2752 2714 missis,
2783 2653 3019 2706 cadaver
3052 2656 3302 2710 Sabbatii
3349 2660 3573 2726 sepeliri

1999 2742 2053 2796 in
2085 2744 2203 2797 loco
2237 2745 2342 2797 alio
2383 2745 2612 2798 curavit.
2650 2744 2817 2816 488
2848 2747 3021 2802 Porro
3070 2759 3376 2806 sectatores
3426 2752 3575 2807 illius

1998 2833 2092 2888 tibi
2125 2834 2395 2887 tumulum
2419 2835 2677 2889 emissum
2716 2848 3067 2905 repererunt,
3089 2844 3447 2898 cteremonias
3482 2860 3576 2898 su-

1998 2928 2491 2995 perstitionemque
2516 2943 2671 2981 suam
2701 2930 2767 2982 ad
2800 2932 3116 2998 sepulcrum
3155 2934 3276 3004 ejus
3308 2936 3575 3008 deinceps

1997 3017 2324 3072 omiserunt.
2380 3019 2444 3072 Et
2476 3022 2740 3087 quoniam
2788 3023 2839 3074 in
2891 3026 3175 3078 nominum
3227 3026 3572 3088 inventione.

1997 3120 2121 3178 apte
2154 3110 2263 3165 illis
2296 3112 2461 3166 rebus
2497 3114 2628 3181 ipsis
2675 3115 3048 3184 imponendis,
3081 3119 3304 3189 elegans
3343 3133 3399 3175 et
3443 3122 3573 3177 l‘elix

1998 3200 2126 3262 fuit,
2159 3202 2350 3257 navale
2385 3206 2531 3272 quod
2582 3206 2648 3258 ad
2698 3209 2980 3277 angustias
3020 3211 3216 3265 Euxini
3270 3216 3421 3282 ponti
3465 3233 3574 3270 non

1997 3290 2158 3360 longe
2207 3310 2239 3347 ν
2275 3295 2509 3349 transitu
2544 3296 2731 3360 situm,
2773 3311 2987 3353 veteres
3020 3306 3346 3370 φαρμακέα,
3393 3306 3446 3360 id
3492 3318 3576 3362 est

2001 3385 2305 3438 veneﬁcum
2362 3388 2731 3456 appellarunt,
2778 3393 2921 3460 quod
2981 3394 3096 3464 ipse
3150 3397 3222 3449 ibi
3270 3412 3574 3455 conventus

1998 3483 2241 3543 cogeret,
2293 3492 2362 3530 ne
2413 3479 2569 3532 locus
2608 3481 2652 3533 is
2701 3482 2960 3538 infamem
3010 3488 3283 3541 obtineret
3333 3491 3574 3559 appella-

2000 3565 2227 3629 tionem,
2263 3569 2487 3623 nomine
2518 3581 2729 3626 mutato
2754 3573 3080 3642 Θεραπείαν.
3111 3578 3213 3633 huc
3243 3591 3350 3643 est,
3383 3599 3574 3637 curam

1998 3674 2096 3714 seu
2134 3661 2463 3718 medicinam
2507 3666 2741 3720 vocavit.
2789 3665 2865 3720 Ex
2911 3668 3193 3726 subnrbiis
3227 3674 3393 3730 etiam
3427 3677 3573 3730 Con-

2000 3754 2390 3824 stantinopolis
2422 3757 2594 3821 aliud,
2637 3762 3041 3831 Argyropolim,
3084 3781 3179 3832 per
3211 3771 3572 3825 mutationem

2001 3847 2239 3900 nominis
2288 3850 2358 3901 ob
2399 3866 2620 3904 causam
2649 3854 2918 3921 ejusmodi
2967 3860 3284 3925 appellavit.
3336 3862 3574 3933 Chryso-

2001 3937 2140 4006 polis
2168 3940 2390 4009 antiqua
2421 3943 2637 3996 navium
2666 3946 2829 3999 statio
2856 3957 2974 4009 est,
3007 3960 3196 4003 contra
3229 3951 3571 4021 Byzantium,

2001 4034 2056 4087 in
2112 4035 2337 4103 BOSpori
2372 4038 2555 4091 'initio
2611 4043 2805 4107 posita.
2860 4041 3009 4095 Multi
3052 4045 3170 4113 ejus
3218 4049 3569 4114 antiqnnrmu

2003 4121 2389 4177 historicorum
2423 4128 2747 4191 meminere,
2786 4131 2948 4185 sicuti
2978 4132 3177 4186 Strabo
3204 4139 3572 4205 gengrnplius,

1999 4210 2253 4269 Nicolaus
2316 4216 2724 4283 Damascenns,
2785 4234 2841 4275 et
2907 4227 3002 4292 qui
3072 4225 3195 4295 Cyri
3285 4228 3568 4285 historiam

2000 4307 2205 4373 optime
2230 4309 2580 4378 conscripsit,
2606 4315 2656 4364 vi
2683 4318 3012 4381 eloquentia.
3038 4334 3289 4386 magnus,
3318 4333 3371 4374 et
3397 4323 3570 4377 histo-

2001 4399 2117 4452 rico
2169 4401 2308 4470 stylo
2353 4402 2710 4459 admirandus
2759 4405 3084 4477 Xenophon,
3135 4412 3188 4463 in
3243 4425 3395 4468 sexto
3442 4416 3567 4485 Cyri

2000 4488 2367 4555 expeditionis
2404 4507 2418 4542 :
2464 4493 2558 4544 sed
2599 4503 2654 4545 et
2689 4497 2739 4546 in
2784 4498 2962 4563 primo
3002 4497 3431 4566 llellanicorum,
3471 4522 3568 4558 seu

328 4584 544 4653 νοφῶν,
573 4586 629 4637 ἐν
663 4603 723 4638 τε
762 4588 827 4655 τῇ
858 4585 989 4654 ἕκτῃ
1020 4585 1129 4637 τῶν
1160 4586 1483 4639 ἀναϐάσεων
1518 4588 1726 4657 Κύρου’
1757 4591 1894 4642 ἀλλὰ
1923 4596 1975 4653 D
2000 4588 2006 4623 ‘

1892 4632 1894 4641 ,
1923 4596 1975 4653 ι)
2000 4578 2202 4634 Graeca:
2243 4579 2495 4637 Historia:
2522 4583 2684 4648 libro,
2719 4588 2811 4640 ubi
2851 4588 2917 4641 de
2940 4607 3002 4643 ea
3048 4592 3160 4645 lucc
3204 4612 3423 4664 quoque
3456 4615 3570 4651 ine-

331 4682 428 4733 καὶ
459 4682 516 4731 ἐν
548 4678 625 4748 τῷ
658 4677 861 4747 πρώτῳ
887 4680 999 4729 τῶν
1046 4677 1385 4746 Ἑλληνικῶν
1420 4683 1894 4750 συγγραμμάτων,

329 4776 388 4824 ἐν
491 4772 587 4824 καὶ
617 4770 743 4823 τάδε
778 4771 904 4838 περὶ
935 4770 1104 4823 αὐτοῦ
1143 4771 1351 4838 ἱστορεῖ
1373 4811 1389 4837 ,
1430 4770 1505 4833 ὡς
1551 4772 1898 4843 Ἀλκιϐιάδης

329 4862 541 4921 ἐκεῖνος
590 4858 660 4909 τὰ
697 4858 851 4925 τείχη
890 4857 1161 4927 περιελὼν
1195 4858 1615 4928 Χρυσοπόλεως,
1646 4860 1900 4914 δεκαδευ-

326 4954 517 5021 τήριον
557 4953 616 5005 ἐν
674 4951 815 5019 αὐτῇ
873 4950 1133 5003 καθίστα.
1190 4950 1350 5003 Ὅσοι
1390 4952 1497 5020 γὰρ
1540 4952 1773 5017 ἔμποροι
1832 4956 1897 5006 ἐκ

328 5045 533 5097 Πόντου
572 5044 892 5106 κατέπλεον,
925 5044 984 5094 ἐν
1014 5044 1150 5110 αὐτῇ
1194 5042 1292 5104 τὰς
1340 5043 1579 5106 δεκάτας
1632 5047 1895 5113 παρεῖχον

323 5138 437 5190 τῶν
468 5138 705 5206 φόρτων.

324 5232 727 5298 Χρυσοπόλεως
778 5229 943 5280 τόπον
979 5228 1104 5280 ἰδὼν
1142 5230 1198 5280 ἐν
1245 5228 1450 5297 εὐθέτῳ
1479 5229 1741 5299 κείμενον
1799 5231 1895 5283 καὶ

759 5135 817 5187 'U
874 5137 1054 5187 τοίνυν
1092 5134 1359 5195 Ἀττικὸς.
1418 5137 1509 5188 τὸν
1557 5139 1893 5205 καταντικρὺ

323 5324 522 5391 τέρψιν
564 5322 623 5374 ού
663 5324 895 5389 μετρίαν
947 5321 1282 5389 παρέχοντα,
1312 5322 1517 5390 χρῆναι
1547 5322 1648 5390 ἔφη
1688 5324 1779 5373 τὸν
1808 5324 1895 5373 τό-

324 5432 427 5468 πον
475 5415 664 5468 τοῦτον
710 5414 1105 5481 ’Δργυρόπολιν
1151 5413 1523 5480 ὀνομάζεσθαι
1552 5431 1565 5444 ο
1617 5414 1645 5466 ὃ
1696 5415 1892 5467 αὐτίκα

325 5508 526 5581 ῥηθὲν,
558 5511 658 5577 τὴν
687 5508 1005 5577 ἐπωνυμίαν
1044 5506 1217 5558 ἐδίδου
1260 5506 1338 5576 τῷ
1377 5507 1566 5577 χώρῳ.
1606 5508 1892 5574 Λεγόντων

318 5603 381 5655 δέ
425 5618 591 5656 τινων
639 5601 966 5670 ἀσύμφορον
1007 5597 1148 5653 εἶναι
1190 5599 1567 5662 Ναυατιανοὺς
1611 5600 1760 5653 ἔνδον
1795 5603 1890 5668 τῆς

318 5694 738 5748 Κωνσταντίνου
775 5694 1190 5763 ἐκκλησιάζειν,
1242 5685 1540 5761 ’Δγνοέῖτε,
1580 5695 1654 5755 ὡς
1687 5698 1886 5749 ἔοικεν.

314 5788 448 5853 εφη.
476 5788 576 5839 ὅσα
610 5789 741 5857 ἡμῖν
773 5786 971 5857 συνέϐη
1003 5786 1196 5840 παθεῖν
1227 5788 1321 5838 ἐπὶ
1373 5787 1762 5839 Κωνσταντίου
1797 5790 1888 5837 καὶ

318 5880 639 5944 Οὐάλεντος.
678 5880 888 5945 Ἄλλως
922 5898 977 5936 τε
1030 5881 1084 5934 δέ
1136 5880 1229 5932 καὶ
1284 5881 1564 5951 μάρτυρες
1598 5878 1742 5931 οὗτοι
1792 5882 1886 5947 τῆς

2004 4681 2197 4737 morat,
2240 4672 2388 4740 quod
2430 4675 2745 4730 Alcibiades
2779 4678 2868 4731 ille
2905 4697 3059 4733 muro
3087 4682 3407 4754 Clirysopoli
3444 4705 3567 4743 mu-

2000 4764 2137 4829 nita,
2170 4765 2510 4819 decimarum
2546 4770 2989 4838 accipiendarum
3024 4778 3211 4829 sedem
3251 4780 3321 4832 ibi
3361 4786 3569 4834 consti-

2001 4859 2183 4911 tuerit.
2240 4860 2569 4928 Quicunque
2638 4864 2785 4915 enim
2860 4877 3195 4923 mercatores
3261 4888 3326 4923 ex
3394 4873 3567 4927 l'ontn

1999 4952 2542 5018 pra-ternavigarent,
2582 4952 2826 5009 det-imas
2870 4973 2935 5010 eo
2974 4957 3094 5011 loco
3125 4962 3388 5016 mercium
3424 4980 3561 5032 pra:-

1999 5038 2259 5091 buerunt.
2298 5040 2507 5095 Atticus
2558 5042 2725 5111 igitur
2757 5044 2938 5097 locum
2995 5064 3024 5101 e
3074 5052 3293 5118 regione
3332 5052 3566 5123 Chryso-

2000 5131 2145 5198 poli,
2211 5136 2497 5187 commode
2561 5154 2682 5188 cum
2743 5154 2848 5191 non
2916 5141 3176 5195 mediocri
3249 5150 3568 5202 amoenitate

1998 5225 2160 5277 situm
2198 5240 2451 5290 cernens,
2483 5228 2858 5297 Argyropolim
2908 5249 3031 5284 eum
3082 5235 3352 5291 nominari
3401 5256 3567 5308 opor-

1997 5325 2113 5369 tere
2152 5316 2322 5380 dixit,
2364 5320 2510 5387 quod
2542 5322 2768 5374 verbum
2804 5324 3008 5391 regioni
3041 5328 3222 5379 statim
3258 5345 3561 5398 cognomen

1996 5409 2215 5464 indidit.
2242 5412 2581 5475 Quibusdam
2612 5413 2948 5479 dicentibus,
2982 5420 3390 5474 incommodum
3415 5440 3561 5489 esse,

1994 5504 2140 5572 quod
2202 5503 2490 5557 Novatiani
2557 5506 2697 5560 intra
2764 5508 2954 5561 urbem
3025 5510 3561 5583 Constantinopolim

1994 5607 2298 5652 conventus
2359 5608 2580 5667 agerent
2633 5617 2646 5653 :
2699 5600 2956 5671 lgnorare
3002 5604 3298 5668 videmini,
3359 5608 3559 5676 inquit,

1994 5707 2114 5762 qua:
2160 5692 2263 5745 sub
2303 5692 2629 5747 Constantio
2681 5704 2735 5746 et
2775 5695 3003 5751 Valente
3051 5699 3293 5767 perpessi
3344 5716 3556 5755 sumus.

1996 5786 2264 5839 Pnctcrea
2298 5802 2429 5839 vero
2463 5796 2626 5840 testes
2671 5788 2745 5841 ibi
2784 5789 2942 5843 nobis
2987 5799 3116 5843 sunt
3148 5790 3273 5846 lidei
3306 5809 3556 5849 vemens.

1991 5876 2124 5932 Cum
2151 5882 2295 5935 cnim
2324 5880 2645 5950 jamdudum
2679 5881 2746 5934 ab
2777 5882 3020 5937 Ecclesia
3058 5885 3346 5940 universali
3377 5900 3560 5941 seces-
