4250 6440
713 397 766 465 2.1
784 402 851 467 39

1927 418 2316 479 NlCEPilOf-l

2393 423 2741 484 CALLISTI
3827 425 3892 487 11
3907 425 3977 487 if;

712 504 1106 585 Theophilum,
1141 522 1195 575 in
1240 523 1568 580 confusione
1602 538 1660 582 et
1697 531 1854 585 turba
1902 550 1930 587 a
1961 536 2162 590 Grazcre
2194 555 2292 592 suo
2325 547 2364 599 Α

2325 547 2364 599 Α
2398 541 2572 611 βραχὺ
2622 543 2910 611 ἀκριϐείας
2953 543 3424 612 προτετιμηκότα.
3451 544 3518 596 Al
3573 544 3682 613 γὰρ
3715 544 3780 610 δὴ
3819 547 3978 612 μέγι-

709 610 1052 678 perstitionis
1096 614 1366 671 studiosis
1413 619 1676 683 excitata,
1722 633 1970 679 exactam
2017 627 2082 682 ad
2120 629 2287 683 breve

711 711 930 770 tempus
964 704 1408 763 observationem
1447 712 1565 779 paci
1600 713 2009 782 posthabuisse.
2043 719 2289 775 Maximaa

710 792 858 845 enim
885 808 1118 863 quasque
1147 798 1316 853 urbes
1349 803 1540 871 pelago
1568 803 1830 862 fluctibus
1866 811 2138 879 exagitata
2167 829 2291 883 per-

712 885 942 951 similes,
1000 903 1066 942 ex
1117 895 1390 948 sententia
1447 897 1691 962 civium,
1747 916 1858 955 non
1920 914 2025 958 tarn
2073 922 2287 962 summa

712 977 892 1046 legum
921 989 979 1034 et
1008 985 1473 1041 constitutionutn
1503 990 1909 1060 observatione,
1937 1014 2098 1067 quam
2127 1017 2291 1072 expc-

712 1068 1007 1126 ditissimis
1059 1075 1308 1131 consiliis
1367 1087 1530 1148 atque
1578 1082 1822 1152 judiciis,
1870 1087 1935 1140 ad
1989 1068 2290 1158 pacem—ct

713 1165 1064 1219 concordiam
1120 1167 1476 1234 facientibus,
1533 1176 1645 1243 regi
1692 1185 1859 1246 atque
1911 1182 2286 1240 administrari

713 1255 913 1308 solent.
949 1255 1064 1322 Qua
1103 1275 1234 1313 vero
1276 1266 1340 1316 dc
1367 1280 1530 1319 causa
1565 1268 1780 1322 litteras
1826 1272 1990 1327 hasce
2025 1277 2288 1336 scribam.

712 1347 926 1414 accipe.
978 1351 1141 1405 Novit
1182 1356 1444 1411 sanctitas
1484 1370 1595 1422 tua,
1653 1378 1715 1415 ac
1764 1366 1947 1431 potius
2000 1368 2109 1423 illis
2160 1371 2292 1438 ipsis

714 1441 892 1494 oculis
937 1442 1204 1505 intuetur,
1241 1451 1441 1516 quibus
1473 1453 1564 1521 qtti
1613 1454 1666 1507 in
1716 1459 1921 1513 sanctis
1971 1473 2074 1520 cst,
2132 1461 2292 1516 Pater

719 1542 906 1586 noster
937 1533 1304 1606 Tchpbilus,
1357 1547 1663 1614 conspexit,
1696 1551 1875 1617 qualis
1909 1562 1964 1603 et
1996 1569 2160 1622 quam
2211 1556 2292 1608 in-

715 1641 851 1691 gens
881 1629 1063 1690 turba,
1101 1648 1348 1699 magnam
1380 1638 1517 1692 hanc
1551 1643 1815 1697 invaserit
1849 1645 2038 1699 urbem
2075 1668 2086 1700 :
2127 1661 2291 1718 atque

717 1727 777 1770 ιιι
803 1718 853 1770 in
884 1734 948 1773 ea
989 1726 1232 1779 sanctior
1269 1729 1403 1783 fides
1438 1741 1492 1785 et
1525 1735 1719 1808 pietas,
1757 1752 1824 1790 ne
1856 1739 2104 1794 funditus
2131 1758 2295 1796 erue-

714 1820 891 1870 rctur.
928 1815 1232 1881 periclitata
1261 1822 1371 1874 sit:
1397 1824 1536 1878 adeo
1555 1827 1716 1880 etiam
1742 1833 2056 1900 utpopulns
2087 1835 2290 1905 majore

715 1919 783 1957 ex
808 1917 965 1973 parte
994 1923 1094 1977 per
1127 1909 1419 1969 factionem
1468 1919 1696 1983 scissus,
1741 1935 1893 1978 extra
1929 1941 2117 1981 muros
2161 1945 2292 1984 con-
2323 1910 2364 1966 Β

715 2007 916 2053 ventus
948 2004 1120 2069 eget-it
1161 2021 1176 2057 :
1219 2015 1276 2059 et
1309 2009 1560 2078 plerique
1616 2017 1939 2071 sacerdotes
1980 2028 2035 2072 et
2072 2020 2292 2091 collega:

717 2089 895 2142 nostri
923 2091 1188 2161 episcopi,
1213 2111 1242 2148 a
1268 2108 1459 2152 mutua
1485 2104 1874 2159 communione
1899 2089 2290 2176 desciscentes,

720 2180 920 2235 bonam
950 2184 1345 2252 plantationem
1396 2191 1608 2246 Domini
1658 2195 1786 2249 Jesu
1825 2196 2071 2262 Christi,
2098 2216 2291 2269 parum

718 2273 1034 2346 abestquin
1079 2281 1400 2347 evulserint,
1451 2288 1602 2355 pacis
1645 2291 2033 2346 commoditate
2083 2294 2294 2348 scilicet

727 2367 1130 2437 aliquantulum
1182 2373 1469 2433 distracta.
1527 2379 1784 2433 Sedenim
1825 2383 1998 2436 multo
2038 2399 2169 2437 sane
2209 2385 2291 2437 la-

719 2461 878 2526 bore,
924 2465 1097 2518 multo
1149 2467 1372 2530 sudore,
1407 2479 1464 2524 et
1493 2473 1755 2540 periculis
1806 2477 1995 2530 multis
2027 2478 2291 2545 despera-

718 2554 884 2609 tionis
915 2557 1109 2625 plenis,
1147 2561 1376 2627 plurima
1409 2573 1462 2616 et
1497 2566 1732 2619 maxima
1770 2584 2002 2638 quaeque
2047 2585 2294 2625 commu-

718 2648 872 2701 nium
923 2651 1146 2704 Patrum
1195 2668 1507 2710 nostrorum
1537 2669 1700 2728 atque
1731 2663 1897 2714 etiam
1939 2663 2158 2732 pietatis
2190 2675 2294 2718 tuae

721 2741 978 2808 precibus
1033 2759 1088 2798 et
1137 2749 1545 2817 conspiratione
1607 2756 1782 2822 sopita
1832 2765 1961 2809 sunt
1998 2758 2166 2829 niala.
2228 2757 2295 2811 Et

720 2834 884 2888 turba
930 2837 1150 2905 quidem
1187 2840 1277 2895 illa
1328 2843 1668 2913 conquievit,
1723 2849 2016 2902 concordia
2072 2865 2204 2904 vero
2239 2863 2294 2905 et

719 2941 913 2980 serena
947 2933 1315 2999 tranquillitas
1341 2936 1394 2987 in
1427 2936 1579 2991 orbis
1607 2937 1846 2993 universi
1875 2943 2124 2996 ecclesiis
2153 2943 2296 2997 obti-

720 3027 835 3071 net.
873 3017 1006 3072 Cum
1045 3037 1173 3075 vero
1204 3027 1454 3080 nonnulli
1490 3044 1689 3084 nomen
1718 3039 1929 3085 tantum
1960 3033 2102 3088 beati
2125 3033 2295 3088 Joan-

720 3110 809 3163 nis
839 3114 1085 3182 mysticis
1117 3115 1316 3172 tabulis
1344 3119 1574 3175 inscribi
1601 3123 1824 3187 vellent,
1857 3124 2054 3179 beatus
2078 3130 2294 3196 episco-

2394 651 2512 686 σται
2556 635 2667 686 τῶν
2702 635 2913 686 πόλεων
2961 637 3380 706 κυμαινομένης
3413 636 3694 705 θαλάσσης
3728 637 3979 706 κύμασιν

2391 727 2668 786 ἐοικυῖαι,
2717 726 2860 778 κατα
2911 727 3009 788 τὰς
3051 726 3280 794 γνώμας
3337 727 3449 780 τῶν
3491 728 3800 796 οἰκητόρων
3831 766 3846 787 ,
3911 729 3974 778 οὐ

2389 820 2643 872 τοσοῦτον
2675 820 2864 885 νόμοις
2898 821 2992 872 καὶ
3028 821 3340 884 διατάξεσιν
3373 821 3626 891 ἀκριϐέσι
3678 822 3970 889 πεφύκασι

2391 912 2680 965 πείθεσθαι
2708 955 2722 974 ,
2779 914 2903 965 ὅσον
2933 915 3276 982 διακρίσεσιν
3310 916 3820 982 εὐμεταχειρίστοις
3853 914 3975 982 βλεο

2391 1008 2622 1060 πούσαιε
2654 1007 2791 1075 πρὸς
2817 1007 3048 1078 είρήνην
3085 1007 3182 1060 καὶ
3218 1007 3553 1075 σύμπνοιαν.
3583 1009 3748 1060 Ὀτου
3781 1008 3837 1059 δὲ
3877 1008 3975 1076 χά-

2393 1116 2479 1167 ριν
2523 1099 2792 1170 ἐκτίθημι
2821 1099 2990 1152 ταῦτα
3023 1101 3089 1152 τὰ
3121 1101 3450 1169 γράμματα,
3487 1099 3755 1166 μάνθανε.
3790 1101 3977 1164 Ἐγνω

2395 1213 2500 1247 που
2534 1196 2751 1247 πάντως
2786 1196 2816 1262 ἡ
2862 1195 2929 1264 σὴ
2957 1195 3196 1261 ὁσιότης,
3231 1196 3435 1262 μᾶλλον
3466 1195 3520 1247 δέ
3569 1194 3830 1246 τεθέαται
3862 1197 3974 1256 τνῖς

2390 1286 2689 1353 ὀφθαλμοῖς
2720 1284 2951 1344 ἐκείνοις
3001 1282 3201 1354 οἷσπερ
3246 1282 3393 1337 οἶδεν
3428 1289 3456 1339 ὁ
3486 1288 3544 1336 ἐν
3575 1287 3754 1353 ἁγίοις
3786 1287 3977 1353 Πατὴρ

2392 1375 2549 1443 ἡμῶν
2579 1378 2604 1427 ό
2635 1375 2916 1441 Θεόςιλος,
2945 1375 3034 1426 οἵα
3061 1375 3154 1427 καὶ
3177 1377 3278 1444 ὅση
3310 1369 3527 1444 ταραχὴ
3557 1375 3832 1428 κατέλαϐε
3876 1375 3976 1441 τὴν

2392 1468 2790 1537 Μεγαλόπολινο
2822 1470 2918 1520 καὶ
2948 1469 3096 1529 ὅπως
3123 1471 3185 1521 ἐκ
3214 1469 3323 1521 τῶν
3367 1469 3588 1538 βάθρων
3621 1468 3804 1519 αὐτῶν
3832 1471 3980 1518 ἐκιν-

2391 1561 2648 1613 δύνευσεν
2704 1564 2737 1630 ή
2792 1561 3023 1632 εὐσεϐὴς
3077 1561 3258 1624 πίστις
3313 1561 3792 1629 κατασεισθῆναισ
3831 1560 3976 1610 ὥστε

2394 1655 2487 1708 καὶ
2513 1654 2673 1706 αὐτὸν
2693 1655 2786 1706 τὸν
2815 1653 2953 1706 λεὼν
2983 1654 3265 1723 τμηθέντα
3292 1654 3370 1724 τῷ
3403 1655 3609 1706 πλείονι
3650 1655 3832 1723 μέρει,
3867 1653 3977 1704 τῶν

2395 1746 2589 1815 τειχῶν
2640 1745 2797 1807 ἐκτὸς
2833 1746 3323 1814 συναθροίζεσθαι,
3377 1749 3473 1799 καὶ
3523 1748 3651 1808 τοὺς
3695 1746 3879 1814 ίερέας
3914 1761 3977 1795 τε

2397 1841 2492 1889 καὶ
2519 1839 2960 1902 συνεπισκόπους
2990 1840 3387 1910 ἀπορραγῆναι
3415 1841 3513 1907 τῆς
3548 1838 3684 1907 πρὸς
3707 1838 3976 1904 ἀλλήλους

2395 1929 2704 1992 κοινωνίας,
2734 1929 2833 2000 τὴν
2862 1931 3077 1998 ἀγαθὴν
3114 1932 3342 1999 φυτείαν
3376 1931 3472 1984 τοῦ
3521 1932 3800 1983 Δεσπότου
3834 1927 3974 1996 Χρι-

2397 2022 2547 2084 στοῦ,
2581 2023 2640 2074 τὸ
2683 2024 2783 2091 τῆς
2815 2024 3041 2092 είρήνης
3094 2024 3242 2090 λέγω
3271 2024 3462 2087 καλὸν,
3499 2023 3700 2092 μικροῦ
3733 2021 3974 2073 διασπά-

2396 2128 2618 2172 σαντας.
2655 2114 2861 2180 Διόπερ
2905 2113 3088 2182 πολλῷ
3121 2114 3224 2180 μὲν
3263 2115 3431 2182 πόνῳ,
3468 2114 3656 2182 πολλῷ
3689 2113 3744 2165 δὲ
3783 2111 3975 2182 ίδρὼτι

2394 2205 2490 2256 καὶ
2529 2204 2797 2265 κινδύνοις
2835 2207 3098 2272 γέμουσιν
3138 2206 3505 2273 ἀπογνώσεως
3563 2206 3629 2258 τὰ
3675 2205 3846 2257 πλείω
3878 2206 3978 2255 καὶ

2395 2292 2770 2362 προτιμότερα
2799 2335 2813 2356 ,
2852 2297 3189 2362 προσευχαῖς
3246 2311 3307 2346 τε
3359 2297 3456 2346 καὶ
3485 2295 3816 2364 συμπνοίαις
3862 2293 3978 2345 τῶν

2395 2383 2588 2435 κοινῶν
2624 2383 2882 2453 Πατέρων
2925 2385 3104 2454 ἡμῶν,
3140 2384 3221 2436 ἔτι
3271 2401 3332 2451 γε
3371 2383 3478 2454 μὴν
3512 2383 3612 2437 καὶ
3656 2384 3753 2452 τῆς
3785 2384 3975 2436 θεοσε-

2396 2475 2570 2538 ϐείας,
2604 2475 2786 2546 ἐκείνη
2839 2477 2937 2546 μὲν
2979 2479 3360 2545 κατηυνάσθη·
3401 2478 3629 2545 ὁμόνοια
3657 2476 3834 2528 δὲκαὶ
3870 2492 3977 2542 γι-

2396 2567 2532 2634 λὴνη
2556 2569 2776 2638 κατέχει
2808 2569 2904 2630 τὰς
2949 2568 3095 2622 κατᾶ
3142 2571 3243 2640 τὴν
3273 2571 3602 2638 οἰκουμένην
3649 2569 3975 2638 ἐκκλησίας.

2407 2661 2630 2728 Ἐπειδὴ
2675 2662 2731 2712 δέ
2770 2678 2917 2724 τινες
2967 2661 3069 2731 τὴν
3122 2664 3507 2732 προσηγορίαν
3540 2661 3702 2730 μόνον
3736 2662 3830 2713 τοῦ
3869 2679 3980 2728 μα-

2395 2751 2588 2819 καρίου
2616 2751 2872 2804 Ἰωάννου
2927 2755 3046 2815 ταῖς
3102 2756 3395 2821 μυστικαῖς
3450 2754 3661 2815 δέλτοις
3691 2754 3980 2822 γραφῆναι

2396 2842 2695 2912 ἠθέλησαν
2735 2844 2876 2896 ὥστε
2911 2845 3005 2897 καὶ
3037 2845 3128 2897 τὸν
3186 2846 3460 2915 μακάριον
3493 2847 3793 2898 ἐπίσκοπον
3826 2844 3986 2897 Ἀλέ-

2399 2935 2645 3004 ξανδρον,
2681 2937 2773 2988 τὶν
2804 2936 2903 3006 τῆς
2955 2936 3299 3007 Ἀντιοχείας
3363 2939 3526 3007 φημὶ,
3576 2938 3877 2990 ἐπιστάντα
3907 2942 3977 3005 τῇ

2398 3024 2802 3091 Μεγαλοπόλει,
2836 3025 3010 3080 πολλὰ
3061 3026 3537 3096 θρασυστομῆσαι,
3578 3027 3752 3079 πολλά
3798 3026 3854 3078 δέ
3886 3027 3981 3076 καὶ

2398 3116 2524 3178 τοὺς
2553 3114 2710 3178 λαοὺς
2735 3118 3024 3187 ἐπεγεῖραι
3061 3117 3306 3186 θελῆσαι·
3342 3117 3484 3170 ὥστε
3528 3118 3624 3169 καὶ
3673 3117 3748 3187 μὴ
3788 3115 3984 3185 βουλο·

721 3219 824 3306 pus
878 3206 1213 3306 Alexander,
1267 3211 1672 3268 Antiochenam
1733 3217 1896 3270 istum
1946 3219 2092 3285 dico,
2129 3219 2292 3290 492
2325 3256 2363 3306 C

2325 3256 2362 3306 Γ
2401 3208 2582 3275 μένων
2609 3209 2764 3277 ἡμῶν
2796 3211 3109 3278 ἀναγκάσαι
3143 3211 3423 3281 γραφῆναι
3453 3211 3514 3264 τὸ
3537 3209 3633 3262 τοῦ
3667 3225 3981 3280 μνημονευ-

721 3298 1256 3370 Constantinopolim
1313 3304 1495 3368 venit,
1528 3315 1595 3374 et
1629 3309 1798 3362 multa
1838 3324 1931 3364 ore
1987 3310 2289 3366 confidenti
2326 3292 2363 3307 υ

2326 3292 2363 3307 ”
2400 3300 2584 3362 θέντος
2620 3301 2812 3372 ὄνομα.
2851 3302 3034 3373 ’Λπερ
3075 3305 3213 3372 μετά
3264 3301 3555 3371 ἀκριϐείας
3587 3303 3811 3370 ἁπάσης
3849 3301 3981 3368 ἐξη-

721 3391 891 3445 vcrba
948 3393 1078 3447 fecit
1132 3410 1147 3447 :
1193 3397 1664 3469 vehementerque
1720 3402 1962 3457 excitare
2025 3406 2290 3473 populum

722 3483 920 3548 voluit,
957 3495 1016 3539 ut
1059 3487 1141 3540 vel
1179 3488 1335 3543 nobis
1369 3489 1580 3556 invitis,
1627 3497 1940 3548 necessario
1979 3497 2099 3565 ejus
2127 3514 2290 3565 quem

721 3574 1005 3642 diximus,_
1034 3595 1230 3633 nomen
1266 3583 1336 3635 ita
1377 3583 1791 3640 inscriberetur.
1831 3586 2004 3652 Quam
2052 3605 2163 3643 rem
2204 3606 2295 3642 ac-

723 3681 912 3725 curate
945 3690 1170 3741 prorsus
1208 3677 1397 3743 pietati
1433 3687 1558 3741 tnae,
1597 3678 1832 3734 ministri
1871 3681 1966 3735 Dei
1999 3683 2297 3753 religiosis-

723 3765 849 3818 simi
917 3766 1161 3827 diaconi.
1227 3769 1420 3824 Petrus
1477 3781 1533 3824 et
1582 3769 1840 3828 Edesius
1895 3785 2290 3842 exposuerunt.

724 3858 995 3913 I‘rtvtcriit
1058 3872 1273 3931 tempus
1317 3863 1562 3932 longum,
1610 3877 1665 3919 et
1699 3881 1800 3919 nos
1856 3868 2190 3922 necessitate
2231 3882 2295 3922 ea

724 3968 850 4020 quae
896 3969 924 4006 a
966 3955 1223 4023 populari
1277 3972 1460 4009 rerum
1503 3959 1983 4014 administratione
2015 3961 2294 4029 provenit,

725 4044 904 4110 premi
979 4032 1421 4113 incipiebamus,
1486 4062 1666 4116 neque
1739 4057 1922 4101 tamen
1992 4050 2294 4119 quidquam

726 4135 1042 4190 scliismatis
1073 4147 1128 4189 et
1168 4137 1383 4190 dissidii
1433 4137 1696 4207 reliquias
1731 4139 2062 4194 curabamus
2116 4160 2128 4194 :
2175 4157 2300 4196 cum

725 4229 793 4282 ad
825 4243 928 4282 nos
959 4244 1024 4282 ex
1057 4228 1283 4284 Oriente
1320 4231 1410 4284 Dei
1441 4232 1802 4285 antantissimi
1837 4233 2132 4302 episcopus
2160 4236 2298 4288 Aca-

725 4325 847 4376 cius
885 4322 1097 4377 litteras
1142 4322 1318 4386 dedit,
1347 4323 1825 4394 religiosissimum
1858 4325 2158 4380 antistitem
2194 4327 2301 4378 An-

729 4414 948 4468 tiochia:
983 4413 1328 4468 Theodotum
1357 4431 1385 4468 a
1415 4416 1640 4484 populo,
1675 4425 1731 4469 ut
1764 4431 1962 4470 nomen
1993 4417 2220 4472 Joannis
2246 4420 2299 4472 in

726 4523 914 4562 sacras
951 4508 1168 4563 tabulas
1215 4509 1468 4571 referret,
1518 4521 1772 4563 coactum
1810 4525 1953 4575 esse,
1992 4521 2052 4565 ut
2087 4513 2302 4567 veniam

2395 3394 2637 3461 γήσαντό
2675 3409 2778 3445 που
2827 3395 3047 3453 πάντως
3085 3397 3151 3463 τῇ
3199 3397 3263 3462 σῇ
3297 3394 3582 3463 θεοσεϐείᾳ
3631 3396 3679 3444 οί
3713 3393 3805 3445 τοῦ
3838 3391 3982 3444 Θεοῦ

2396 3485 2570 3538 δοῦλοι
2620 3486 3001 3540 εὐλαϐέστατοι
3034 3487 3272 3541 διάκονοι
3331 3489 3538 3556 Πέτρος
3571 3488 3668 3538 καὶ
3709 3486 3982 3546 Αἰδέσιος.

2398 3579 2606 3644 Χρόνου
2638 3582 2694 3634 δὲ
2729 3581 2924 3633 πολλοῦ
2970 3581 3438 3651 παρεληλυθότος,
3476 3583 3570 3632 καὶ
3595 3581 3758 3648 ἡμῶν
3785 3583 3987 3647 βιασα-

2403 3676 2579 3746 μένων
2615 3674 2713 3742 τὴν
2764 3677 2828 3726 ἐκ
2873 3674 2969 3744 τῆς
2997 3675 3374 3743 δημοκρατίας
3408 3673 3680 3742 ἀνάγκην,
3719 3675 3810 3726 καὶ
3840 3676 3986 3726 κατὰ

2402 3765 2569 3834 μηδὲν
2592 3766 3066 3834 ἐπιστρεφομένων
3101 3767 3236 3833 πρὸς
3256 3766 3316 3818 τὸ
3345 3766 3441 3817 τοῦ
3473 3767 3772 3833 σχίσματος
3793 3765 3976 3831 λείψα-

2401 3877 2511 3923 νον,
2561 3858 2840 3926 γέγραφεν
2887 3858 3021 3927 ὴμῖν
3062 3859 3124 3909 ἐκ
3155 3857 3252 3927 τῆς
3294 3855 3472 3926 Ἐῴας
3499 3860 3527 3909 ὁ
3558 3857 3984 3925 θεοφιλέστατος

2403 3955 2700 4015 ἐπίσκοπος
2754 3952 3040 4017 Ἀκάκιος,
3089 3953 3183 4003 τὸν
3228 3953 3626 4004 εὐλαϐέστατον
3676 3952 3985 4003 ἐπίσκοπον

2401 4046 2499 4112 τῆς
2547 4043 2875 4114 Ἀντιοχείας
2934 4044 3189 4096 Θεόδοτον
3245 4043 3766 4112 συναναγκασθῆναι
3828 4045 3987 4109 παρὰ

2402 4140 2512 4190 τῶν
2552 4137 2738 4204 δήμων
2766 4137 2866 4205 τὴν
2898 4137 3275 4208 προσηγορίαν
3319 4137 3572 4189 Ἰωάννου
3606 4138 3852 4206 γράψαι·
3887 4139 3987 4188 καὶ

2403 4233 2585 4302 ᾐτεῖτο
2619 4233 2921 4298 συγγνώμη
2952 4232 3104 4298 ἡμᾶς
3142 4231 3448 4298 παρασχεῖν
3477 4229 3557 4297 τῷ
3596 4230 3702 4282 aut
3735 4230 3986 4295 ἀνάγκης

2404 4326 2562 4376 τοὶτο
2596 4323 2981 4391 πεποιηκέναι·
3010 4323 3100 4375 ὅτε
3132 4324 3384 4389 γενναῖος
3415 4323 3628 4383 ἐκεῖνος
3665 4323 3774 4372 τῶν
3798 4338 3990 4390 γραμ-

2409 4417 2596 4485 μάτων
2636 4416 2994 4484 διακομιστὴς
3027 4413 3400 4485 πρεσϐύτερος
3430 4413 3569 4482 ἔφθη
3605 4417 3987 4482 κατασπεῖραι

2406 4512 2500 4563 τὶν
2529 4509 2686 4576 λόγον
2717 4507 2796 4578 τῷ
2840 4508 3038 4576 πλήθει
3069 4506 3166 4576 τῆς
3205 4506 3632 4573 Μεγαλοπόλεως
3655 4546 3670 4568 ,
3706 4507 3807 4573 τῆς
3851 4507 3990 4558 ὐπο-

728 4603 807 4655 rei
842 4601 893 4655 ei
921 4617 1085 4671 quam
1117 4602 1445 4656 necessitate
1476 4602 1567 4656 ille
1585 4602 2108 4664 adductusfecissct,
2137 4605 2299 4660 dare-
2327 4607 2378 4665 D

2327 4607 2378 4665 Ι)
2408 4602 2610 4663 θέσεως
2647 4600 2811 4669 χάριν
2850 4596 2918 4668 ἧς
2971 4599 3230 4666 ἀφίκετοο
3275 4599 3366 4650 τόν
3412 4615 3471 4650 τε
3521 4597 3645 4650 νοῦν
3696 4597 3808 4649 τῶν
3847 4602 3988 4667 πρ’ς

728 4711 873 4760 nius,
909 4707 1121 4765 petens.
1158 4696 1227 4750 Et
1263 4705 1374 4749 tum
1409 4695 1587 4750 bonus
1615 4697 1706 4750 ille
1735 4698 1826 4766 qui
1859 4698 2072 4752 litteras
2100 4700 2166 4752 ad
2205 4715 2304 4754 nos

727 4789 961 4856 pertulit
995 4788 1303 4858 presbyter,
1345 4803 1565 4841 causam
1599 4790 1868 4844 adventus
1900 4792 1983 4845 sui
2029 4792 2301 4857 indicans,

729 4894 846 4932 rem
899 4879 1040 4932 hanc
1094 4879 1149 4932 in
1191 4879 1384 4948 vulgus
1423 4895 1632 4949 magna:
1690 4879 1844 4933 urbis
1885 4881 2212 4948 propalavit,
2249 4890 2304 4934 et

731 4973 1061 5025 sententiam
1093 4972 1231 5025 data:
1261 4974 1328 5025 ad
1363 4989 1462 5026 nos
1499 4974 1743 5043 epistol:e
1775 4974 1980 5044 populo
2011 4975 2251 5045 vulgavit
2288 4991 2302 5028 :

730 5066 870 5120 adeo
905 5076 962 5119 ut
999 5081 1188 5133 parum
1228 5065 1488 5127 abfuerit,
1526 5066 1657 5133 quin
1699 5069 1935 5121 tumultu
1977 5068 2153 5136 plebis
2186 5069 2307 5122 uni-

730 5175 905 5213 versae
945 5160 1075 5213 nrbs
1118 5160 1328 5228 repleta
1376 5160 1468 5212 sit.
1513 5160 1590 5214 lbi
1641 5177 1772 5214 vero
1804 5177 1927 5230 ego,
1972 5162 2048 5215 ibi
2084 5163 2303 5216 demum

732 5254 1114 5322 perturbatus,
1147 5263 1201 5306 et
1237 5252 1304 5306 de
1333 5253 1500 5306 rebus
1539 5254 1793 5308 maximis
1824 5254 2121 5308 discrimen
2151 5271 2302 5309 sum-

734 5361 882 5399 mum
915 5346 1147 5410 veritus,
1177 5347 1484 5414 piissimum
1514 5346 1902 5415 imperatorem
1931 5347 2061 5409 adii,
2099 5355 2155 5401 et
2181 5363 2304 5401 cum

732 5456 800 5494 co
836 5442 904 5492 de
951 5455 1084 5507 pace
1134 5448 1192 5492 et
1226 5439 1528 5506 tranquillo
1561 5453 1744 5491 rerum
1781 5447 1922 5491 statu
1971 5437 2079 5506 egi.
2130 5439 2308 5507 Atque

734 5534 824 5585 ille
863 5532 997 5585 nihil
1045 5547 1169 5586 esse
1211 5531 1438 5599 periculi
1496 5540 1588 5584 aut
1633 5530 1963 5584 incommodi
1999 5531 2306 5599 respondit,

734 5625 778 5675 si
834 5623 1083 5678 defuncti
1129 5623 1232 5677 viri
1297 5638 1521 5682 nomen,
1579 5621 2014 5690 tranquillitatis,
2068 5621 2218 5691 pacis
2253 5631 2309 5674 et

735 5719 926 5786 populi
975 5716 1289 5780 concordia:
1326 5717 1500 5785 gratia
1533 5713 1954 5768 inscriberetur.
1987 5713 2177 5781 itaque
2206 5728 2308 5782 ego

734 5828 797 5865 ca
837 5826 893 5865 re
937 5827 1249 5880 persuasus,
1283 5809 1584 5878 (quomodo
1621 5807 1769 5861 enim
1803 5805 2128 5860 necessitate
2174 5821 2311 5875 pra:-

739 5910 935 5955 vctttus
979 5901 1030 5956 id
1070 5916 1181 5955 non
1219 5899 1512 5967 facerem?)
1554 5914 1621 5951 ne
1657 5896 1940 5966 religionis
1981 5905 2180 5950 nostra:
2223 5911 2310 5949 res

2408 4694 2556 4760 ἡμᾶς
2604 4691 2956 4760 γραμμάτων
3004 4688 3409 4758 διεπόρθμευσε
3465 4692 3580 4750 τοῖς
3638 4689 3811 4753 λαοῖς,
3842 4690 3988 4740 ὣστε

2410 4781 2728 4851 συγχύσεως
2769 4779 2968 4850 μικροῦ
3018 4782 3130 4833 δεῖν
3179 4781 3272 4833 τὸν
3324 4781 3484 4850 ὄχλον
3523 4781 3702 4834 πάντα
3738 4782 3993 4850 ἀναπλη-

2411 4874 2621 4942 σθῆναι.
2650 4873 2785 4925 Τότε
2810 4873 2896 4943 δὴ,
2926 4871 3045 4924 τότε
3075 4870 3400 4942 θορυϐηθεὶς
3431 4872 3566 4939 ἐγὼ,
3595 4873 3694 4925 καὶ
3724 4873 3820 4924 τὸν
3843 4874 3990 4940 ὑπὲρ

2408 4966 2516 5019 τῶν
2556 4966 2830 5033 μεγίστων
2879 4965 3128 5016 κίνδυνον
3179 4964 3558 5028 ὑποπτεύσας.
3607 4968 3704 5019 καὶ
3734 4968 3865 5034 περὶ
3895 4967 3990 5017 τὶν

2410 5059 2806 5111 εὐσεϐέστατον
2838 5057 3067 5126 βασιλέα
3097 5057 3414 5126 γενόμενος,
3446 5060 3581 5127 περὶ
3623 5057 3727 5125 τῆς
3760 5059 3992 5128 είρήνης

2411 5152 2506 5202 καὶ
2560 5149 2660 5218 τῆς
2696 5149 3022 5209 εὐσταθείας
3075 5148 3380 5218 ἐποιούμην
3421 5137 3528 5201 ’τὸν
3587 5148 3768 5214 λόγον.
3818 5149 3878 5201 Ὀ
3934 5151 3991 5202 δὲ

2411 5244 2746 5313 ἁπεκρίνατο
2803 5242 2970 5311 μηδὲν
3028 5236 3171 5293 εἶναι
3207 5240 3404 5310 βλάϐος
3445 5241 3685 5312 γράφειν
3711 5240 3993 5308 ἀπεληλυο

2412 5338 2564 5400 οότος
2593 5336 2785 5406 ἀνδρὸς
2820 5335 2996 5404 ὄνομα
3043 5332 3186 5402 ὑπὲρ
3239 5333 3337 5401 τῆς
3389 5332 3714 5394 εὐσταθείας
3761 5333 3857 5384 καὶ
3889 5334 3993 5398 τῆς

2411 5432 2520 5484 τῶν
2549 5429 2697 5482 λαῶν
2729 5426 2988 5497 ὁμονοίας
3030 5441 3087 5477 τε
3119 5427 3214 5479 καὶ
3242 5425 3491 5494 είρήνης.
3525 5425 3637 5478 Καὶ
3665 5424 3853 5476 τοίνυν
3879 5425 3995 5489 ἐγὼ

2413 5524 2627 5583 τούτοις
2679 5518 2951 5581 πεισθεὶς,
3009 5517 3105 5569 καὶ
3162 5517 3279 5581 πῶς
3319 5517 3428 5587 γὰρ
3459 5517 3558 5568 οὐκ
3589 5515 3821 5582 ἔμελλον
3858 5533 3996 5584 προσ

2413 5617 2623 5683 φθάσας
2657 5611 2757 5681 τὴν
2788 5612 3078 5679 ἁνάγκηνς
3111 5609 3253 5662 ὥστε
3308 5610 3382 5680 μὴ
3438 5609 3696 5676 γενέσθαι
3736 5610 3809 5661 τὰ
3859 5610 3993 5661 καθ’

2415 5711 2560 5778 ἡμᾶς
2592 5705 2920 5761 ἀκολουθίαν
2965 5704 3059 5757 τοῦ
3096 5704 3359 5774 πλήθους,
3392 5706 3532 5774 μήτε
3569 5702 3675 5774 μὴν
3707 5703 3995 5772 ἐθισθῆναι

2415 5810 2492 5866 εἰς
2519 5800 2900 5872 δημοκρατίαν
2933 5800 3031 5868 τὴν
3061 5796 3236 5851 πόλιν
3275 5798 3554 5866 γραφῆναι
3585 5796 3995 5866 παρεσκεύασα

2415 5895 2514 5965 τὴν
2556 5893 2956 5964 προσηγορίανο
2992 5891 3166 5955 οὐδὲν,
3199 5891 3274 5954 ὡς
3309 5887 3491 5962 οἶμαι,
3528 5890 3651 5944 οὔτε
3679 5889 3761 5953 εἰς
3794 5889 3996 5950 αὐτοὺς
