4250 6440
322 389 468 456 11-51-
1244 400 1835 463 ECCLESIASTlC/E
1877 402 1939 461 Ill

1996 400 2259 462 lTORI/E
2299 402 2450 465 LIB.
2491 401 2646 464 XIV.
3428 399 3582 463 1112-

319 512 448 575 τοὺς
476 513 709 577 κανόνας
748 498 1123 586 ἡμαρτηκὼς(
1144 519 1269 573 οὒτε
1316 520 1422 590 μὴν
1465 524 1529 592 τῇ
1560 522 1746 590 κρίσει
1780 522 1888 574 τῶν
1918 524 1939 578 Δ

1996 535 2055 574 ex
2113 520 2484 575 multitudinis
2523 520 2776 585 arbitrio,
2831 519 3083 589 exemplo
3131 533 3238 573 uno
3274 518 3561 588 permisso,

322 603 585 669 Πατέρων
627 603 1128 677 διαλυμηνάμενος.
1162 609 1575 680 Μνημονεύεται
1611 614 1891 682 γάρ’μετά

1996 614 2335 680 penderem.
2391 628 2529 667 neve
2570 614 2764 668 urbem
2812 614 2982 683 ipsam
3037 611 3282 683 populari
3332 611 3570 665 admini-

322 694 436 746 τῶν
460 696 883 765 ἀπεληλυθότων
928 702 989 753 οὑ
1042 703 1205 768 μόνον
1240 707 1590 766 ἐπισκόπων.
1621 707 1756 760 ἀλλὰ
1795 707 1891 760 καὶ

322 788 741 859 πρεσϐυτέρων.
768 795 863 845 καὶ
886 793 1170 860 διακόνων,
1201 800 1295 851 καὶ
1318 798 1543 864 λαῖκῶν,
1569 792 1665 853 καὶ
1701 817 1890 868 γυναι-

322 882 457 933 κῶν·
502 884 641 953 πρὸς
689 884 781 946 οὓς
817 886 1062 952 ἅπαντας
1107 890 1206 943 οὐκ
1254 892 1405 945 ἔστιν
1455 896 1589 962 ἡμῖν
1633 896 1891 948 κοινωνία

326 975 660 1044 ἱερωσύνης.
690 979 810 1031 οὐδὲ
838 980 1123 1047 μετάδοσις
1150 982 1263 1035 τῶν
1309 985 1403 1037 tu!
1443 987 1538 1053 τῆς
1574 987 1734 1053 ἁγίας
1758 1005 1893 1057 τρα-

324 1066 503 1136 πέζης
549 1072 832 1137 μυστικῶς
880 1076 1241 1142 τελουμένων.
1276 1078 1417 1132 Πολὺ
1467 1080 1575 1150 γὰρ
1629 1081 1691 1133 τὸ
1726 1084 1891 1149 μέσον

324 1157 439 1209 τῶν
469 1159 809 1215 ὑπελθόντων
862 1166 923 1217 τὸ
971 1168 1161 1237 πέρας,
1194 1171 1290 1222 καὶ
1328 1171 1437 1223 τῶν
1490 1172 1571 1224 ἔτι
1616 1173 1759 1242 ὑπὲρ
1788 1178 1892 1242 γῆς

322 1252 727 1327 τυγχανόντων.
762 1254 905 1310 ὥστε
959 1261 1053 1312 καὶ
1088 1262 1517 1332 συνδιαιρεῖσθαι
1546 1265 1644 1329 τάς
1677 1266 1892 1335 βίϐλους

326 1342 467 1407 πρὸς
512 1341 612 1411 τὴν
663 1346 775 1396 τῶν
809 1352 1303 1419 μνημονευομένων
1350 1355 1705 1409 κατάστασιν.
1755 1356 1892 1411 Οὑτε

326 1434 439 1499 γάρ
465 1450 518 1485 τι
546 1433 639 1486 τὸν
672 1436 836 1489 Δαυῖδ
861 1440 1096 1509 εϐλαψεν
1123 1443 1156 1511 ἡ
1193 1443 1409 1512 ἔντιμος
1456 1446 1551 1499 τοῦ
1582 1448 1755 1502 Σαοὺλ
1791 1467 1895 1519 κη-

326 1527 470 1588 δείπι,
502 1526 625 1581 οὔτε
654 1532 781 1589 τοὺς
811 1533 1146 1601 ἀποστόλους
1180 1538 1208 1588 ό
1255 1537 1351 1605 τῆς
1397 1537 1489 1591 τοῦ
1516 1539 1725 1608 Ἀρείου
1770 1545 1901 1596 ἀσε-

327 1619 485 1682 ϐείας
515 1620 713 1684 ὀπαδὸς
752 1622 1027 1691 Εὑδόξιος,
1062 1627 1165 1679 ὑπδ
1203 1628 1263 1681 τὸ
1316 1630 1448 1684 αὑτό
1504 1631 1895 1705 θυσιαστήριον

326 1710 608 1778 κείμενοςο
657 1713 782 1767 οὔτε
820 1717 1085 1780 Παυλί·.ός
1121 1736 1182 1771 τε
1215 1721 1310 1773 καὶ
1344 1722 1633 1791 Εὑάγριος.
1661 1727 1708 1778 oi
1737 1728 1895 1794 γενό-

331 1817 488 1869 μενοι
519 1803 825 1872 ἀρχηγέται
864 1808 957 1859 τοῦ
1009 1808 1309 1879 σχίσματος
1342 1816 1440 1881 τῆς
1489 1816 1547 1866 ὲν
1592 1816 1896 1886 Ἀντιοχείᾳ

327 1894 651 1964 ἐκκλησίας·
687 1898 770 1951 ὅτι
804 1902 940 1967 μετά
974 1902 1225 1966 θάνατον,
1260 1907 1427 1967 πολὺς
1470 1904 1654 1969 ἑξότου
1682 1910 1888 1978 χρόνος,

328 1992 445 2051 τοῖς
479 1995 769 2057 μυστικοῖς
801 1993 1081 2064 διπτύχοις
1106 1997 1191 2050 διὰ
1229 2000 1327 2069 τὴν
1366 2000 1475 2051 τῶν
1503 2001 1646 2054 λαῶν
1673 2003 1898 2073 εἰρήνην

329 2097 393 2133 τε
443 2085 539 2161 καὶ
591 2085 849 2153 ὁμόνοιαν
886 2090 1289 2157 ἐνεγράφησαν.
1347 2092 1549 2162 Διόπερ
1585 2098 1683 2145 καὶ
1733 2094 1899 2153 αὐτὸς

333 2174 594 2228 κέλευσον
637 2179 985 2246 ἐγγραφῆναι
1008 2182 1109 2250 τὴν
1137 2184 1518 2252 προσηγορίαν
1551 2184 1643 2237 τοῦ
1691 2186 1897 2255 ἀπελη-

329 2264 555 2328 λυθότος
585 2269 705 2328 ταῖς
750 2270 872 2321 κατ’
914 2270 1193 2335 Αἴγυπτον
1223 2271 1545 2337 ἐκκλησίαις
1583 2275 1679 2341 τῆς
1714 2274 1898 2325 οἰκου-

333 2361 565 2426 μενικῆς
595 2360 759 2429 χάριν
790 2361 1050 2430 εἰρήνης,
1086 2363 1226 2430 μήτε
1276 2364 1537 2432 Πατέρων
1568 2363 1709 2417 λύων
1740 2365 1897 2418 κανό-

330 2463 451 2511 νας,
480 2453 575 2500 καὶ
600 2450 699 2514 τὴν
730 2449 987 2516 ὁμόνοιαν
1035 2450 1227 2501 πασῶν
1277 2452 1416 2519 ὁμοῦ
1451 2453 1554 2503 τῶν
1590 2454 1899 2522 ἐκκλησιῶν

331 2538 466 2605 περὶ
500 2539 756 2592 πλείστου
809 2540 1158 2608 ποιούμενος.
1194 2541 1321 2595 Ὀτι
1366 2544 1423 2595 δὲ
1477 2546 1571 2596 καὶ
1604 2547 1734 2613 ημῖν
1762 2546 1898 2615 γρά-

329 2631 454 2698 ψεις
500 2634 570 2685 τὰ
617 2634 918 2701 πρέποντα,
956 2636 1483 2705 πεπληροφόρημαι,
1518 2639 1652 2706 πρός
1708 2655 1767 2689 τε
1798 2640 1900 2708 τὴν

329 2724 637 2793 ιμοψυχίαν
676 2725 766 2777 καὶ
795 2727 856 2777 τὸ
901 2728 1077 2779 κοινὸν
1124 2728 1220 2796 τῆς
1260 2729 1619 2799 ἀδελφότητος
1658 2731 1897 2784 ἀποϐλέ-

330 2834 472 2869 πων.
518 2818 709 2870 Πᾶσαν
741 2820 842 2887 τὴν
875 2823 973 2871 σὺν
1008 2820 1093 2873 σοὶ
1129 2822 1471 2890 ἀδελφότητα
1502 2824 1613 2889 ὲγὼ
1649 2841 1703 2875 τε
1727 2827 1818 2875 καὶ
1849 2828 1897 2879 οί

331 2907 433 2958 σὺν
458 2909 585 2977 ἐμοὶ
604 2909 1114 2979 προσαγορεύομεν.
1151 2928 1169 2961 ι
1203 2914 1316 2964 Καὶ
1340 2915 1475 2982 πρὸς
1505 2916 1605 2983 μὲν
1633 2916 1898 2984 Κύριλλον

328 2998 505 3052 ταῦτα
536 3000 799 3068 ἔγραψεν·
832 3001 917 3054 ἔτι
946 3002 1000 3054 δὲ
1028 3004 1344 3071 διερεθίζων
1382 3006 1573 3074 αὐτὴν,
1604 3010 1699 3059 καὶ
1730 3007 1898 3077 ἄλλην

329 3093 472 3160 πρὸς
508 3093 713 3162 Πέτρον
762 3097 856 3148 καὶ
890 3095 1135 3148 Αίδέσιον
1183 3098 1309 3157 τοὺς
1358 3097 1571 3150 ἐκείνου
1615 3100 1898 3163 διακόνους

1993 704 2245 757 strationi
2289 703 2783 768 assuefaceremus,
2818 718 3014 757 nomen
3066 703 3117 756 id
3168 704 3219 757 in
3255 702 3443 757 album
3476 718 3567 757 re-

1991 796 2124 851 ferri
2177 797 2346 866 jussi.
2394 798 2595 863 Quare,
2649 810 2709 853 ut
2760 798 3019 869 equidem
3060 809 3224 866 puto,
3274 812 3451 865 neque
3510 797 3573 850 in

1994 902 2182 943 sacros
2236 903 2481 944 canones
2540 889 2825 952 commisi,
2878 904 3057 958 neque
3085 887 3563 957 judicioPatrttm

1992 979 2240 1035 fraudem
2272 980 2402 1037 feci.
2431 978 2639 1034 Mentio
2658 995 2895 1049 namque
2920 980 3041 1049 ejus
3076 978 3273 1035 litcum
3294 979 3567 1033 defunctis

1992 1088 2102 1128 uon
2156 1075 2334 1129 solum
2376 1073 2676 1143 episcopis,
2710 1074 2805 1129 sed
2840 1082 2895 1127 et
2925 1072 3287 1141 presbyteris,
3322 1071 3568 1126 diacnnis

1992 1176 2049 1220 et
2081 1166 2232 1221 laicis
2261 1166 2416 1237 ipsis.
2456 1167 3052 1235 mulieribusque,cum
3084 1165 3287 1235 quibus
3307 1165 3568 1219 omnibus

1994 1259 2153 1316 nobis
2181 1260 2481 1315 sacerdotii
2512 1260 2852 1317 communio.
2880 1268 2976 1313 attt
3010 1274 3199 1313 carum
3236 1273 3417 1311 rerum
3449 1273 3568 1326 quae

1996 1352 2051 1405 in
2098 1367 2252 1407 sacra
2290 1367 2477 1406 mensa
2516 1354 2741 1423 mystice
2778 1354 3184 1422 percipiuntur,
3218 1349 3566 1423 participatio

1996 1457 2104 1495 non
2137 1451 2241 1497 est.
2275 1442 2463 1512 Magna
2497 1444 2647 1497 enim
2685 1451 2765 1497 cst
2796 1444 2941 1497 inter
2969 1442 3260 1496 defunctos
3289 1450 3346 1497 et
3377 1455 3571 1507 super-

1995 1531 2152 1586 stites
2171 1531 2505 1593 diﬂ‘creutia,
2526 1533 2598 1585 ita
2619 1540 2680 1585 ιιι
2709 1532 2875 1585 etiam
2895 1531 3045 1592 libri,
3062 1539 3289 1599 prapter
3304 1528 3569 1582 differen-

1996 1630 2104 1675 tem
2145 1638 2338 1677 eorum
2374 1639 2610 1692 quorum
2644 1624 2909 1677 memoria
2939 1628 3303 1677 conservatur
3340 1629 3567 1682 statum,

1997 1714 2223 1769 discreti
2268 1715 2401 1771 sint.
2427 1715 2589 1786 493
2626 1715 2777 1769 Nihil
2806 1715 2955 1769 enim
2974 1713 3359 1768 Davidiobfuit
3400 1715 3571 1767 lionno

2000 1808 2150 1863 riﬁca
2184 1809 2337 1863 Sauli
2374 1811 2681 1879 sepultura,
2715 1822 2892 1878 neque
2924 1808 3187 1878 apostolis
3215 1808 3331 1860 Arii
3380 1809 3571 1876 impie-

2003 1900 2129 1954 tatis
2191 1909 2434 1954 sectator
2488 1899 2793 1960 Eudoxius,
2869 1900 2973 1953 sub
3038 1900 3233 1954 eadem
3295 1900 3570 1952 sanctiore

1998 1990 2256 2045 sacrificii
2288 2006 2382 2044 ara
2415 1990 2628 2058 positus
2659 2006 2674 2043 :
2709 2005 2891 2056 neque
2920 1990 3185 2043 Paulinus
3212 1998 3269 2043 et
3304 1989 3571 2057 Evagrins

1999 2083 2280 2146 Ecclesia},
2322 2084 2416 2151 qui
2448 2084 2766 2138 schismatis
2811 2093 2867 2137 et
2907 2082 3119 2136 dissidii
3156 2083 3326 2137 duces
3377 2083 3426 2134 in
3466 2082 3567 2135 Ec-

1999 2174 2168 2227 clesia
2212 2173 2554 2227 Antiocltena
2605 2173 2781 2235 fuere,
2836 2173 2983 2245 quod
3032 2182 3154 2241 post
3189 2173 3423 2234 obitum,
3459 2186 3568 2226 non

1999 2265 2191 2334 paucis
2243 2264 2372 2318 ltinc
2418 2265 2487 2318 ab
2528 2264 2708 2326 annis,
2756 2274 2982 2333 propter
3031 2265 3219 2333 populi
3277 2280 3462 2332 pacem
3514 2277 3571 2319 ct

1999 2358 2352 2412 concordiam
2388 2358 2635 2425 mysticis
2672 2358 2873 2411 tabulis
2902 2366 3032 2410 sunt
3079 2357 3350 2425 inscripti.
3396 2360 3568 2421 Quam

1999 2448 2071 2502 ob
2100 2463 2320 2502 causam
2350 2449 2467 2517 ipse
2495 2464 2718 2517 quoquc
2757 2447 2972 2517 Egypti
3005 2450 3274 2511 ecclesiis,
3309 2448 3572 2502 ecclesia-

2002 2557 2123 2597 rum
2154 2543 2305 2596 orbis
2341 2544 2511 2596 totius
2544 2542 3004 2611 pacificandarnm
3038 2544 3233 2611 gratia,
3279 2552 3338 2596 ut
3368 2543 3571 2598 mortui

2000 2637 2149 2689 illius
2197 2652 2394 2689 nomen
2437 2637 2761 2698 inscribant,
2818 2635 3075 2703 principe.
3129 2635 3206 2688 Ita
3251 2638 3398 2689 enim
3444 2651 3571 2690 cum

2000 2728 2221 2783 Patrum
2258 2744 2497 2783 canones
2540 2744 2650 2782 non
2702 2731 3126 2797 transgrediere,
3160 2739 3272 2782 tum
3308 2732 3573 2785 ecclesia.

1999 2835 2119 2872 rum
2176 2820 2338 2873 simul
2382 2820 2628 2873 omnium
2684 2820 3041 2874 concordiam
3100 2821 3321 2890 plurimi
3379 2821 3585 2875 facies..

2000 2910 2077 2967 Tc
2133 2928 2265 2967 vero
2308 2928 2369 2967 ea
2417 2914 2600 2977 nobis,
2658 2928 2781 2982 qua:
2839 2916 3118 2977 convenit,
3172 2916 3566 2983 rescripturum

1999 3019 2139 3067 esse,
2171 3005 2237 3057 ad
2283 3020 2633 3058 communem
2682 3019 3013 3058 consensum
3064 3016 3120 3059 ct
3169 3006 3568 3061 fraternitatem

2002 3098 2420 3166 respicientem.
2484 3114 2811 3167 persuasum
2870 3099 3068 3153 habeo.
3116 3098 3566 3164 Fraternitatem,

326 3184 650 3250 ἀπέστελλε,
689 3187 816 3240 τάδε
859 3188 1181 3255 διεξιοῦσανσ
1219 3206 1237 3240 ι
1261 3190 1620 3243 Ἐπέσταλται
1677 3192 1776 3260 μὲν
1824 3193 1891 3244 τά
1924 3194 1939 3243 ί

1997 3207 2118 3259 qua:
2151 3202 2327 3245 tecum
2359 3202 2465 3256 est,
2502 3207 2746 3255 omnem,
2796 3206 2897 3261 ego
2926 3192 3133 3261 quique
3168 3208 3382 3246 mecum
3415 3203 3566 3255 sunt,

332 3276 525 3329 εἰκότα
553 3281 691 3347 πρὸς
715 3280 810 3332 τὸν
840 3282 1266 3351 θεοφιλέστατον
1292 3284 1590 3337 ἐπίσκοπον
1629 3287 1718 3336 τὸν
1743 3285 1897 3336 ἁδελ-

330 3372 434 3435 φὸν
482 3371 641 3440 ἡμῶν
700 3373 969 3441 Κύριλλον
1028 3376 1137 3428 τῶν
1192 3377 1502 3445 γενομένων
1552 3378 1743 3429 ἕνεκεν
1798 3378 1894 3444 τῆς

332 3462 712 3531 προσηγορίας
761 3463 1029 3528 Ἰωάννου,
1062 3467 1161 3530 τῆς
1212 3469 1268 3519 ἐν
1300 3470 1413 3531 τοῖς
1450 3468 1729 3537 διπτύχοις
1761 3486 1895 3540 γρα-

332 3554 533 3621 φείσης
579 3557 693 3617 τοῖς
738 3557 1235 3625 ὲκκλησιαστικοῐς.
1279 3562 1447 3613 Οὐδὲν
1494 3562 1551 3614 δὲ
1588 3556 1750 3633 ἦττον
1802 3563 1897 3614 καὶ

327 3647 397 3712 τῇ
437 3645 680 3717 ὑμετέρᾳ
721 3649 919 3717 γράφω
946 3651 1203 3721 εὐλαϐείᾳ
1235 3652 1397 3707 πλέον
1425 3653 1534 3706 τῶν
1572 3655 1750 3708 ἀλλων
1775 3656 1895 3707 ἐπι-

331 3740 578 3810 σταμένῃ
628 3742 695 3793 τά
747 3742 1004 3804 ἐνταῦθα.
1037 3745 1332 3814 εἰρηνικῶς
1388 3763 1449 3798 τε
1494 3746 1592 3816 τὴν
1635 3747 1895 3799 ὑπόθεσιν

331 3832 629 3902 ἀποϐῆναι,
696 3832 775 3902 τῷ
838 3836 1079 3904 μάλιστα
1135 3837 1291 3889 τοῦτο
1339 3838 1511 3903 δόξαι,
1546 3840 1896 3909 προηγουμές

331 3940 441 3986 νως
482 3924 580 3991 μὲν
626 3928 742 3989 τοῖς
794 3928 1217 3992 εύσεϐεστάτοις
1249 3929 1583 4002 βασιλεῦσιν,
1619 3932 1809 3985 ἔπειτα
1838 3934 1895 3986 δὲ

330 4018 428 4068 καὶ
474 4018 613 4070 πᾶσι
653 4021 778 4079 ’τοῖς
824 4020 1165 4084 ἀνατολικοῖς
1202 4022 1544 4084 ἐπισκόποις.
1579 4024 1651 4075 Οὑ
1696 4027 1803 4092 μὴν
1838 4025 1895 4076 δὲ

330 4110 472 4164 ἀλλά
502 4114 596 4164 καὶ
648 4114 764 4174 τοῖς
792 4114 888 4181 τῆς
940 4115 1184 4183 ἑσπέρας
1217 4114 1407 4184 αὐτῆς·
1434 4116 1531 4185 οὐχ
1565 4118 1640 4178 ὡς
1671 4117 1895 4169 ἐπισκό-

330 4222 436 4256 που
466 4207 849 4275 γραφομένου,
887 4206 1003 4258 ἀλλ’
1038 4206 1113 4267 ὡς
1152 4206 1319 4259 πάλαι
1367 4208 1469 4277 μέν
1523 4209 1713 4261 τούτου
1743 4225 1898 4277 γενο-

336 4301 527 4369 μένου.
561 4301 785 4370 μνήμης
835 4300 892 4352 δὲ
938 4299 1223 4363 ἀξιοῦσθαι
1257 4301 1343 4355 διὰ
1372 4301 1469 4372 τὴν
1513 4302 1896 4372 οίκουμενικὴν

328 4394 557 4462 εἰρήνην
609 4393 937 4459 ὀφείλοντος.
966 4393 1169 4463 Γράφω
1208 4393 1288 4457 δὲ,
1323 4392 1465 4445 ὥστε
1495 4393 1571 4464 μὴ
1620 4393 1742 4463 τῆς,
1770 4393 1897 4462 ὁμο-

1998 3282 2206 3336 salvere
2234 3283 2513 3351 jubemus.
2558 3300 2577 3334 ι
2615 3284 2695 3337 Ad
2723 3281 2985 3354 Cyrillum
3020 3288 3234 3337 Atticus
3277 3284 3392 3337 haec.
3427 3287 3570 3339 seri-

1998 3375 2125 3442 psit.
2161 3376 2292 3428 liem
2328 3388 2510 3428 autem
2554 3376 2709 3430 istam
2740 3377 2913 3445 magis
2954 3376 3119 3429 ctiam
3152 3392 3371 3444 urgens,
3404 3379 3565 3433 aliam

1996 3480 2215 3534 quoque
2246 3468 2533 3534 epistolam
2557 3468 2624 3520 ad
2652 3468 2873 3521 Petrum
2905 3477 2960 3521 et
2991 3468 3272 3522 {Edesium
3305 3469 3568 3522 diaconos

1990 3559 2133 3626 eius,
2175 3558 2325 3612 hisce
2360 3558 2547 3612 verbis
2582 3559 2734 3613 dedit
2777 3579 2790 3611 ;
2827 3578 2845 3610 ι
2886 3560 2967 3613 Ad
3000 3561 3094 3613 Dei
3121 3564 3565 3615 amantissimum

1997 3649 2339 3718 episcopum,
2376 3650 2601 3704 fratrem
2648 3660 2898 3705 nostrum
2935 3651 3223 3722 Cyrillum,
3257 3653 3331 3705 ita
3368 3663 3427 3707 ut
3474 3654 3568 3706 de-

1997 3742 2132 3803 cuit,
2191 3757 2289 3809 per
2340 3743 2629 3811 epistolam
2678 3743 3005 3812 scripsimus
3050 3759 3113 3797 ea
3170 3758 3293 3811 quae
3346 3745 3592 3797 nomine

1996 3833 2224 3889 Joannis
2260 3835 2312 3889 iu
2348 3835 2751 3890 ecclesiasticas
2805 3835 3021 3891 tabulas
3056 3836 3228 3891 relato
3260 3846 3378 3891 acta
3413 3846 3565 3893 sunt.

1998 3928 2183 3982 Nihilo
2220 3944 2354 3983 vero
2386 3929 2568 3983 minus
2608 3942 2665 3985 et
2699 3932 2764 3986 ad
2796 3932 3065 4000 pietatem
3098 3940 3337 3984 vestram
3374 3933 3567 3985 svribi-

1998 4034 2142 4081 mus,
2169 4034 2290 4088 quze
2333 4020 2529 4073 melius
2562 4037 2724 4090 quam
2762 4022 2858 4074 alii
2907 4037 2994 4076 res
3030 4032 3246 4075 nostras
3290 4022 3465 4086 novit,
3496 4022 3565 4077 ad

1998 4125 2186 4177 pacem
2220 4111 2475 4166 videlicet
2500 4122 2554 4166 ct
2583 4115 3040 4185 tranquillitatem
3076 4131 3169 4169 eas
3203 4119 3463 4177 evasisse,
3496 4117 3566 4171 de

1999 4204 2271 4258 sententia
2324 4208 2599 4276 prmcipue
2659 4208 3037 4276 piissimorum
3097 4211 3451 4279 principum,
3510 4221 3569 4265 et

1998 4297 2245 4349 omnium
2284 4298 2483 4352 deinde
2530 4298 2893 4355 Orientalium
2953 4304 3363 4372 episcoporum,
3418 4304 3565 4372 ipso-

1999 4402 2235 4457 rumque
2271 4390 2411 4444 adeo
2456 4392 2893 4450 Occidentalium
2942 4412 3183 4467 quoque.
3236 4397 3302 4452 de
3351 4397 3562 4451 Joanne

332 4488 483 4548 νοίας
527 4486 588 4539 τὸ
627 4488 737 4540 πᾶν
772 4487 846 4547 ὡς
892 4487 1067 4539 εἰπεῖν
1119 4486 1472 4556 νεμηθείσης,
1517 4487 1710 4556 μόνους
1749 4486 1939 4581 suac]

1997 4485 2168 4536 sacris
2205 4483 2425 4549 tabulis,
2458 4502 2567 4540 non
2601 4498 2659 4541 ut
2687 4490 2967 4559 episcopo,
3002 4495 3097 4545 sed
3132 4491 3226 4560 qui
3262 4492 3561 4560 aliquando

332 4582 408 4651 μὴ
445 4580 828 4650 συνθεμένους,
881 4583 976 4634 καὶ
1008 4582 1118 4642 τοῖς
1161 4580 1574 4644 εὑσεϐεστάτοις
1611 4580 1892 4651 βασιλεῦσι
1925 4572 1939 4581 ’

1996 4572 2290 4641 episcopus
2316 4575 2504 4641 fuerit,
2533 4577 2764 4643 inserto,
2791 4589 2849 4634 ut
2880 4581 3141 4635 memoria
3167 4584 3307 4652 ejus.
3338 4596 3564 4653 propter

324 4678 509 4729 δοκεῖν
540 4676 867 4744 ἀντιλέγειν,
913 4676 1008 4729 καὶ
1054 4679 1168 4738 τοῖς
1217 4677 1679 4744 ἀναγκαιοτάτοις
1712 4678 1893 4747 πράγ-
1935 4705 1939 4708 ~

326 4786 499 4839 μασιν
556 4769 753 4839 ἡμῶν,
801 4769 1125 4833 ἀντιπνοίας
1176 4772 1323 4833 τινὸς
1374 4771 1704 4840 γενομένης,
1766 4772 1894 4841 βλά-

328 4864 565 4918 πτεσθαι
589 4865 687 4927 τὰς
720 4864 1019 4928 ἐκκλησίας
1050 4862 1318 4931 Χριστοῦ.
1337 4864 1450 4916 Καὶ
1484 4864 1657 4917 ταῦτα
1682 4864 1781 4933 μὲν
1804 4865 1893 4918 οὔ·

322 4972 456 5015 τως·
485 4954 690 5023 σφόδρα
717 4952 774 5005 δὲ
797 4954 946 5024 ἡμᾶς
977 4953 1185 5022 ἤγαγεν
1210 4953 1289 5016 είς
1312 4954 1665 5025 συναίσθησιν
1695 4956 1726 5024 ἡ
1754 4959 1892 5009 ἁπο-

325 5049 497 5117 δημία
531 5048 709 5116 ὑμῶν,
745 5046 852 5099 τῶν
887 5045 983 5098 νῦν
1016 5046 1286 5098 συνόντων
1345 5047 1478 5115 ἡμῖν
1536 5048 1656 5101 ἀνθ’
1712 5050 1890 5118 ὑμῶν·

324 5145 424 5210 οὐχ
456 5140 631 5201 οὕτως
660 5142 793 5209 ἡμῖν
838 5138 1232 5207 συμϐιούντων,
1270 5138 1459 5209 ὥσπερ
1488 5138 1552 5211 δὴ
1582 5140 1678 5193 καὶ
1712 5142 1891 5210 ὑμεῖς,

325 5237 408 5300 ὡς
438 5237 516 5306 τῷ
553 5235 795 5304 ξενισμῷ
837 5233 950 5287 τῶν
1002 5232 1221 5301 τρόπων
1274 5230 1482 5286 τούτων
1508 5250 1567 5286 τε
1601 5234 1696 5289 καὶ
1737 5235 1892 5303 ὑμῶν

326 5328 531 5401 μικροῦ
562 5330 671 5383 δεῖν
704 5329 848 5398 ὑμᾶς
883 5328 1160 5383 ἀνιᾶσθαι.
1197 5326 1396 5397 Διόπερ
1445 5327 1622 5379 πάντα
1656 5328 1890 5396 ὑπερθέ-

325 5443 522 5495 μενοι,
557 5425 896 5478 σπουδάσατε
925 5424 1021 5476 καὶ
1073 5424 1155 5486 είς
1200 5424 1261 5475 τδ
1315 5423 1444 5492 ἑξῆς
1492 5422 1723 5493 δραμεῖν
1754 5422 1892 5493 πρὸς

326 5520 504 5586 ἡμᾶς,
527 5519 592 5569 ὲκ
620 5517 718 5585 τῆς
749 5517 1111 5585 συγκρίσεως,
1147 5515 1516 5586 σφοδροτέραν
1543 5516 1893 5585 εὑρίσκοντες

1996 4682 2345 4724 communem
2433 4670 2588 4726 orbis
2658 4675 2902 4728 universi
2992 4689 3180 4743 pacem
3256 4678 3594 4733 colcretur..

2002 4760 2309 4819 Scribimus
2335 4777 2543 4832 autem,
2576 4782 2666 4831 ne,
2698 4769 2992 4823 concordia
3039 4771 3241 4838 ubique
3270 4786 3563 4839 propemo-

1997 4856 2127 4910 dum
2167 4859 2471 4926 obtinente,
2504 4862 2827 4921 solisuobis
2858 4864 2910 4917 ei
2955 4880 3064 4918 non
3111 4865 3557 4933 astipulantibus.

1996 4951 2159 5005 simul
2185 4959 2239 5004 et
2262 4953 2527 5020 piissimis
2554 4954 2898 5024 principibus
2924 4955 3203 5010 adversari
3248 4958 3559 5024 videamur,

1993 5054 2049 5097 ct
2080 5060 2291 5099 summe
2323 5045 2650 5103 necessariis
2682 5047 2845 5102 rebus
2887 5049 3114 5115 nostris,
3150 5049 3331 5103 ventis
3360 5050 3562 5119 aliqui-

1994 5134 2099 5189 bus
2133 5136 2380 5191 adversis
2415 5138 2647 5201 ohortis,
2694 5148 2750 5193 et
2798 5138 3055 5196 Ecclesia:
3106 5141 3312 5197 Christi
3363 5158 3561 5197 nocea-

1995 5245 2137 5284 mus.
2188 5232 2260 5285 De
2309 5232 2395 5285 his
2445 5233 2735 5287 hactenus.
2769 5234 2828 5287 ln
2880 5250 3135 5305 magnum
3170 5251 3303 5292 vero
3341 5237 3559 5293 deside-

1994 5324 2137 5375 rium
2196 5338 2293 5377 nos
2342 5325 2613 5393 profectio
2674 5335 2856 5380 vestra
2915 5327 3183 5395 adduxit,
3235 5329 3379 5399 quod
3445 5346 3554 5383 non

1991 5417 2239 5469 eamdem
2274 5432 2340 5470 ex
2372 5434 2560 5472 eorum
2597 5420 2692 5488 qni
2722 5436 2864 5475 nunc
2892 5422 3178 5475 nobiscum
3207 5433 3352 5487 sunt,
3385 5440 3550 5493 quam

1991 5524 2055 5562 ex
2088 5519 2272 5562 vestro
2298 5512 2551 5564 convictu
2579 5514 2949 5581 percipiamus
2967 5515 3388 5584 iucunditatem,
3413 5521 3553 5574 adeo

328 5611 364 5679 ἢ
416 5609 687 5678 πρότερον
749 5608 881 5678 παρ’
916 5610 1047 5677 ἡμῖν
1093 5606 1194 5677 τὴν
1241 5607 1483 5677 ἀγάπην.
1518 5625 1535 5657 t
1577 5606 1658 5659 Τὰ
1710 5608 1892 5661 τοίνυν

1996 5613 2051 5657 ut
2085 5603 2325 5657 novitate
2360 5603 2746 5658 familiaritatis
2780 5620 2972 5661 eorum
3016 5625 3137 5678 quae
3184 5624 3214 5663 a
3259 5620 3555 5665 consuetu-

321 5702 555 5755 τοιαῦτα
613 5702 914 5770 γράμματα
965 5698 1261 5767 δεξάμενος
1316 5697 1586 5769 Κύριλλος
1638 5698 1889 5752 τοσοῦτον

1996 5696 2119 5749 dine
2180 5708 2358 5751 vestra
2416 5699 2646 5752 multum
2701 5700 2924 5765 differt,
2971 5702 3082 5756 fere
3143 5705 3548 5772 perturbentur.

325 5798 631 5866 παρῃτεῖτο
679 5795 776 5864 τὴν
833 5794 1056 5864 πρᾶξιν,
1080 5793 1156 5856 ὠς
1195 5795 1259 5847 ἐκ
1284 5792 1390 5847 τῶν
1418 5790 1766 5862 γραμμάτων
1794 5790 1887 5859 δῆ-

1996 5788 2154 5865 494
2186 5790 2529 5863 Quapropter
2565 5794 2732 5850 rebus
2759 5795 3017 5850 omnibus
3048 5799 3387 5867 posutositis,
3418 5817 3549 5871 0pc-
