4250 6440
735 378 872 439 1143

1946 392 2362 453 ΝΙΟΕΡΗΗΗΙ
2399 390 2737 450 CALLiS'l'I

3839 398 3974 462 1144

729 509 845 543 ram
889 494 1035 555 date,
1086 510 1143 548 ut
1179 497 1440 565 deinceps
1470 500 1536 551 ad
1575 516 1672 552 nos
1722 505 2038 568 recurratis,
2082 515 2348 574 prriptem

2333 520 2374 573 Α
2409 507 2498 556 λον
2547 506 2822 571 γενέσθαι.
2867 508 2928 557 Ἀ
2965 506 3010 557 δ’
3064 507 3155 559 οὖν
3208 509 3543 574 ὰντέγρατε,
3584 507 3794 570 τούτοις
3847 510 3974 560 δεξί’

729 599 962 642 morum.
998 588 1143 654 quod
1178 591 1388 656 experti
1419 606 1629 657 sumus,
1663 593 1980 653 discrimen.
2017 597 2160 664 apud
2189 613 2289 650 nos

2400 599 2572 664 ληπτο
2597 615 2610 629 ⁸

727 680 1192 742 vehementiorem
1252 698 1413 752 quam
1473 696 1631 742 antea
1655 690 2292 757 reperturicharitatem.
2334 712 2350 741 ι
2419 691 2641 747 Litteris
2689 693 2956 763 ejusmodi
3010 693 3245 763 Cyrillus
3303 695 3555 763 receptis,
3605 694 3971 760 maximopere

728 788 844 830 rem
880 792 998 831 eam
1033 789 1318 838 aversatus
1352 794 1454 848 est,
1489 785 1647 840 sicuti
1685 803 1749 841 ex
1780 788 1983 842 litteris
2045 790 2168 859 ejus
2238 790 2372 844 satis
2411 791 2604 859 liquet.
2639 789 2771 844 Nam
2798 805 2920 859 qua:
2951 789 3132 845 Attico
3163 789 3466 856 rescripsit,
3499 790 3579 844 sic
3613 790 3816 843 habent
3848 806 3862 842 :

1265 973 1491 1031 CAPUT
1533 977 1744 1033 XXVII.

724 1078 967 1146 Epistola
1019 1091 1289 1159 contraria
1314 1093 1482 1142 sancti
1508 1091 1696 1159 Cyrilli
1727 1094 1798 1146 ad
1823 1095 2073 1156 At'icum,
2103 1112 2289 1148 nomen

1028 1158 1256 1212 Joannis
1293 1158 1571 1216 admittere
1612 1166 1981 1220 detractantis.

799 1359 819 1390 ι
855 1341 1036 1396 Lectis
1072 1346 1204 1414 quae
1244 1362 1272 1399 a
1312 1348 1514 1415 pietate
1549 1358 1638 1402 tua
1689 1350 1755 1404 ad
1799 1368 1884 1406 me
1928 1353 2106 1408 missa
2139 1363 2286 1417 sunt,

721 1433 949 1501 litteris,
982 1435 1212 1493 Joannis
1243 1455 1441 1495 nomen
1482 1445 1656 1498 sacris
1686 1445 2012 1513 inscriptum
2050 1462 2172 1501 esse
2206 1457 2289 1501 ta-

728 1525 875 1582 bulis
911 1529 1180 1586 intellexi.
1231 1531 1332 1588 Ubi
1370 1551 1499 1588 vero
1541 1552 1639 1590 eos
1685 1540 1777 1606 qui
1810 1538 1938 1592 inde
1967 1539 2033 1592 ad
2064 1554 2164 1593 nos
2195 1555 2287 1593 ve-

721 1633 880 1684 nere,
911 1620 1267 1692 interrogavi,
1307 1641 1413 1679 non
1453 1630 1504 1680 in
1538 1629 1827 1692 laicorum,
1869 1630 1966 1684 sed
1997 1633 2286 1702 episcopo-

721 1727 844 1765 rum
881 1716 1127 1786 catalogo
1158 1720 1453 1788 ascriptum
1490 1737 1611 1776 esse
1653 1724 1864 1778 audivi.
1897 1724 2070 1778 Porro
2109 1725 2283 1792 dispi-

719 1799 886 1854 cienti
924 1802 1083 1867 mihi,
1116 1808 1356 1872 atquein
1391 1811 1572 1862 animo
1611 1816 1910 1881 reputanti,
1947 1831 2016 1869 an
2044 1819 2138 1884 qui
2173 1816 2279 1869 hoc

721 1891 924 1954 fecere,
953 1893 1299 1950 Nicaeuorum
1338 1901 1560 1954 Patrum
1594 1903 1816 1958 decreta
1845 1919 2146 1976 sequantur
2171 1951 2183 1971 ,
2225 1920 2281 1962 et

719 1986 1118 2054 aliquantulum
1168 1994 1368 2045 mentis
1404 1995 1706 2050 luminibus
1743 1998 1795 2053 in
1834 2016 2082 2070 magnam
2129 2004 2277 2056 illam

715 2079 984 2147 synodum
1010 2079 1339 2147 intendenti,
1363 2088 1679 2142 universum
1705 2101 2025 2146 sanctorum
2058 2095 2276 2150 illorum

720 2169 944 2226 Patrum
997 2176 1310 2246 collegium,
1359 2182 1684 2249 quibusdam
1741 2187 1910 2240 veluti
1968 2190 2146 2243 oculis
2194 2207 2279 2243 rc-

714 2281 909 2331 uuere,
941 2279 994 2321 et
1021 2268 1234 2325 viribus
1263 2275 1541 2339 omnibus,
1577 2280 1877 2346 quominus
1907 2282 1974 2334 ad
2010 2299 2123 2336 rem
2156 2301 2275 2338 eam

713 2361 1178 2430 comprobandam
1265 2382 1593 2431 accurram,
1655 2373 1927 2428 obsistere
1995 2377 2276 2431 videntur.

713 2454 1002 2521 Queniodo
1032 2473 1268 2528 namque
1301 2461 1447 2514 inter
1471 2465 1788 2521 sacerdotes
1815 2468 1905 2522 Dei
1933 2473 2272 2532 censebitur,

710 2551 1006 2606 illorumve
1041 2552 1180 2607 feret
1228 2568 1456 2615 sortem.
1491 2559 1579 2610 cui
1627 2559 1990 2614 sacerdotalis
2041 2564 2276 2632 dignitas

709 2645 972 2714 abrogata
1006 2647 1132 2700 est?
1156 2649 1444 2713 Quomodo
1471 2666 1601 2704 vero
1636 2652 1687 2705 iu
1718 2655 1966 2723 catalogo
1992 2670 2276 2710 sacrorqu

711 2737 1098 2793 ministrorum
1135 2741 1263 2806 erit,
1295 2744 1388 2810 qui
1433 2744 1828 2801 ecclesiasticis
1856 2750 2134 2801 mmnibus
2161 2751 2276 2818 eje-

712 2844 839 2888 ctus
867 2833 988 2888 est?
1033 2835 1143 2888 Aut
1181 2837 1325 2888 enim
1375 2839 1717 2904 professione
1768 2851 1954 2894 nostra
1993 2842 2275 2910 indignum

714 2938 821 2993 est,
854 2936 915 2981 ut
941 2928 1238 2982 sacerdotii
1277 2945 1476 2984 nomen
1508 2933 1641 2986 nihil
1680 2949 1823 2999 esse,
1863 2946 1918 2989 et
1955 2952 2068 2989 rem
2106 2939 2273 3005 ipsam

714 3036 1063 3078 communem
1093 3022 1352 3076 omnibus
1385 3040 1525 3088 esse,
1558 3042 1676 3094 qua:
1703 3038 1883 3082 tamen
1912 3028 1993 3082 eis
2019 3030 2151 3081 solis
2180 3031 2272 3097 qui

716 3115 784 3171 ad
814 3131 934 3170 eam
979 3117 1155 3170 vocati
1206 3128 1355 3176 sunt,
1390 3129 1668 3173 asservata
1717 3131 1820 3182 est,
1856 3121 2105 3176 dicamus
2135 3140 2145 3174 :
2182 3134 2276 3176 aut

714 3213 758 3266 si
794 3227 1052 3282 magnum
1083 3212 1347 3281 quiddam
1391 3224 1494 3270 est.
1529 3215 1673 3284 quod
1719 3215 2112 3269 sacerdotalem
2151 3217 2276 3269 fun-

714 3305 954 3360 ctionem
975 3320 1004 3357 a
1022 3304 1208 3373 populi
1236 3307 1588 3360 multitudine
1612 3307 1843 3371 dirimit,
1864 3322 1974 3360 non
1996 3308 2276 3362 miscenda

709 3416 832 3469 qua:
863 3401 1080 3453 misceri
1113 3415 1222 3452 non
1258 3410 1510 3468 possunt,
1541 3401 1636 3454 sed
1663 3415 1856 3454 eorum
1886 3417 2009 3464 qua:
2035 3402 2279 3454 diximus

710 3493 946 3561 quodvis
1002 3493 1058 3546 in
1103 3493 1297 3547 ordine
1342 3509 1442 3546 suo
1485 3495 1944 3558 conservandum,
1981 3503 2033 3546 et
2068 3494 2276 3547 honore

710 3589 899 3643 debito
925 3587 1401 3641 cohonestandum
1439 3587 1598 3639 nobis
1625 3586 1752 3640 erit.
1794 3584 2082 3650 Quomodo
2109 3587 2278 3653 igitur

711 3693 809 3736 aut
860 3683 1004 3734 inter
1033 3680 1325 3749 episc0pos
1356 3680 1527 3734 laicus
1549 3719 1563 3742 ,
1598 3690 1694 3733 aut
1729 3679 1873 3731 inter
1903 3693 2196 3747 germanos
2223 3687 2277 3730 et

708 3775 1008 3844 legitimos,
1042 3774 1136 3844 qui
1174 3773 1298 3827 talis
1328 3789 1437 3826 non
1483 3773 1574 3835 sit,
1608 3772 1919 3826 consistet?
1946 3770 2188 3832 Honora,
2224 3781 2276 3825 te

713 3870 928 3928 hortor,
959 3882 1053 3920 eos
1090 3867 1184 3935 qui
1218 3881 1535 3938 magnarum
1568 3875 1624 3918 e‘.
1651 3863 2069 3930 splendidarum
2100 3875 2278 3918 recte-

709 3979 818 4031 que
863 3973 1112 4022 actarum
1159 3977 1344 4016 rerum
1384 3961 1558 4013 tulere
1605 3961 2007 4023 testimonium,
2035 3975 2103 4012 ne
2148 3975 2276 4012 cou-

711 4053 939 4107 tumelia
983 4063 1234 4107 sanctum
1285 4055 1507 4108 Patrum
1541 4053 1771 4108 chorum
1815 4053 2040 4106 albcias.
2086 4053 2278 4105 (ἐοιιεί-

711 4146 846 4200 dera
891 4161 987 4198 eos
1035 4148 1129 4215 qui
1184 4148 1512 4214 superstiti-5
1544 4146 1724 4200 adhuc
1773 4149 1824 4198 iu
1872 4148 1978 4200 vita
2031 4157 2272 4208 manent,

711 4238 990 4308 quomodo
1025 4256 1140 4293 rem
1172 4240 1312 4293 hanc
1338 4242 1672 4307 acceperint.
1709 4240 1790 4294 An
1825 4256 1934 4293 non
1970 4239 2044 4291 illi
2079 4239 2276 4293 dolore

711 4350 772 4390 se
803 4333 955 4388 omni
1005 4335 1246 4404 repletos
1281 4349 1402 4388 esse
1455 4344 1607 4388 recte
1657 4334 1864 4397 dicant,
1909 4333 2069 4404 495
2116 4334 2161 4387 si
2221 4334 2274 4387 in

709 4427 971 4482 eumdem
1004 4443 1128 4481 cum
1152 4428 1234 4481 eis
1259 4428 1533 4487 ordinem.
1561 4427 1606 4480 is
1639 4428 1728 4481 cui
1761 4427 1997 4497 dignitas
2022 4428 2275 4495 adempta

708 4532 794 4575 est
829 4521 1382 4595 referatur‘hVerum
1429 4521 1480 4574 id
1514 4521 1701 4590 pietati
1734 4537 1955 4590 quoque
1996 4530 2101 4575 tum
2142 4536 2270 4589 per-
2305 4525 2348 4577 Ι)

705 4627 932 4667 suasum
980 4628 1102 4667 esse
1152 4621 1303 4682 puto.
1343 4612 1709 4677 Quamobrem
1757 4624 1811 4669 et
1865 4613 1972 4666 illis
2014 4627 2066 4667 et
2113 4614 2274 4667 nobis

706 4706 964 4760 mmroris
1023 4706 1180 4759 abole
1226 4721 1468 4759 causam.
1522 4705 1678 4760 Tolle
1734 4707 1982 4760 omnium
2032 4707 2273 4761 tristitiae

707 4802 1082 4853 ocrasionem.
1108 4797 1243 4851 Nam
1278 4797 1437 4851 facile
1462 4799 1790 4867 etexpedite
1826 4815 1887 4853 ea
1920 4815 2052 4874 qum
2074 4809 2274 4867 praeter

711 4892 1029 4958 opinionem
1085 4891 1366 4949 accidunt.
1405 4891 1698 4959 disponere
1753 4903 1807 4946 ct
1858 4893 2267 4957 administrare,

712 4985 844 5037 boni
872 4993 927 5038 et
958 4984 1226 5052 sapientis
1261 4999 1381 5038 esse
1419 4984 1650 5038 dixerim
1690 5005 1703 5038 ι
1751 4986 1845 5040 sed
1881 4997 1993 5039 tum
2027 4989 2269 5050 demum,

709 5093 833 5130 cum
866 5077 1002 5130 nihil
1035 5077 1354 5130 detrimenti
1394 5078 1605 5132 aderat.
1653 5079 1773 5133 Non
1815 5081 1983 5145 enim,
2023 5079 2272 5146 quamvis

706 5186 928 5238 gregem
978 5169 1184 5222 Christi
1220 5185 1539 5238 pmpagare,
1575 5171 2120 5239 frequentioremque
2160 5172 2272 5224 elli-

709 5277 836 5316 cere
880 5262 1224 5324 Studeamus,
1268 5264 1522 5316 exanima
1569 5265 1881 5326 hmresiuui,
1937 5265 1982 5319 si
2025 5280 2271 5317 errorem

708 5371 868 5407 suum
914 5371 1021 5408 non
1072 5357 1387 5424 repudient,
1429 5357 1745 5426 recipimus.
1781 5358 1845 5410 Et
1884 5359 2112 5425 proinde
2161 5372 2271 5412 non

709 5445 937 5498 «minino
986 5457 1238 5515 prompta
1292 5448 1531 5516 quadam
1590 5447 2001 5515 dispensatione
2055 5448 2269 5502 facilem

708 5554 833 5593 cum
859 5530 940 5594 eis
965 5542 1254 5611 complecti
1292 5557 1478 5610 pacem
1514 5541 1801 5603 debemus,
1839 5541 2107 5594 adversus
2132 5557 2272 5610 quos

707 5648 954 5700 pugnare
981 5643 1221 5702 praestet.
1251 5635 1688 5703 Diapensationis
1715 5649 1848 5688 sane
1873 5633 2108 5687 laudatae
2131 5650 2272 5704 opus

705 5724 894 5791 fuerit,
930 5727 973 5781 si
1008 5727 1340 5796 quandoque
1364 5730 1435 5780 ita
1469 5744 1496 5780 a
1525 5727 1706 5781 debita
1737 5729 1947 5781 ratione
1975 5729 2270 5782 deﬂectere

708 5810 1017 5882 videamur,
1055 5829 1115 5873 ut
1156 5819 1210 5872 iu
1263 5819 1430 5873 rebus
1472 5820 1698 5875 utilibus
1730 5829 1784 5874 et
1832 5819 2137 5875 commodis
2180 5819 2273 5874 dc-

2971 978 3217 1031 ΚΕΦΑΛ.
3258 977 3388 1031 KZ'.

2408 1092 2849 1156 Ἀντεπιστολὴ
2903 1093 3010 1144 τοῦ
3056 1093 3229 1155 ἁγίου
3286 1093 3594 1158 Κυρίλλου
3657 1091 3806 1154 πρὸς
3863 1092 3968 1142 τέν

2467 1162 2759 1227 Ἀττικὸν,
2795 1163 3261 1231 ἀπαγορεύουσα
3303 1163 3411 1216 τὸν
3464 1161 3744 1227 Ἰωάννην
3770 1160 3964 1213 enas-

2464 1232 2703 1296 ξασθαι.

2470 1365 2488 1396 ι
2539 1345 2663 1409 Τοῖς
2715 1345 2869 1416 παρὰ
2905 1347 3006 1414 τῆς
3058 1348 3158 1413 σῆς
3190 1345 3502 1414 θεοφιλείας
3537 1344 3966 1413 ἐπεσταλμένοις

2390 1437 2650 1506 ἐντυχὼν,
2675 1438 3053 1508 ἐγγεγράφθαι
3089 1440 3186 1506 μὲν
3232 1440 3333 1507 τὴν
3387 1439 3636 1491 Ἰωάννου
3690 1454 3964 1506 προσηγο-

2395 1528 2517 1597 ρίαν
2545 1530 2602 1580 ὲν
2636 1532 2756 1590 ταῖς
2791 1530 2959 1598 ἱεραῖς
2994 1528 3299 1596 ἐμάνθανον
3323 1529 3529 1588 δέλτοις
3551 1541 3566 1556 ⁸
3603 1531 3888 1598 ἐρωτήσας
3909 1527 3962 1578 δὲ

2393 1620 2520 1681 τοὺς
2571 1619 2781 1672 ἐκεῖθεν
2826 1621 3084 1690 ἥκοντας,
3139 1620 3421 1687 ἐπυθόμην
3470 1620 3570 1672 οὐκ
3607 1620 3666 1671 ὲν
3700 1621 3812 1681 τοῖς
3854 1619 3964 1669 τῶν

2390 1701 2594 1762 λαῐκῶν
2619 1711 2965 1777 καταλόγοις,
2988 1713 3048 1764 ἐν
3060 1712 3114 1764 δὲ
3137 1713 3250 1774 τοῖς
3272 1712 3379 1764 τῶν
3402 1713 3718 1765 ἐπισκόπων
3746 1711 3966 1764 ἐντετά-

2385 1798 2513 1867 χθαι
2547 1801 2741 1869 αὑτήν.
2778 1802 3255 1871 Διασκοπούμενος
3302 1803 3358 1855 δὲ
3406 1804 3504 1854 καὶ
3549 1804 3672 1855 κατ’
3723 1801 3964 1869 ἐμαυτὸν

2383 1894 2598 1958 ἐννοῶν,
2630 1896 2675 1945 εξ
2708 1897 2827 1956 ταῖς
2866 1893 2974 1946 τῶν
3014 1896 3276 1964 Πατέρων
3325 1895 3435 1947 τῶν
3483 1898 3542 1947 ἐν
3593 1894 3800 1961 Νικαία
3830 1896 3963 1946 ἁκο-

2383 1985 2636 2037 λουθοῦσι
2663 1987 2842 2051 δόξαις
2889 1990 2938 2039 οἰ
2965 1987 3120 2039 τοῦτο
3156 1990 3524 2056 πεπραχότες,
3575 1987 3668 2038 καὶ
3703 1986 3876 2054 βραχύ
3911 2003 3962 2036 τι

2380 2078 2471 2129 τὸν
2499 2079 2592 2142 τῆς
2621 2078 2862 2138 διανοίας
2884 2079 3160 2146 ὀφθαλμὸν
3185 2080 3319 2148 πρὸς
3347 2081 3444 2148 τὴν
3472 2079 3719 2147 μεγάλην
3744 2079 3962 2146 ἐκείνην

2381 2165 2666 2226 ἀνατείνας
2720 2166 2963 2228 σύνοδον,
3016 2166 3146 2234 ὅλην
3177 2167 3288 2237 ὁρῶ
3333 2169 3444 2220 τῶν
3473 2169 3647 2233 ἀγίων
3701 2168 3961 2235 Πατέρων

2380 2256 2605 2308 ἐκείνων
2637 2258 2735 2328 τὴν
2769 2259 3039 2327 ὁμήγυριν
3075 2258 3264 2327 ὥσπερ
3308 2261 3454 2312 τισὶν
3485 2259 3788 2328 ὀφθαλμοῖς
3833 2261 3963 2311 ἁνα-

2382 2348 2679 2412 νεύουσαν,
2739 2350 2831 2401 καὶ
2889 2351 3051 2402 παντὶ
3103 2351 3280 2402 σθένει
3346 2349 3758 2402 διακωλύουσαν
3809 2350 3961 2416 ἡμᾶς

2379 2443 2590 2508 τρέχειν
2620 2442 2700 2503 εἰς
2726 2442 2823 2511 τὴν
2851 2445 2944 2494 ἐπὶ
2971 2442 3148 2512 τούτῳ
3183 2443 3517 2495 συναίνεσιν.
3552 2441 3678 2501 Πῶς
3708 2441 3818 2510 γὰρ
3844 2443 3959 2503 τοῖς

2385 2533 2590 2600 ἱερεῦσι
2624 2534 2761 2586 Θεοῦ
2795 2535 3201 2599 συντετάξεται,
3226 2535 3434 2588 καὶτὸν
3466 2536 3691 2588 ἐκείνων
3722 2535 3958 2602 φυράσει

2380 2623 2552 2691 κλῆρο
2576 2649 2602 2686 π,
2638 2625 2664 2675 ὁ
2711 2623 2810 2691 τῆς
2848 2626 3120 2694 ἰερατείας
3155 2625 3604 2694 ὲκὸεὸλημένοςς
3644 2624 3766 2686 Πῶς
3801 2623 3857 2676 δὲ
3899 2626 3959 2674 ἐν

2382 2715 2703 2783 καταλόγοις
2737 2716 2891 2770 ἔσται
2918 2716 3251 2785 λειτουργῶν
3275 2720 3303 2770 ὁ
3335 2718 3444 2769 τῶν
3475 2716 3958 2782 έκκλησιαστικῶν

2381 2806 2685 2874 περιὸόλων
2717 2806 2822 2869 ἔξω
2855 2807 3067 2873 τεθείς;
3121 2807 3342 2872 ἀνάξιον
3391 2808 3500 2876 γὰρ
3535 2810 3680 2876 ἡμᾶς
3714 2807 3747 2876 ἢ
3791 2807 3960 2875 μηδὲν

2379 2893 2518 2951 εἶναι
2539 2898 2720 2965 λέγειν
2768 2900 2827 2951 τὸ
2875 2900 2971 2965 τῆς
3026 2902 3295 2967 ἰερατείας
3333 2901 3526 2969 ὄνομα,
3571 2902 3666 2952 καὶ
3719 2901 3956 2969 πρᾶγμα

2379 2989 2554 3042 κοινὸν
2588 2988 2729 3043 εἶναι
2785 2993 2918 3044 πᾶσι
2966 2993 3028 3045 τὸ
3073 2995 3257 3061 μόνοις
3291 2997 3668 3063 τετηρημένον
3705 2996 3819 3054 τοῖς
3874 2995 3958 3055 εἰς

2378 3081 2534 3134 τοῦτο
2585 3083 2981 3151 καλουμένοις’
3037 3086 3069 3155 ἢ
3124 3088 3172 3138 εἰ
3218 3087 3357 3138 πολύ
3412 3104 3464 3138 τι
3517 3087 3577 3138 τὸ
3628 3086 3957 3154 διατειχίζον

2305 3177 2348 3236 ς
2381 3173 2525 3223 ἐστὶν
2556 3173 2857 3240 ἱερωσύνην
2889 3173 2980 3226 καὶ
3015 3173 3160 3235 λαὸν,
3202 3177 3274 3243 μὴ
3309 3175 3558 3243 μιγνύειν
3600 3176 3670 3227 τὰ
3701 3175 3910 3243 ἄμικτα
3937 3213 3954 3236 ,

2380 3265 2569 3331 τηρεῖν
2599 3263 2654 3315 δὲ
2711 3266 2765 3315 έν
2813 3268 2876 3333 τῇ
2929 3267 3107 3334 οἰκεία
3139 3267 3291 3330 τάξει
3324 3266 3435 3319 τῶν
3485 3267 3794 3334 εἰρημένων
3822 3266 3956 3318 ’ἐκα-

2381 3371 2540 3419 στον,
2575 3356 2794 3424 καὶτῆς
2829 3358 2980 3426 αύτῷ
3016 3360 3335 3427 πρεπούσης
3383 3358 3550 3426 τιμῆς
3585 3358 3789 3423 ἐξιοῦν.
3832 3359 3957 3420 Πῶς

2379 3446 2474 3499 οὖν
2500 3449 2555 3499 ὲν
2582 3450 2906 3511 ἐπισκόποις
2937 3452 2965 3503 ὁ
2994 3452 3200 3510 λαῐκος.
3251 3451 3284 3519 ἢ
3335 3451 3450 3514 πῶς
3481 3454 3538 3503 έν
3571 3453 3683 3512 τοῖς
3710 3449 3954 3520 γνησίοις

2378 3544 2406 3592 ὁ
2449 3540 2522 3611 μὴ
2558 3541 2796 3604 τοιοῦτος
2819 3545 3114 3610 ἁναφανείς
3140 3562 3151 3605 ;
3178 3544 3443 3612 Τίμησον,
3478 3543 3802 3612 παρακαλῶ,
3825 3543 3958 3605 τοὺς

2380 3633 2472 3682 ἐπὶ
2501 3633 2772 3702 λαμπροῖς
2813 3634 2902 3684 καὶ
2941 3635 3201 3701 μεγαλοις
3231 3638 3342 3696 τοῖς
3380 3636 3775 3705 κατορθώμασι
3811 3651 3954 3702 μαρ-

2377 3722 2730 3791 τυρηθέντας.
2767 3725 2855 3792 Μὴ
2908 3724 3135 3793 ύΰρίσης
3188 3726 3278 3776 τὸν
3334 3727 3489 3792 ἅγιον
3546 3725 3655 3776 τῶν
3691 3725 3956 3791 Πατέρων

2378 3814 2558 3882 χορόν.
2609 3816 2804 3867 Ἐννόει
2859 3816 3130 3883 παρόντας
3182 3818 3262 3869 ἔτι
3314 3820 3408 3870 καὶ
3441 3818 3954 3885 συνδιαιτωμένους,

2380 3909 2494 3967 πῶς
2527 3907 2590 3959 ἂν
2621 3909 2713 3960 ἐπὶ
2740 3909 2817 3978 τῷ
2855 3911 3101 3977 γεγονότι
3135 3911 3476 3978 διετέθησαν.
3513 3909 3637 3976 Ἆρ’
3665 3911 3785 3978 οὐχὶ
3837 3909 3950 3960 παι

2380 4015 2476 4066 σης
2500 3999 2920 4066 ἀναπεπλῆσθαι
2951 4000 3126 4069 λύπης
3160 3997 3315 4053 εἷπον
3351 4002 3415 4053 ἂν
3446 4002 3696 4063 εἰκότως,
3725 4003 3808 4060 εἰς
3850 4001 3952 4068 τὴν

2381 4089 2501 4155 ἴσην
2545 4091 2729 4150 αὐτοῖς
2764 4090 2916 4153 τάξιν
2949 4093 3343 4159 εἰσφερομένου
3379 4091 3472 4143 τοῦ
3521 4091 3951 4162 καθῃρημένους

2391 4183 2530 4235 Ἀλλ’
2583 4178 2734 4251 οἶμαι
2795 4185 2888 4235 καὶ
2938 4183 3108 4253 αὐτὴν
3144 4183 3303 4236 τοῦτο
3358 4184 3650 4237 πεπεῖσθαι
3697 4186 3798 4251 τὴν
3849 4186 3954 4253 σὴν

2380 4274 2712 4328 θεοσέϐειαν.
2763 4275 2853 4327 Διὸ
2906 4276 2970 4344 δὴ
3001 4276 3191 4328 σϐέσον
3224 4278 3406 4339 αὐτοῖς
3454 4295 3514 4329 τε
3547 4277 3642 4329 καὶ
3673 4279 3804 4347 ἡμῖν
3851 4279 3956 4345 τῆς

2377 4367 2569 4432 ἀηδίας
2593 4366 2689 4436 τὴν
2716 4371 3011 4436 πρόφασιν.
3039 4367 3215 4421 Λῦσον
3242 4370 3335 4436 τῆς
3360 4370 3615 4422 ἁπάντων
3643 4371 3955 4440 κατηφείας

2378 4456 2476 4524 τὴν
2531 4457 2807 4508 ὑπόθεσιν.
2860 4457 2932 4508 Τὸ
2999 4457 3099 4525 μὲν
3153 4458 3262 4525 γὰρ
3324 4457 3821 4528 εὐμεταχειριστως
3881 4460 3952 4510 τὰ

2381 4548 2843 4614 παρεμπίπτοντα
2867 4547 3088 4599 διοικεῖν
3114 4549 3277 4601 καλὸν
3303 4549 3366 4600 Ξιν
3394 4550 3603 4614 εἴποιμι
3635 4551 3729 4600 καὶ
3762 4552 3948 4616 σοφόν·

2378 4639 2496 4688 τότε
2535 4637 2580 4687 δ’
2602 4637 2753 4688 ἔσται
2787 4639 2972 4706 σοφὸν,
3005 4640 3071 4690 ἂν
3104 4640 3178 4708 μή
3210 4657 3263 4691 τι
3297 4641 3490 4705 βλαΰος
3522 4642 3753 4711 εἰσφέρῃ
3778 4657 3791 4670 '
3825 4642 3952 4694 οὐδὲ

2379 4726 2485 4796 γὰρ
2519 4728 2817 4798 ἐπειδήπερ
2862 4727 3086 4797 μείζονα
3130 4731 3227 4798 τὴν
3261 4731 3497 4798 Χριστοῦ
3549 4736 3787 4800 ποίμνην
3812 4734 3958 4783 ἀπο-

2375 4818 2679 4888 τελοῦμεν,
2733 4821 2857 4879 τοὺς
2929 4821 2988 4871 ὲν
3042 4822 3162 4879 ταῖς
3225 4823 3472 4888 αἱρέσεσι
3542 4823 3954 4887 προσλαϐόντες

2378 4912 2598 4978 ἐσμοὺς,
2635 4911 2724 4963 καὶ
2777 4913 2826 4963 εἰ
2877 4912 2976 4980 τῆς
3008 4914 3215 4976 οἰκείας
3264 4913 3342 4980 μὴ
3382 4913 3670 4981 μεταθεῖεν
3709 4914 3952 4981 πλάνης,

2376 4999 2464 5053 διὰ
2488 5001 2646 5053 τοῦτο
2671 5001 2773 5071 χρὴ
2806 5002 3020 5066 παντως
3047 5005 3396 5072 οἰκονομικήν
3423 5023 3543 5056 τινα
3571 5007 3662 5057 καὶ
3685 5007 3960 5075 ἀπεριέρ-

2377 5109 2577 5157 γαστον
2609 5097 2828 5162 εἰρήνην
2861 5095 3228 5162 ἀσπάζεσθαι,
3256 5098 3387 5165 πρὸς
3413 5097 3504 5160 οῦς
3535 5103 3648 5150 ἐστι
3675 5101 3947 5168 κρείττων

2376 5189 2408 5253 ἡ
2449 5188 2619 5254 μάχη.
2655 5188 2852 5254 Ἔργον
2896 5188 2950 5239 δὲ
2992 5189 3157 5249 ὄντως
3186 5191 3498 5259 οἰκονομίας
3529 5193 3643 5241 έστί
3676 5192 3734 5241 τὸ
3764 5193 3945 5242 δοκεῖν

2376 5279 2486 5330 ἔσθ’
2521 5280 2607 5330 ὅτε
2634 5278 2807 5346 βραχύ
2839 5296 2889 5330 τι
2928 5279 3030 5331 ποῦ
3063 5282 3363 5348 πρέποντος
3406 5281 3719 5344 ἐξίστασθαι
3752 5282 3941 5349 λόγου,

2379 5368 2515 5437 μετὰ
2557 5367 2651 5418 τοῦ
2682 5370 2779 5434 τὴν
2826 5370 2882 5419 ἐν
2929 5371 3042 5430 τοῖς
3079 5371 3374 5439 χρησίμοις
3426 5372 3813 5440 παραιτεῖσθαι
3847 5375 3948 5442 ξη-

2378 5459 2528 5527 μίαν.
2564 5457 2720 5510 Οὕτω
2755 5462 2846 5511 καὶ
2876 5461 2903 5511 ὁ
2938 5462 3208 5529 μακάριος
3242 5463 3454 5523 Παῦλος
3482 5465 3593 5525 τοῖς
3630 5466 3798 5515 πᾶσιν
3831 5467 3951 5533 ἐγί-

2374 5568 2495 5602 νετο
2518 5550 2692 5602 πάντα
2717 5565 2732 5579 ⁸
2756 5552 2851 5619 ούχ
2879 5551 2964 5603 ἵνα
2987 5553 3222 5625 κερόἁνῃ
3257 5555 3354 5623 μέν
3384 5572 3432 5606 τι
3459 5553 3655 5624 βραχὺ,
3682 5555 3944 5628 ζημιωΰῇ

2373 5639 2430 5690 δὲ
2462 5641 2644 5708 μέρος,
2679 5639 2796 5691 ἀλλ’
2832 5643 2916 5692 ῖνα
2951 5642 3156 5704 πάντας
3183 5644 3442 5716 κερδήσῃ.
3483 5646 3713 5714 Ίδωμεν
3760 5650 3948 5702 τοίνυν

2373 5731 2462 5781 διὰ
2491 5731 2691 5798 ταύτης
2719 5731 2817 5798 τῆς
2846 5731 3072 5800 ἐρεύνης
3100 5734 3198 5802 τῆς
3231 5737 3288 5787 ὲν
3317 5740 3428 5799 τοῖς
3461 5739 3750 5804 πράγμασι
3788 5737 3948 5806 βαδί-

2375 5820 2580 5884 ζοντες,
2615 5823 2660 5873 εἰ
2690 5820 2763 5892 μὴ
2799 5824 2976 5875 πλεῖον
3007 5825 3118 5894 ἔχει
3149 5829 3204 5878 τὸ
3243 5825 3433 5895 βλάϐος
3470 5829 3501 5896 η
3531 5827 3789 5891 ύπὸῢεσις
3831 5829 3946 5882 τῶν
