4250 6440
277 422 416 488 1145

1208 437 1817 500 ECCLESIASTIQE
1858 444 2248 507 liltTORMﬁ
2288 453 2431 511 LIB.
2476 455 2636 514 XIV.

3400 454 3535 518 1146

627 540 648 560 ν
982 550 1003 561 ο
1118 552 1160 564 m
1266 554 1287 564 υ

270 540 548 605 δοξάντων
596 540 739 598 εἶναι
791 550 1067 616 χρηστῶν.
1118 552 1385 616 Tom-Sto;
1423 556 1523 625 ήδη
1570 557 1854 614 διιππεύει
1889 571 1927 623 Α

1889 571 1927 623 Α
1964 569 2285 622 trimcutunt
2337 570 2640 624 evitemus.
2680 568 2771 623 Sic
2803 580 2857 625 et
2890 570 3084 624 beatus
3113 572 3314 625 Paulus
3354 574 3534 626 omni-

273 636 470 704 χρόνος
516 639 614 706 τῆς
647 641 744 709 σῆς
791 640 1104 707 θεοσεσείας
1143 646 1437 718 διεπούσης
1478 652 1571 703 τὸν
1622 653 1846 723 θρόνον·

273 727 370 778 καὶ
401 726 579 790 οὐδείς
607 731 760 783 ἐστιν
784 734 812 785 ό
841 735 1174 801 συνάγεσθαι
1210 741 1667 809 παραιτούμενος.
1711 745 1850 800 Ἀλλ’

269 818 320 869 εί
354 819 450 871 καί
502 820 607 874 πού
660 841 809 887 τινες
864 828 992 896 περὶ
1044 830 1141 900 τὴν
1190 834 1366 899 ἀρχὴν
1418 835 1852 907 φιλονεικότερον

268 911 613 978 πράττοντες
636 915 865 981 ἑαυτοὺς
885 920 1246 992 ἀπεμέριζον,
1274 911 1368 979 καὶ
1388 923 1534 981 οὗτοι
1561 930 1851 999 κέκληνται

266 1003 360 1059 διά
394 1006 496 1077 τὴν
525 1009 620 1063 τοῦ
648 1010 906 1083 Σωτῆρος
944 1017 1103 1086 ἡμῶν
1134 1020 1286 1089 ἰσχύν
1313 1039 1371 1073 τε
1401 1024 1493 1075 καὶ
1519 1027 1699 1095 χάριν.
1729 1027 1850 1080 Τῶν

266 1096 327 1149 δὲ
359 1100 418 1151 ἐν
447 1099 590 1155 τέλει
625 1104 706 1167 τίς
739 1108 765 1159 ὁ
796 1108 869 1178 μὴ
892 1113 989 1179 τῆς
1018 1113 1115 1175 ei;
1144 1114 1427 1177 εὐλαϐείας
1459 1118 1846 1188 ἀκροώμενοςς

267 1190 354 1283 τίς
385 1192 441 1245 δὲ
470 1197 499 1247 ὁ
526 1195 733 1267 ταύτης
782 1202 943 1256 ἕνεκα
978 1205 1080 1274 τῆς
1111 1208 1293 1271 αίτίας
1341 1210 1446 1274 ἔξω
1479 1216 1847 1283 μεμενηκᾶκζ

267 1281 389 1387 Οὐκ
409 1286 779 1387 semesam.
816 1296 908 1387 Μὴ
939 1298 1047 1367 γὰρ
1081 1298 1196 1369 δοίη
1231 1303 1258 1354 ὁ
1287 1302 1439 1362 θεός.
1468 1305 1599 1356 Τίνα
1627 1281 1850 1376 τοιγαρ-

268 1377 371 1427 οὗν
423 1377 751 1447 ἀνασώζων,
803 1386 835 1454 ἢ
874 1389 957 1451 είς
993 1390 1056 1443 τὸ
1098 1392 1427 1460 συνάγεσθαι
1474 1397 1680 1458 καλῶν,
1719 1399 1848 1469 ὃλην

267 1468 378 1533 ἔξω
431 1472 545 1537 θεὶς
591 1476 702 1530 τῶν
752 1480 851 1550 τῆς
913 1482 1241 1555 Ἐκκλησίας
1298 1491 1621 1559 περιϐόλων,
1656 1494 1758 1566 τήν
1789 1468 1846 1548 τε

265 1565 571 1632 Αἴγυπτον,
605 1571 701 1625 καὶ
745 1576 1216 1651 Αὐγουσταλικὴν.
1262 1584 1355 1636 καὶ
1402 1565 1717 1655 ’Λρκαδίαν,
1752 1592 1846 1641 καὶ

264 1660 534 1729 Θηδαῖδα,
565 1666 658 1719 καὶ
683 1668 914 1740 Λιϐύην,
944 1675 1037 1725 καὶ
1070 1675 1425 1742 Πεντάπολιν,
1452 1682 1545 1733 καὶ
1576 1684 1841 1750 τοσαύτας

277 1751 609 1844 ἐκκλησίας
658 1757 887 1827 λυπείςς
934 1762 1022 1817 ἵνα
1054 1766 1262 1835 μηδένα
1293 1771 1598 1844 κερδάνῃς·
1635 1777 1846 1841 πάντας

262 1842 376 1911 γὰρ
407 1847 775 1917 προεκέρδανε
810 1852 903 1905 τοῦ
951 1855 1206 1926 Σωτῆρος
1243 1862 1288 1931 εὴ
1322 1842 1659 1929 γάριςξΚαὶ
1714 1869 1845 1919 ἁνα-

261 1934 459 2005 τίθημι
490 1938 582 1991 τὸν
610 1941 704 1994 ἐπὶ
727 1943 905 2016 τούτῳ
936 1948 1099 2002 πόνον
1132 1926 1250 2015 τοῖς
1276 1926 1376 2024 τῆς
1397 1926 1503 2026 -σῆς
1532 1958 1841 2023 θεοσεϐείας
1876 1926 1919 1980 Β

259 2028 582 2099 διδάγμασι.
616 2035 710 2105 Μὴ
743 2040 927 2093 τοίνυν
970 2047 1270 2116 κατηγόρει
1314 2034 1512 2102 σαυτοῦ
1555 2053 1679 2112 τοὺς
1734 2057 1842 2106 ἀπὸ

261 2120 575 2185 φιλονείκου
613 2127 840 2198 γνώμης
874 2135 1338 2202 μεμερισμένους,
1374 2138 1470 2191 καὶ
1506 2139 1583 2210 μὴ
1607 2142 1842 2194 καταδε-

260 2214 527 2282 χομένους
564 2219 692 2272 ποτὲ
724 2221 786 2272 τὸ
820 2222 908 2274 ἐπ’
941 2226 1134 2296 ἐκείνῳ
1159 2227 1369 2283 δίκαιον
1400 2234 1596 2300 κρίμα.
1635 2236 1701 2287 Ἦ
1731 2239 1840 2308 γὰρ

257 2308 339 2367 είς
362 2308 621 2362 τοσοῦτον
648 2313 937 2377 νυστάζειν
969 2319 1119 2386 ἡμᾶς
1148 2319 1451 2391 ὑπείληφεν
1478 2327 1509 2394 ή
1552 2327 1617 2396 σὴ
1656 2328 1840 2381 θεοσέ-

258 2397 408 2465 6εια,
444 2400 586 2455 ὥστε
613 2404 688 2474 μὴ
721 2409 1020 2477 πειρᾶσθαι
1054 2413 1349 2481 μανθάνειν
1380 2418 1838 2488 ἐσπουδασμένως

256 2491 359 2555 τάς
386 2509 446 2544 τε
482 2493 582 2557 σὰς
608 2497 1019 2568 εὐδοκιμήσεις,
1067 2505 1159 2556 καὶ
1190 2506 1340 2566 ὅπως
1378 2509 1447 2560 τά
1468 2510 1561 2563 τοῦ
1584 2512 1838 2583 Σωτῆρος

257 2588 691 2653 χειραγωγείται
755 2591 1020 2659 ποίμνια·
1079 2600 1181 2661 μία
1240 2600 1417 2668 γὰρὴ
1478 2599 1585 2654 τῶν
1650 2606 1838 2673 ἱερέων

257 2679 509 2744 φροντὶς,
547 2682 640 2732 καὶ
686 2683 735 2734 εί
766 2685 1009 2749 τοπικῶς
1059 2685 1394 2759 διῃρήμεθα.
1444 2694 1583 2746 Ἀλλ’
1640 2696 1724 2747 tu
1761 2698 1835 2766 μὴ

256 2768 479 2839 δοκοίην
518 2771 610 2824 ἐπὶ
643 2773 820 2844 τούτῳ
854 2776 1219 2833 διατείνεσθαι
1265 2782 1407 2844 λίαν,
1457 2786 1552 2837 καὶ
1586 2788 1696 2848 τοῖς
1730 2788 1837 2838 ἀπὸ

255 2860 360 2931 τῆς
390 2863 489 2932 σῆς
536 2865 827 2931 εὐλαϐείας
871 2874 1088 2939 φρονεῖν
1133 2875 1373 2936 ἐναντία,
1412 2877 1655 2930 ἔστωσαν
1691 2897 1834 2942 τινες

254 2950 429 3020 ὀλίγοι
462 2955 657 3026 κομιδῇ
704 2958 1181 3042 διαστασιάζοντες
1223 2964 1302 3017 ἔτι
1367 2968 1461 3018 καὶ
1492 2968 1590 3035 τῆς
1624 2973 1831 3024 ἐκείνου

256 3049 460 3111 κακίας
505 3052 1046 3119 προκινδυνεύοντες.
1098 3057 1367 3111 Τοσαῦται
1425 3060 1482 3112 δέ
1539 3061 1670 3132 παρ’
1700 3066 1834 3132 ἡμῖν

253 3141 570 3210 ἐκκλησίαι,
599 3144 682 3197 ὅτι
712 3147 816 3215 χρὴ
843 3149 911 3199 τὰ
935 3149 1022 3200 ἐπ’
1048 3149 1241 3218 ἐκείνῳ
1269 3150 1569 3219 δεδογμένα
1606 3159 1832 3225 κρατεῖν

1964 660 2069 714 bus
2098 660 2279 715 factus
2321 672 2405 716 est
2452 664 2658 725 omnia,
2690 680 2797 716 non
2849 674 2907 717 ut
2958 665 3219 732 exiguum
3270 665 3531 733 quiddam

1967 752 2341 819 lucrifaceret,
2374 765 2579 823 partem
2614 766 2798 809 autem
2828 758 3137 825 quampiam
3175 757 3375 810 damno
3420 758 3534 810 alli-

1964 855 2141 911 ceret,
2192 847 2289 901 sed
2338 858 2397 901 ut
2429 863 2622 902 omnes
2658 848 2989 903 lucraretur.
3030 848 3324 903 Videamus
3377 866 3530 918 ergo.

1964 939 2235 1011 ejusmodi
2267 955 2452 994 rerum
2500 942 2910 1008 investigationi
2943 944 3287 1001 insiStt-nles,
3323 958 3390 993 an
3423 958 3527 993 non

1962 1034 2090 1101 plus
2158 1034 2285 1088 huic
2335 1050 2512 1089 causae
2556 1036 2687 1088 insit
2736 1034 2886 1097 mali,
2925 1011 3225 1102 (lltn'lll‘iliil
3275 1031 3553 1086 videatur-

1970 1128 2179 1181 habere
2228 1128 2379 1181 boni.
2413 1128 2517 1182 Tot
2562 1128 2672 1197 jam
2730 1129 3047 1197 pra-teriere
3099 1129 3249 1188 anni,
3299 1143 3363 1179 cx
3422 1142 3532 1194 quo

1968 1222 2144 1290 pietas
2178 1232 2266 1276 tua
2298 1220 2556 1275 thronum
2584 1236 2743 1275 suum
2778 1220 2952 1274 tenuit
2982 1234 2995 1278 :
3028 1235 3203 1288 neque
3235 1218 3531 1288 quisquam

1960 1326 2067 1381 est,
2125 1316 2219 1385 qui
2267 1324 2575 1369 conventus
2624 1316 2679 1368 in
2722 1314 2967 1367 Ecclesia
3015 1324 3138 1367 tuos
3182 1314 3340 1377 vitet,
3394 1313 3528 1381 quin

1961 1410 2190 1463 etiamsi
2225 1409 2293 1463 ab
2334 1407 2495 1461 initio
2527 1407 2779 1460 nonnulli
2810 1407 3115 1461 dissidendi
3164 1422 3349 1459 amore
3384 1407 3532 1474 seip-

1958 1521 2050 1558 sos
2082 1504 2151 1557 ab
2185 1504 2295 1558 illis
2327 1510 2713 1573 segregarunt.
2761 1513 2943 1555 tamen
2987 1511 3043 1554 et
3092 1500 3168 1553 illi
3205 1515 3302 1568 per
3329 1498 3437 1552 vim
3474 1509 3531 1551 ct

1953 1597 2188 1665 gratiam
2240 1595 2447 1650 Christi
2504 1594 2745 1650 revocati
2791 1602 2939 1647 sunt.
2996 1593 3069 1646 Ex
3116 1591 3529 1655 magistratibus

1952 1704 2087 1743 vero
2114 1688 2239 1757 quis
2278 1703 2388 1742 non
2415 1687 2643 1757 pietatis
2674 1696 2779 1740 tua:
2806 1684 2971 1738 dictis
3000 1684 3231 1736 audiens
3253 1681 3379 1735 est?
3402 1684 3529 1751 quis

1950 1783 2022 1835 ob
2074 1782 2219 1837 hanc
2266 1782 2438 1850 ipsam
2482 1794 2705 1834 causam
2754 1788 2857 1841 est,
2892 1778 2984 1846 qui
3034 1790 3188 1831 extra
3235 1777 3525 1829 ecclesiam

1952 1874 2422 1930 maneat?Nemo
2469 1873 2716 1944 profecto
2758 1881 2868 1926 est.
2920 1870 3037 1925 Non
3082 1870 3227 1923 enim
3283 1869 3388 1922 hoc
3434 1869 3528 1921 ιιι-ι

1950 1969 2115 2023 Deus.
2147 1968 2338 2035 Itaque
2386 1980 2682 2034 quemnam
2716 1963 2781 2017 ad
2813 1963 3049 2017 salutem
3100 1975 3389 2020 revocans.
3431 1969 3526 2012 aut

1948 2062 2013 2114 ad
2051 2060 2335 2130 legitimos
2372 2058 2426 2111 in
2463 2057 2698 2110 ecclesia
2732 2065 3039 2110 conventus
3065 2053 3357 2115 reducens,
3390 2052 3522 2120 quin

1945 2169 2163 2207 omnem
2187 2151 2371 2221 potius
2390 2149 2638 2205 ecclesia
2662 2148 2936 2203 moenibus
2953 2146 3180 2213 cjicicus
3199 2141 3522 2213 Egyptum,

1945 2246 2227 2314 regionem
2253 2244 2418 2298 etiam
2453 2242 2828 2311 Augustalem,
2863 2245 2916 2292 et
2952 2236 3269 2296 Arcadiam.
3295 2243 3349 2288 et
3378 2234 3523 2287 The-

1947 2338 2167 2399 Imiden,
2198 2346 2255 2390 et
2296 2335 2547 2405 Libyam,
2588 2341 2643 2387 et
2670 2330 3011 2399 Pentapolim
3043 2338 3100 2382 et
3137 2335 3215 2379 tot
3254 2325 3520 2380 ecclesias

1943 2432 2136 2486 dolore
2191 2428 2400 2484 amcis?
2454 2444 2561 2482 non
2624 2433 2682 2478 ut
2738 2438 3073 2493 quemquam
3132 2419 3454 2473 lucrifacias
3502 2434 3516 2469 :

1943 2539 2136 2578 omnes
2185 2537 2423 2589 namque
2475 2518 2755 2575 lucrifccit
2805 2516 2976 2582 gratia
3026 2512 3361 2568 SerVatoris.
3411 2511 3518 2564 Re-

1944 2619 2102 2673 mitto
2139 2628 2192 2670 te
2225 2618 2328 2671 hac
2373 2616 2431 2669 in
2474 2630 2533 2666 re
2580 2612 2646 2665 ad
2698 2612 2872 2678 ipsam
2910 2608 3133 2678 pietatis
3174 2618 3279 2660 tua:
3309 2606 3515 2658 doctri-

1942 2729 2089 2766 nam.
2136 2712 2217 2766 Ne
2266 2709 2435 2778 igitur
2484 2715 2676 2760 contra
2726 2715 2776 2757 te
2822 2707 3000 2772 ipsum
3048 2701 3302 2755 celebres
3347 2708 3515 2767 atque

1942 2807 2186 2860 illustres
2228 2820 2327 2859 eos
2371 2803 2466 2871 qui
2499 2800 2827 2855 adversandi
2877 2798 3063 2851 studio
3111 2798 3163 2850 in
3191 2804 3373 2865 partes
3405 2796 3513 2847 dis-

1939 2916 2184 2961 cessere,
2222 2914 2405 2967 neque
2473 2895 2952 2965 unquamjustum
2999 2892 3067 2944 de
3114 2890 3314 2958 seipsis
3357 2888 3512 2958 judi-

1939 2996 2087 3049 cium
2117 2991 2419 3059 accipiunt.
2458 2990 2539 3044 An
2585 2989 2656 3040 ita
2702 2986 3003 3039 connivere
3048 2993 3105 3035 et
3151 2988 3368 3037 cesSare
3410 2996 3512 3034 nos

1937 3090 2112 3158 pietas
2144 3094 2236 3138 tua
2277 3082 2617 3152 suspicatur,
2660 3087 2721 3132 ut
2772 3094 2879 3131 non
2931 3076 3227 3145 diligenter
3269 3074 3335 3127 de
3369 3086 3511 3141 pra:-

1936 3183 2083 3234 clara
2112 3179 2256 3233 fama
2287 3185 2406 3239 tua,
2434 3182 2491 3227 et
2516 3172 2798 3243 quomodo
2841 3168 3157 3224 Servatoris
3188 3181 3382 3236 greges
3421 3181 3511 3217 rr-

251 3233 750 3344 διισχυριζόημεναι.
779 3239 952 3344 ’Τίσιν
980 3241 1075 3294 οὖν
1106 3244 1206 3313 τὴν
1236 3245 1420 3313 ψῆφον
1453 3246 1828 3317 άπονέμεσθαι
1858 3284 1901 3341 c

1858 3284 1901 3341 (ζ
1936 3283 2135 3344 gantur
2186 3280 2352 3338 atque
2399 3266 2868 3328 manuducantur,
2924 3257 3510 3329 inquiramus?ﬁ96

251 3328 506 3394 δίκαιον;
559 3331 726 3393 Τίνας
774 3331 832 3385 δὲ
887 3333 1285 3404 εὐφραίνεσθαι
1344 3338 1547 3407 μᾶλλον
1606 3341 1831 3409 ἀρέσκει

252 3423 377 3492 θεῷ
397 3441 414 3489 ;
438 3424 563 3487 τοὺς
584 3425 778 3495 ἐκείνῳ
800 3429 1239 3497 συνηγοροῦντας
1257 3432 1481 3484 τοιαῦτα
1500 3434 1830 3502 πεπραχότι,

253 3512 288 3581 ἢ
320 3514 449 3574 τοὺς
471 3515 564 3564 ἐπὶ
594 3513 763 3582 τιμῆς
798 3516 1108 3581 ἐγνωκότας
1131 3559 1146 3580 ,
1199 3511 1243 3585 ᾧ
1294 3520 1355 3570 τὸ
1400 3519 1587 3572 λυπεῖν
1623 3521 1831 3590 λελόγι-

255 3622 380 3658 σται
406 3604 538 3674 παρ’
563 3606 747 3672 οὖδέν;
778 3608 840 3661 Ei
865 3610 1046 3662 τοίνυν
1070 3612 1129 3663 τὸ
1156 3610 1429 3676 σώζεσθαι
1455 3614 1554 3683 τὴν
1580 3617 1832 3683 ὁμόνοιαν

252 3696 365 3751 τῶν
385 3698 691 3768 ἐκκλησιῶν
722 3699 823 3752 οὐκ
856 3702 1330 3773 εὐκαταφρόνητον
1363 3705 1638 3772 φαίνεται,
1672 3706 1832 3761 λῦσον

256 3794 317 3844 τὸ
347 3794 553 3861 τέμνον
575 3794 805 3863 ταύτην,
858 3795 1167 3863 παρακαλῶ
1190 3811 1204 3826 ·
1243 3797 1371 3866 βάλε
1419 3799 1518 3867 τὴν
1553 3802 1832 3869 μάχαιραν

254 3886 337 3948 είς
366 3885 467 3955 τὴν
498 3886 677 3957 θήκην
711 3889 902 3957 αὐτῆς.
941 3889 1219 3942 Κέλευσον
1252 3888 1346 3941 τοῦ
1379 3893 1689 3961 καταλόγου
1721 3896 1831 3947 τῶν

254 3980 576 4033 ἐπισκόπων
616 3979 971 4051 ἐξαιρεθῆναι
1001 3981 1101 4053 τὴν
1148 3983 1397 4037 Ἰωάννου
1428 3988 1827 4057 προσηγορίαν.

252 4070 451 4140 Είγάρ
484 4071 638 4124 οὐδὲν
680 4068 827 4127 εἶναι
870 4074 1030 4128 τοῦτο
1074 4076 1427 4146 λογιούμεθα,
1476 4080 1550 4149 μὴ
1589 4079 1831 4133 λυπείτω

251 4164 347 4215 τὸν
380 4163 492 4218 τῶν
530 4164 849 4219 ἀποστόλων
888 4167 1049 4237 χορὸν
1084 4170 1111 4221 ὀ
1155 4168 1421 4240 προδότης
1473 4172 1656 4236 αὐτοῖς
1697 4190 1829 4240 συγ-

254 4258 756 4325 καταταττόμενος.
789 4261 1199 4332 Είσφερομένης
1233 4263 1287 4316 δὲ
1312 4264 1414 4333 τῆς
1457 4266 1626 4319 ’ἰούδα
1654 4284 1827 4335 προσ-

253 4352 508 4421 ηγορίας,
542 4352 647 4405 ποῦ
681 4353 868 4424 λοιπὸν
908 4357 1040 4426 ἡμῖν
1074 4357 1101 4408 ό
1146 4356 1393 4421 Ματθίας
1449 4375 1512 4426 γε
1543 4360 1825 4426 κείσεται;

252 4444 317 4497 El
358 4446 541 4496 τοίνυν
566 4446 740 4507 οὐδεὶς
765 4447 857 4499 τὸν
892 4447 1141 4502 Ματθίαν
1167 4449 1415 4503 ἐκϐαλὼν
1444 4452 1710 4522 ἐγγραψοι
1735 4455 1827 4505 τὸν

266 4537 469 4589 Ἰούδκν
507 4537 585 4606 τῷ
608 4537 716 4589 τῶν
743 4541 1057 4593 ἀποστόλων
1087 4541 1255 4611 χορῷ,
1292 4542 1503 4612 μενέτω
1534 4546 1629 4596 καὶ
1662 4546 1825 4607 σωζέ-

1937 3366 2055 3422 Una
2096 3376 2335 3431 namque
2370 3360 2507 3421 haec,
2536 3355 2755 3410 etiamsi
2795 3355 3042 3409 locorum
3087 3352 3508 3419 intercapedine

1938 3455 2199 3527 disjuucti
2252 3454 2403 3514 sint,
2454 3451 2846 3518 episcoporum
2893 3454 2981 3498 est
3027 3458 3182 3497 cura.
3246 3440 3507 3494 Sedenitn

1936 3563 2003 3602 ne
2037 3548 2091 3600 in
2127 3545 2231 3598 hoc
2279 3540 2545 3612 prolixior
2570 3554 2714 3605 esse,
2746 3549 2804 3591 et
2845 3535 3035 3605 pietati
3085 3544 3194 3588 tua:
3224 3531 3506 3585 contraria

1934 3638 2141 3692 sentire
2175 3633 2365 3687 videar
2392 3650 2405 3686 :
2431 3643 2551 3683 esto
2578 3640 2637 3682 ut
2672 3627 2829 3697 pauci
2863 3625 3155 3679 admodum
3188 3622 3299 3678 sint
3321 3622 3505 3675 adhuc

1934 3726 2205 3789 St-ditiosi,
2254 3726 2347 3795 qui
2397 3740 2455 3777 se
2510 3736 2609 3791 pro
2654 3722 2801 3775 illius
2851 3719 3189 3787 malignitate
3255 3715 3504 3783 periculo

1932 3826 2216 3888 exponunt
2247 3834 2260 3870 :
2297 3815 2440 3884 apud
2472 3831 2571 3867 nos
2598 3822 2780 3865 autem
2815 3821 2894 3864 tot
2926 3818 3056 3863 sunt
3081 3808 3350 3869 ecclesiae,
3379 3822 3503 3875 quae

1933 3914 2001 3967 de
2048 3913 2257 3967 Joanne
2301 3909 2523 3963 decreta
2572 3905 2827 3960 obtinere
2882 3902 3085 3956 debere
3128 3898 3494 3953 contendunt.

1932 4010 2145 4076 Quibus
2189 4005 2360 4075 igitur
2404 4000 2691 4070 suffragari
2745 4011 2961 4066 aequum
2992 3995 3114 4049 est?
3160 3993 3395 4059 Quinam
3442 4002 3502 4045 ut

1932 4102 2212 4161 iwtentur,
2259 4097 2369 4151 Deo
2398 4093 2659 4163 placitum
2688 4089 2809 4143 est?
2836 4088 2992 4142 llline
3037 4085 3131 4155 qui
3161 4084 3361 4139 JOanni
3402 4098 3500 4150 pa-

1933 4191 2299 4248 trocinantur.
2333 4201 2457 4241 cum
2501 4193 2649 4237 tanta
2694 4178 3068 4249 designaverit
3098 4195 3111 4231 :
3145 4192 3214 4231 an
3249 4175 3342 4245 qui
3378 4190 3496 4245 pa:-

1930 4298 2056 4336 uam
2114 4277 2322 4333 homini
2354 4276 2681 4342 iirrogarunt
2728 4271 2779 4325 ei
2835 4270 2931 4338 qui
2979 4284 3103 4323 cum
3137 4268 3273 4321 alios
3305 4266 3495 4320 dolore

1931 4369 2196 4432 alliceret,
2248 4382 2349 4437 pro
2400 4365 2577 4419 nihilo
2610 4363 2807 4416 duxit?
2838 4360 2995 4427 Quod
3042 4359 3086 4413 si
3138 4359 3494 4413 concordiam

1929 4462 2291 4518 ecclesiarum
2345 4471 2696 4521 c0nservare,
2753 4455 2977 4507 minime
3028 4453 3495 4507 contemnendum

1928 4557 2173 4619 videtur,
2208 4553 2359 4607 solve
2410 4552 2461 4604 id
2517 4564 2671 4618 rogo.
2707 4548 2853 4617 quod
2906 4562 3026 4600 eam
3085 4546 3313 4599 scindit.
3344 4544 3497 4596 Mitte

252 4629 389 4691 σθω,
449 4630 780 4697 παρακαλῶ,
829 4633 970 4699 μετὰ
1018 4632 1111 4685 τὸν
1168 4636 1268 4703 τῆς
1307 4635 1555 4704 ἀοιδίμου
1601 4637 1824 4706 μνήμης
1863 4640 1906 4693 ι)

1819 4655 1824 4698 ;
1863 4640 1906 4693 Ι)
1933 4648 2173 4717 gladium
2222 4644 2277 4698 in
2324 4643 2579 4713 vaginam
2617 4656 2791 4694 suam.
2835 4639 2975 4695 Jube
3007 4654 3073 4692 ex
3111 4639 3497 4706 episcoporum

249 4722 560 4791 Νεκτὰριον
616 4724 873 4793 δεύτερος
920 4728 948 4779 ό
980 4725 1075 4779 τοῦ
1125 4732 1489 4799 πανευφήμου
1529 4728 1823 4799 ’Δρσακίου

251 4816 498 4887 βαθμό;’
549 4817 635 4871 ἴνα
674 4819 749 4887 μή
799 4835 852 4870 τι
908 4817 1002 4890 βία
1042 4821 1433 4890 παρεισαχθέν,
1490 4821 1665 4893 ἐξώσῃ
1726 4822 1823 4875 τοῦ

252 4909 531 4979 μακαρίου
566 4911 664 4979 τὴν
702 4912 948 4980 μνήμην.
984 4911 1123 4965 Ἀλλ’
1143 4912 1321 4982 ὀλίγοι
1349 4914 1512 4982 τυχὸν
1536 4916 1627 4967 ἐπὶ
1652 4916 1826 4983 τούτῳ

246 5001 703 5070 δυσχεραίνουσιο
756 5002 903 5055 δίδου
956 5020 1049 5074 μοι
1084 5008 1225 5074 μετὰ
1263 5008 1581 5078 παρρησίας
1624 5010 1821 5063 εἰπεῖν.

250 5094 468 5156 Πάντας
503 5094 601 5166 μὲν
620 5094 896 5165 εὐχόμεθα
929 5096 1234 5160 σώζεσθαι*
1262 5101 1312 5150 εί
1335 5099 1393 5151 δέ
1423 5117 1511 5162 τις
1536 5100 1595 5164 ἐξ
1618 5101 1824 5164 οἰκείας

246 5188 494 5257 ἀμαθίας
531 5189 851 5259 χωρίζεται,
896 5189 1130 5253 καὶτοῖς
1164 5191 1269 5261 τῆς
1313 5193 1643 5263 Ἐκκλησίας
1674 5197 1824 5249 ἀντι-

246 5283 419 5333 τείνει
476 5280 722 5350 θεσμοῖς.
776 5282 861 5343 τίς
902 5282 1155 5352 ήτούτου
1200 5281 1411 5355 (quia;
1459 5282 1535 5339 Ἦ
1570 5288 1676 5358 γὰρ
1705 5288 1824 5357 οὐχὶ

248 5375 346 5426 καὶ
377 5373 543 5437 αὐτὸς
569 5376 597 5427 ό
622 5374 814 5445 Σωτὴρ
857 5374 1127 5429 διδάσκων
1156 5378 1303 5448 ἡμᾶς
1349 5380 1409 5431 τὸ
1443 5381 1687 5435 τοιοῦτον
1730 5385 1822 5435 καὶ

246 5462 421 5515 τύπον
457 5464 514 5515 ἐν
544 5464 680 5517 πᾶσι
711 5465 908 5531 τιθεὶς,
942 5467 1121 5519 ἐλάλει
1166 5468 1266 5537 μὲν
1296 5470 1409 5532 τοῖς
1438 5471 1723 5539 προσιοῦσι
1754 5474 1823 5527 τα

248 5555 607 5625 συμφέροντα
626 5572 643 5589 ο
668 5555 1027 5619 ἀπειθοῦντας
1057 5558 1116 5612 δέ
1153 5558 1247 5611 καὶ
1276 5560 1640 5625 ἀνανεύοντας
1666 5564 1821 5631 ἠφίει

246 5646 624 5718 χωρίζεσθαι;
653 5648 751 5702 καὶ
783 5648 1038 5703 τοσοῦτον
1074 5652 1396 5720 ἀφειστήκει
1429 5651 1522 5705 τοῦ
1550 5656 1819 5708 ποιεῖσθαί

244 5756 377 5793 τινα
403 5740 512 5792 τῶν
540 5740 804 5794 τοιούτων
841 5742 1019 5811 λόγον,
1055 5744 1130 5806 ὡς
1181 5748 1271 5796 καὶ
1322 5745 1459 5814 πρὸς
1508 5746 1705 5811 αὐτοὺς
1738 5749 1817 5800 εἰ-

245 5837 374 5887 πεῖν
415 5834 543 5896 τοὺς
597 5833 868 5903 μαθητὰς,
896 5836 990 5903 Μὴ
1040 5836 1137 5891 καὶ
1190 5837 1379 5911 ὑμεῖς,
1416 5841 1616 5893 θέλετε
1665 5842 1818 5895 ὑπά.

251 5942 408 5998 γειν;
435 5928 547 5992 τοῖς
577 5930 673 6001 μὲν
705 5929 983 5992 εὐπειθέσι
1020 5931 1219 5998 πολλήν
1244 5949 1361 5987 τινα
1385 5922 1594 5989 δεκαιον
1626 5936 1818 5989 ἀπονέ-

1931 4739 2350 4793 nomenclatura
2381 4734 2611 4789 Joannis
2644 4748 2842 4787 nomen
2877 4732 3066 4785 eximi.
3101 4729 3232 4783 Nam
3267 4730 3311 4782 si
3342 4728 3495 4798 parvi

1932 4829 1984 4882 id
2019 4827 2253 4882 facimus
2290 4835 2343 4881 et
2390 4826 2651 4886 dicimus,
2691 4839 2798 4876 non
2830 4820 3025 4876 aﬁ‘erat
3064 4821 3314 4873 dolorem
3363 4832 3498 4886 apo-

1935 4922 2210 4975 stolorum
2243 4920 2414 4973 choro
2437 4917 2607 4972 Judas
2638 4916 2904 4985 proditor,
2931 4915 2983 4968 in
3007 4915 3201 4969 eodem
3232 4930 3357 4967 cum
3388 4914 3497 4967 illis

1935 5013 2128 5066 ordine
2160 5025 2399 5065 census:
2430 5007 2582 5063 ludat
2616 5016 2799 5060 autem
2831 5007 3050 5059 nomine
3082 5007 3135 5059 in
3165 5020 3358 5058 eorum
3388 5020 3495 5057 nn-

1930 5120 2148 5159 tnerum
2199 5105 2396 5168 relato,
2451 5118 2561 5172 quo
2612 5099 2811 5155 deinde
2846 5101 2967 5154 loco
3022 5099 3279 5152 Matthiae
3336 5098 3494 5151 nobis

1930 5196 2212 5269 ponetur?
2263 5196 2399 5250 Cum
2449 5195 2616 5263 igitur
2655 5208 2816 5246 nemo
2869 5192 3092 5246 Matthia
3136 5192 3311 5261 ejecto
3360 5208 3493 5259 apo-

1928 5293 2195 5346 stolorum
2234 5289 2405 5342 choro
2434 5286 2629 5341 ludam
2666 5284 3005 5352 ascripserit,
3043 5294 3260 5335 maneat
3299 5292 3352 5335 et
3380 5299 3493 5336 ser-

1927 5393 2107 5443 vetnr,
2140 5381 2351 5441 hortor,
2389 5388 2513 5447 post
2560 5376 2798 5429 celebris
2835 5374 3115 5428 memoria:
3146 5374 3487 5436 Neoterium,

1926 5475 2203 5528 secundus
2234 5470 2601 5525 laudatissimi
2633 5468 2842 5523 Arsacii
2878 5467 3100 5537 gradus,
3127 5483 3196 5520 ue
3223 5467 3354 5535 quid
3395 5482 3491 5534 per

1924 5569 2031 5620 vim
2071 5581 2353 5636 perperam
2395 5576 2445 5619 et
2501 5565 2786 5633 illegitime
2820 5562 3131 5618 inductum.
3166 5563 3490 5615 memoriam

1924 5661 2068 5715 benti
2104 5660 2204 5711 viri
2254 5658 2533 5727 exploti-at.
2571 5657 2676 5709 Sed
2713 5657 2867 5725 pauci
2918 5654 3148 5707 fortasse
3194 5656 3297 5707 hoc
3345 5670 3488 5720 aegre

1924 5753 2130 5805 ferunt.
2188 5750 2449 5803 Permitte
2479 5761 2662 5801 autem
2715 5748 2847 5800 mihi
2886 5757 2945 5800 ut
2988 5747 3161 5800 libere
3211 5762 3331 5815 qua:
3367 5743 3491 5799 voio

1922 5844 2125 5897 dicam.
2188 5842 2391 5896 Omnes
2460 5842 2715 5909 equidem
2767 5840 2946 5894 salvos
2999 5840 3117 5894 ﬁcri
3162 5848 3367 5908 optem.
3424 5838 3481 5891 Si

1923 5939 2046 6007 quis
2088 5953 2215 5992 vero
2264 5935 2542 6006 impetitia
2590 5950 2688 5993 sua
2739 5935 2806 5991 ab
2854 5934 3097 5991 Ecclesia
3143 5934 3376 6000 secedit,
3431 5940 3487 5989 et
