4250 6440
238 411 384 474 ’1149

1174 417 1777 480 ECCLESIASTIC/E
1813 421 2202 482 illSTORIzE
2245 424 2386 486 LIB.
2424 426 2579 486 XIV.

3371 421 3511 488 1150

245 531 470 592 πάντως
499 532 566 584 τὰ
594 531 784 586 δέοντα
817 536 943 598 τοὺς
990 535 1487 606 τεθορυϐημένους.
1517 537 1703 605 Ἔχεις
1735 538 1832 606 ἀρ·
1859 541 1901 595 Α

1827 541 1901 595 ιΑ
1936 537 2148 601 dolore,
2183 541 2359 596 libere
2393 542 2581 597 dicere
2617 541 2869 612 possim),
2912 557 2980 596 ne
3030 540 3277 596 accessio
3310 542 3505 594 vulne-

247 623 453 677 κοῦσαν
487 626 598 677 τῶν
636 626 799 697 ἱερῶν
830 629 1211 698 κηρυγμάτων
1237 636 1335 698 τὴν
1364 631 1544 699 χάριν.
1579 631 1823 693 Πείσεις,

243 714 405 774 οἶδα.
465 718 560 770 καὶ
611 719 738 781 τοὺς
803 720 1232 783 ιὺσεϐεστάτους
1288 721 1550 790 βασιλεῖς,
1603 724 1826 794 ἀγαπᾷν

246 811 500 881 συνήθως
542 813 602 864 τὸ
632 816 745 876 τοῖς
773 815 966 868 κανόσι
991 816 1205 868 δοκοῦν.
1234 816 1496 879 Εὐσεϐεϊς
1530 817 1638 887 γάρ
1673 817 1826 880 ὄντες

245 905 344 957 καὶ
373 905 735 974 φιλόχριστοι,
768 907 996 976 θεσμοῖς
1028 909 1181 972 ίδίοις
1220 909 1576 979 ἐπιτρέψουσι
1606 911 1828 963 διοικεῖ-

248 998 374 1050 σθαι
398 998 497 1059 τὰς
522 999 843 1065 ἐκκλησίας,
879 1001 974 1054 καὶ
999 1001 1100 1070 τῆς
1133 1003 1398 1072 πατρῴας
1424 1004 1625 1072 ἀρετῆς
1654 1005 1828 1074 ὑπάρ-

247 1105 440 1157 χοντες
473 1089 738 1156 ζηλωταὶ,
779 1091 847 1143 τά
898 1093 1126 1144 ἐκείνων
1178 1095 1534 1163 μιμήσονται.
1571 1096 1663 1164 Μὴ
1700 1113 1828 1147 τατ-

244 1181 426 1234 τέσθω
481 1181 774 1250 τοιγαροῦν
828 1185 854 1236 ό
907 1184 1310 1255 ἐκϐεϐλημένος
1374 1185 1629 1256 Ἰεχονίας
1691 1187 1828 1256 μετὰ

246 1275 414 1327 Δαυῖδ
440 1292 499 1326 τε
533 1277 626 1328 καὶ
657 1277 913 1347 Σαμουὴλ
938 1278 1047 1330 τῶν
1074 1280 1373 1349 προφητῶν
1393 1294 1408 1310 '
1438 1281 1574 1350 μηδέ
1601 1281 1653 1332 εί
1686 1299 1829 1334 τισιν

243 1367 452 1429 ἀδίκως
485 1367 630 1434 ἔδοξε
665 1369 726 1420 τὸ
761 1369 1009 1436 ΙοΣίιδοΞίου
1040 1371 1293 1440 λείψανον
1333 1373 1390 1425 ἐν
1418 1375 1600 1436 αὐτοῖς
1631 1375 1831 1426 ἀποτε-

248 1461 468 1514 θεῖσθαι
505 1463 718 1526 τόποις,
745 1463 832 1517 διὰ
862 1463 1025 1517 τοῦτο
1064 1467 1162 1519 καὶ
1202 1467 1365 1535 ἡμεῖς
1393 1467 1483 1519 τὸν
1513 1467 1727 1538 ἀνίερον
1757 1466 1830 1529 ὡς

249 1555 400 1622 ἱερὸν
445 1555 813 1624 είσφέρωμεν.
874 1558 1073 1627 Ἐχρῆν
1121 1558 1231 1629 γάρ
1283 1560 1455 1627 δήπου
1504 1560 1702 1629 μᾶλλον
1732 1561 1833 1613 κά·

247 1649 398 1699 κεῖνο
427 1647 718 1717 διόρθωσιν
751 1649 1134 1718 ἐπιζητεῐσθαι
1165 1652 1296 1721 παρ’
1329 1652 1511 1722 ήμῶν,
1543 1653 1642 1706 οὐκ
1669 1653 1831 1707 αὑτὸν

256 1738 600 1808 μορφοῦσθαι
652 1740 718 1792 τὰ
755 1740 1008 1812 δεύτερα.
1063 1742 1175 1796 Καὶ
1203 1744 1380 1797 ταῦτά
1415 1761 1596 1814 φαμεν
1632 1745 1728 1814 οὐχ
1756 1745 1832 1808 ὼς

249 1833 688 1897 ἐπεμϐαίνοντες
712 1833 790 1902 τῷ
820 1836 1062 1904 κειμένῳ
1080 1851 1095 1867 ο
1133 1837 1206 1906 μὴ
1235 1837 1344 1908 γὰρ
1367 1839 1482 1907 δοίη
1508 1839 1639 1900 Θεός
1663 1855 1675 1869 ·
1708 1838 1831 1893 οὐδὲ

248 1927 637 1996 ἐπιχαίροντες
667 1927 742 1991 ὡς
784 1929 1098 1998 γέγραπται
1126 1933 1238 1994 τοῖς
1275 1931 1578 2001 ἀλλοτρίοις
1610 1937 1826 1997 κακοῖς·

249 2021 312 2073 οὐ
343 2021 452 2090 γὰρ
483 2014 642 2084 οὗτος
693 2023 1043 2093 Χριστιανῶν
1091 2025 1292 2088 σκοπός
1315 2041 1331 2057 ο
1390 2025 1527 2080 ἀλλὰ
1563 2028 1662 2096 τῆς
1693 2028 1832 2096 πρὸς

250 2115 541 2186 ἄνθρωπον
591 2117 962 2186 συμπαθείας,
996 2119 1056 2171 τὸ
1094 2122 1160 2190 τῇ
1198 2119 1499 2190 Ἐκκλησία
1551 2123 1833 2191 συμφέρον

248 2211 611 2278 πράττοντες,
659 2212 892 2264 καὶτῶν
940 2212 1152 2282 ταύτης
1186 2215 1427 2268 κανόνων
1459 2216 1614 2268 οὐδὲν
1665 2217 1833 2286 ἡγού-

253 2320 410 2370 μενοι
454 2305 875 2374 προτιμότερον.
909 2307 969 2358 El
1007 2306 1107 2375 μὲν
1142 2305 1270 2373 ἐξῆν
1299 2307 1452 2375 οὐδὲν
1483 2307 1585 2376 μὲν
1621 2307 1835 2368 τούτοις

247 2394 621 2462 λυμήνασθαι,
655 2397 1023 2450 κατατάττειν
1044 2398 1099 2450 δέ
1119 2400 1175 2450 ἐν
1203 2398 1525 2460 ἐπισκόποις
1548 2400 1642 2452 τὸν
1664 2400 1836 2470 καθῃ-

258 2488 500 2557 ρημένον
525 2505 540 2519 ο
580 2484 648 2558 ἦν
691 2488 758 2542 ἂν
790 2491 1016 2552 εἰκότως
1045 2492 1241 2555 εἰπεῖν,
1287 2493 1517 2558 ἀγρίους
1550 2493 1706 2553 τινὰς
1739 2495 1833 2546 καὶ

251 2579 571 2648 ἀνημέρους
591 2582 716 2644 τοὺς
733 2582 891 2635 τοῦτο
910 2582 1163 2651 γενέσθαι
1189 2585 1591 2647 διακωλύοντας
1607 2602 1620 2616 ⁸
1644 2585 1832 2655 ἐπειδὴ

246 2673 306 2725 δὲ
335 2675 553 2744 ἀνάγκη
592 2676 920 2743 κρατοῦντος
979 2675 1096 2739 ἐνὸς
1147 2676 1246 2745 τὴν
1293 2677 1386 2729 τοῦ
1435 2679 1624 2748 ἐτέρου
1658 2697 1834 2749 παρα-

245 2765 476 2818 λύεσθαι
525 2765 798 2836 δύναμιν,
869 2767 1183 2824 νικάτωσαν
1234 2769 1284 2820 οί
1341 2769 1442 2837 τῆς
1503 2769 1834 2838 Ἐκκλησίας

248 2861 470 2929 θεσμοὶ,
503 2861 596 2912 καὶ
627 2863 988 2933 ἀποχωρείτω
1019 2863 1127 2915 τῶν
1165 2863 1460 2931 ίερατικῶν
1511 2863 1832 2929 καταλόγων

246 2956 275 3006 ὁ
304 2954 378 3023 μὴ
413 2955 752 3022 λειτουργὸς.
783 2955 954 3007 Τοῦτο
984 2957 1092 3024 γὰρ
1125 2955 1390 3007 συνάπτει
1430 2956 1568 3023 πρδς
1606 2956 1833 3026 εἰρήνην

247 3049 352 3108 τάς
383 3047 682 3116 ἐκκλησίας
703 3063 715 3076 ⁸
752 3048 910 3101 τοῦτο
942 3051 1125 3100 πᾶσαν
1162 3050 1296 3118 ἡμῖν
1336 3049 1640 3117 δμοψυχίαν
1669 3049 1832 3117 ἀνερ-

247 3139 506 3205 γάσαιτο.
537 3139 692 3192 Δίδου
719 3139 1014 3211 τοιγαροῦν
1046 3142 1176 3209 ήμῑν
1202 3142 1261 3191 τὸ
1297 3140 1630 3207 συνάγεσθαι
1663 3140 1834 3192 καθα-

1932 649 2053 688 rum
2093 632 2314 699 fiamus,
2351 636 2447 690 sed
2496 634 2683 704 potius
2734 635 3052 703 Opinionem
3103 648 3248 694 eam,
3285 647 3392 702 qua
3431 643 3511 688 tc-

1931 729 2239 783 meritatem
2284 730 2520 785 aliorum
2570 729 2748 783 secuti
2801 743 2925 782 esse
2978 727 3152 781 videri
3205 727 3504 796 possimus,

1930 823 2228 893 fugiamus.
2286 823 2456 894 598
2511 824 2761 878 Demiror
2814 836 2946 876 vero
2995 822 3099 875 hoc
3157 836 3401 890 quoque,
3458 819 3505 872 si

1930 915 2264 976 Alexander,
2319 930 2481 982 quem
2544 914 2828 977 diximus,
2903 921 3014 966 tam
3076 911 3138 965 ad
3207 911 3507 966 dicendum

1930 1019 2224 1078 promptus
2257 1017 2312 1062 et
2353 1009 2629 1077 copiosus,
2665 1017 2719 1062 et
2774 1005 2867 1075 qui
2900 1020 3010 1059 non
3055 1019 3224 1073 parvo
3259 1013 3511 1069 tempore

1931 1101 2219 1156 vobiscum
2255 1100 2418 1154 isthic
2453 1109 2704 1154 versatus
2751 1099 2842 1159 sit,
2871 1098 3091 1166 aliquos
3115 1096 3183 1149 ad
3218 1097 3361 1150 hanc
3391 1108 3506 1147 rem

1932 1195 2193 1249 suasione
2256 1210 2352 1249 sua
2406 1193 2684 1248 adducere
2747 1207 2858 1244 non
2919 1189 3163 1258 potuisse
3212 1188 3365 1240 visus
3400 1194 3506 1246 est,

1933 1302 2096 1356 quam
2138 1288 2463 1340 tabellarius
2517 1301 2660 1339 unus
2695 1283 2911 1337 efiicere
2947 1289 3187 1346 tantum,
3217 1279 3380 1333 sicuti
3415 1295 3511 1330 ru-

1933 1380 2184 1433 moribus
2220 1379 2420 1443 fertur,
2474 1378 2678 1447 potuit,
2713 1385 2772 1428 ιιι
2824 1376 3085 1444 populum
3119 1371 3510 1431 commoverit,

1933 1489 2272 1541 causamque
2329 1481 2577 1540 tempore
2625 1469 2872 1538 longiore
2912 1465 3147 1535 sopitam
3179 1463 3363 1517 denuo
3415 1477 3512 1515 ex-

1933 1568 2144 1622 citarit.
2185 1565 2340 1633 Quod
2399 1565 2630 1618 omnino
2679 1571 2764 1616 cst
2810 1558 3165 1614 incredibile.
3196 1557 3399 1610 Verum
3443 1553 3515 1606 sit

1936 1659 2042 1712 hoc
2074 1671 2318 1727 quoque,
2350 1665 2404 1710 et
2435 1655 2508 1708 ita
2539 1653 2745 1707 factum
2774 1664 2896 1705 esse
2931 1650 3218 1702 credatur.
3255 1645 3357 1700 Sed
3384 1643 3512 1697 novi

1938 1752 2201 1820 pietatem
2268 1760 2418 1802 tuam
2481 1746 2806 1816 praeclaram
2873 1743 2929 1795 in
2993 1739 3312 1809 eloquentia
3368 1751 3512 1790 esse.

1937 1841 2170 1896 Docebit
2217 1856 2281 1895 ea
2336 1854 2588 1909 prorsus,
2621 1852 2744 1906 qua:
2793 1850 2933 1904 opus
2983 1841 3089 1898 est,
3137 1830 3392 1884 homines
3445 1827 3513 1878 ad

1937 1933 2236 1988 tumultum
2267 1932 2557 1986 excitatos.
2596 1929 2834 1985 Uberem
2870 1925 3044 1980 habes
3084 1937 3371 1977 sacrarum
3409 1919 3514 1972 do-

1937 2028 2245 2082 ctrinarum
2301 2024 2558 2092 gratiam.
2613 2019 3003 2082 Persuadebis,
3056 2017 3196 2078 scio,
3254 2013 3517 2083 piissimis

1935 2126 2100 2179 etiam
2141 2121 2512 2192 principibus,
2560 2129 2620 2171 ut
2665 2132 2820 2171 more
2855 2130 2957 2169 suo
2994 2113 3050 2167 in
3097 2125 3374 2167 canonum
3422 2109 3519 2162 de-

1937 2217 2107 2271 cretis
2137 2214 2520 2283 acquiescant.
2553 2208 2712 2276 Quod
2755 2209 2904 2263 enim
2943 2221 3088 2261 veras
3131 2202 3353 2271 pietatis
3399 2210 3518 2252 stu-

1938 2308 2078 2361 diosi
2131 2314 2189 2359 et
2233 2303 2437 2359 Christi
2491 2311 2741 2356 amantes
2796 2308 2963 2359 sunt,
3016 2291 3519 2348 constitutionibus

1937 2404 2056 2457 suis
2082 2400 2348 2454 ecclesias
2374 2394 2756 2450 administrari
2792 2390 3138 2461 permittent.
3167 2397 3519 2455 paternaéque

1935 2493 2164 2547 virtutis
2205 2489 2560 2544 aemulatores
2601 2487 2873 2555 majorum
2909 2481 3163 2550 exempla
3213 2477 3518 2532 imitabun-

1938 2598 2051 2641 tur.
2086 2586 2165 2639 Ne
2209 2584 2380 2654 igitur
2425 2581 2724 2635 Jechonias
2775 2579 3018 2648 reiectus
3065 2589 3191 2627 cum
3229 2569 3435 2625 Davide
3463 2576 3520 2622 et

1939 2678 2195 2735 Samuele
2224 2676 2510 2746 prophetis
2534 2681 2831 2727 censeatur
2859 2690 2873 2723 :
2906 2680 3085 2736 neque
3111 2666 3154 2718 si
3181 2661 3518 2732 quihusdam

1937 2773 2126 2842 inique
2173 2770 2437 2841 placitum
2486 2777 2592 2827 est,
2641 2775 2701 2818 ut
2731 2762 2970 2818 Eudoxii
3012 2758 3278 2828 reliquias
3311 2770 3378 2809 eo
3409 2767 3518 2822 quo

1934 2865 2237 2933 scripsistis
2269 2868 2612 2930 reponerent
2648 2858 2795 2919 loco,
2835 2863 3128 2925 propterea
3159 2865 3258 2904 nos
3294 2860 3517 2917 quoque

1935 2957 2234 3028 profanum
2287 2964 2348 3009 ut
2396 2968 2615 3008 sacrum
2650 2952 2704 3005 in
2746 2951 2932 3003 album
2974 2948 3306 3002 referamus.
3341 2940 3519 3010 Opor~

1938 3052 2045 3105 luit
2093 3063 2330 3118 namque
2358 3063 2386 3100 a
2430 3047 2593 3099 nobis
2631 3060 2719 3097 res
2749 3043 2897 3095 illius
2945 3038 3170 3107 corrigi,
3222 3050 3330 3089 non
3361 3031 3515 3086 illum

1935 3144 2103 3197 nobis
2155 3139 2539 3210 praascribere,
2596 3148 2652 3190 et
2700 3151 2821 3202 qum
2867 3143 2991 3201 post
3036 3146 3159 3183 eum
3213 3137 3334 3180 acta
3386 3129 3516 3176 sunt

249 3232 365 3302 ρῶς
425 3232 562 3299 μετὰ
619 3232 720 3297 τῆς
773 3233 874 3301 σῆς
929 3233 1260 3295 θεοσεϐείας,
1313 3233 1432 3294 ἐνὸς
1491 3230 1587 3284 καὶ
1640 3227 1903 3286 τούτουο

1859 3227 1903 3286 C
1937 3238 2306 3291 constituere.
2335 3237 2511 3301 Atque
2551 3232 2666 3285 haec
2695 3230 2956 3288 dicimus,
2990 3241 3099 3278 non
3135 3221 3281 3291 quod
3305 3214 3508 3288 jacenti

247 3328 701 3395 τελευτήσαντος,
757 3328 968 3396 ἀμείνω
1005 3328 1325 3397 ποιούμενος
1371 3327 1472 3390 τὴν
1521 3325 1654 3395 πρὸς
1703 3327 1828 3387 τοὺς

247 3419 334 3472 ἔτι
367 3420 576 3484 ζῶντας
603 3419 904 3490 ἀγάπησιν,
957 3420 1158 3490 μᾶλλον
1199 3421 1255 3472 δὲ
1289 3418 1418 3482 τοὺς
1464 3418 1564 3487 τῆς
1599 3419 1832 3488 Ἐκκλη-

249 3514 374 3575 σίας
403 3515 663 3581 θεσμούς.
713 3531 732 3563 ι

1939 3337 1994 3381 ει
2045 3336 2268 3379 mortuo
2326 3324 2404 3377 illi
2464 3322 2798 3375 iusultemus
2844 3335 2857 3369 :
2912 3331 3022 3368 non
3064 3313 3211 3366 enim
3266 3311 3370 3362 hoc
3421 3306 3513 3358 det

1941 3421 2134 3474 Deus:
2178 3431 2360 3484 neque
2402 3414 2548 3483 quod
2607 3413 2826 3474 alienis,
2879 3408 3043 3461 sicuti
3081 3405 3352 3473 scriptum
3406 3406 3512 3458 est,

1942 3519 2193 3567 latemur
2246 3509 2408 3562 malis
2441 3525 2453 3559 ε
2487 3521 2597 3560 non
2634 3505 2784 3559 enim
2821 3503 2928 3556 hoc
2952 3498 3398 3558 Christianorum
3430 3500 3516 3545 est

247 3610 553 3663 consilium
648 3619 705 3664 et
778 3611 1134 3674 institutum;
1215 3607 1415 3664 scd-id
1495 3608 1643 3677 quod
1697 3608 1909 3663 homini
1951 3607 2334 3670 condolemns,
2381 3603 2450 3658 ad
2505 3601 2797 3656 utilitatem
2844 3597 3103 3652 Ecclesia:
3151 3591 3514 3654 conferimus,

245 3708 563 3762 canonibus
595 3707 746 3763 illius
785 3709 925 3762 nihil
960 3706 1331 3778 praestabilius
1375 3721 1501 3760 esse
1572 3706 1860 3762 ducentes.
1903 3706 1958 3761 Si
2011 3719 2250 3774 namque
2303 3702 2427 3756 illos
2468 3708 2648 3754 sartos
2733 3704 2909 3750 tectos
2955 3704 3309 3750 conservare,
3350 3696 3517 3754 atque

246 3811 672 3856 exauctoratum
745 3801 890 3856 inter
962 3801 1254 3870 episcopos
1317 3815 1548 3855 censere
1608 3801 1827 3863 liceret,
1865 3808 2016 3855 recte
2085 3796 2359 3867 profecto,
2435 3795 2532 3863 qui
2580 3792 2634 3845 id
2697 3790 2997 3859 quominus
3071 3785 3226 3838 fieret
3288 3779 3519 3847 impedi-

249 3905 398 3959 rent,
456 3898 557 3951 feri
598 3904 766 3965 atque
815 3897 1056 3951 immites
1097 3898 1437 3950 dicerentur.
1498 3894 1958 3965 Quandoquidem
2028 3910 2160 3948 vero
2223 3894 2401 3948 altero
2460 3891 2770 3952 obtinente,
2805 3889 3040 3941 alterunt
3075 3882 3376 3939 consistere
3407 3889 3516 3928 non

249 4007 415 4060 posse
450 4007 677 4045 necesse
708 3993 801 4053 sit,
829 3993 1144 4046 sanctiones
1173 3992 1433 4045 Ecclesiae
1473 3991 1698 4043 vincant
1734 4005 1748 4042 :
1777 3999 1833 4043 et
1871 4004 1936 4043 ex
2010 4003 2168 4043 sacro
2235 3986 2506 4053 catalogo,
2537 3984 2630 4054 qui
2661 3998 2942 4039 sacrorum
2978 3980 3234 4033 minister
3261 3989 3371 4028 non
3405 3979 3512 4032 est,

245 4096 561 4139 moveatur.
606 4084 720 4139 Iloc
760 4085 908 4138 enim
959 4085 1223 4139 ecclesias
1287 4085 1354 4138 ad
1399 4099 1590 4155 pacem
1636 4081 1960 4138 servandam
2023 4081 2347 4152 coniungit:
2412 4079 2518 4133 hoc
2583 4077 2890 4132 animorum
2923 4085 3257 4128 consensum
3292 4080 3512 4121 omnem

245 4181 485 4253 perﬁcit.
525 4181 717 4250 Itaque
757 4181 891 4235 illud
934 4181 1098 4234 nobis
1125 4179 1280 4243 dato,
1347 4189 1409 4233 ut
1468 4195 1609 4248 pure
1671 4193 1770 4232 nos
1837 4186 2144 4231 conventus
2188 4189 2372 4245 agere,
2428 4182 2484 4227 et
2534 4171 2945 4226 communicare
2989 4181 3114 4221 cum
3167 4164 3375 4233 pietate
3424 4169 3514 4210 tua

246 4279 574 4346 possimus:
606 4277 775 4349 599
817 4285 985 4345 atque
1037 4284 1092 4328 tu
1169 4274 1358 4336 unius,
1429 4275 1664 4344 ejusque
1734 4272 2008 4337 defuncti,
2055 4285 2324 4330 amorem,
2373 4277 2493 4337 post
2537 4281 2728 4320 eorum
2785 4263 2879 4333 qui
2927 4261 3109 4314 adhuc
3188 4238 3383 4308 vivunt
3428 4253 3514 4305 dt-

245 4373 573 4438 Ieetionem,
623 4387 688 4426 ac
739 4371 925 4440 potius
979 4378 1104 4438 post
1156 4367 1411 4422 Ecclesiae
1463 4368 1824 4429 sanctiones,
1864 4366 2092 4420 baheas.
2129 4384 2144 4415 ι

820 4517 1066 4571 ΚΕΦΑΛ.
1123 4514 1256 4569 κη’.

2463 4505 2688 4562 CAPUT
2737 4502 2977 4558 XXVIII.

255 4639 360 4702 Ὠς
415 4639 448 4691 ὁ
502 4631 662 4698 θεῖος
718 4630 1016 4696 Κύριλλος
1073 4627 1339 4702 ὀπτασίᾳ
1401 4625 1669 4702 θειοτέρα
1721 4625 1832 4702 ξῆν
1867 4619 1905 4672 D

1867 4619 1905 4672 ί)
1937 4630 2002 4685 Ut
2035 4628 2186 4680 divus
2222 4623 2457 4693 Cyrinus
2485 4639 2576 4690 per
2602 4621 2855 4672 visionem
2876 4618 3110 4669 divinam
3137 4627 3326 4702 nomen
3345 4611 3513 4702 Ιοαητ

321 4695 613 4761 ’Ἰωάννου
638 4695 1060 4770 προσηγορίαν
1104 4697 1353 4758 ἐδέξατο
1381 4713 1404 4770 '_
1430 4698 1529 4770 καὶ
1582 4697 1663 4770 ὡς
1716 4695 1831 4748 διέ-

318 4782 482 4859 λιλσε
508 4774 608 4828 διὰ
636 4766 749 4840 τῆς
780 4770 1076 4825 Θεοτόκου
1127 4771 1194 4822 τὸ
1223 4766 1456 4838 μεταξὺ
1507 4769 1835 4836 γενόμενον

317 4863 522 4918 μισος.

333 4967 393 5015 ’0
427 4961 528 5031 μὲν
582 4959 676 5012 οῦν
733 4955 1006 5027 Κύριλλος
1066 4953 1297 5007 τοιαῦτα
1349 4953 1493 5006 κατά
1527 4952 1620 5005 τοῦ
1685 4949 1834 5020 ἱεροῦ

245 5053 646 5126 Χρυσοστόμου
698 5050 908 5118 ἔγραφε
961 5047 1056 5100 καὶ
1095 5045 1353 5114 ἐφρόνει,
1389 5042 1661 5112 προλήψει
1714 5042 1838 5094 δουο

246 5153 449 5213 λεύων,
487 5149 554 5218 ἦν
587 5149 652 5201 ἐκ
705 5143 903 5198 πολλοῦ
940 5141 1068 5210 ἐσχε
1097 5140 1176 5210 τῷ
1233 5137 1365 5208 θείῳ
1396 5135 1562 5190 αὑτοῦ
1587 5135 1837 5206 Θεοφίλῳ

246 5247 529 5315 ἑπόμενος
554 5245 570 5273 ⁵
614 5241 735 5294 ἐπεὶ
767 5239 824 5291 δὲ
849 5237 1012 5306 ζῆλος
1032 5230 1100 5305 ἦν
1123 5233 1188 5286 τὸ
1222 5233 1626 5304 πραττόμενον,
1657 5232 1705 5282 εί
1739 5230 1838 5282 καὶ¹

253 5342 334 5413 μὴ
364 5337 488 5411 κατ’
533 5337 832 5402 ἐπίγνωσιν
868 5330 1027 5392 τέως,
1062 5330 1122 5380 οὺ
1179 5327 1374 5394 φθόνος
1411 5324 1520 5376 οὐδ’
1581 5324 1836 5383 ἔνστασις

246 5431 540 5501 διαϐολικὴ
569 5430 632 5482 τὸ
683 5427 1019 5496 μαχόμενον,
1050 5422 1112 5474 οὐ
1144 5420 1256 5473 δεῖν
1289 5419 1487 5489 ἐκρίθη
1536 5417 1695 5482 Θεοῦ,
1750 5433 1840 5469 το-

251 5525 452 5580 σοῦτον
482 5521 630 5590 λόγῳ
657 5518 752 5571 καὶ
777 5516 948 5586 ἀρετῇ
978 5513 1310 5581 διαφέροντα
1351 5509 1408 5562 ἐν
1435 5508 1614 5578 τούτῳ
1643 5509 1707 5575 δὴ
1742 5505 1840 5574 μό-

247 5638 345 5674 νον
379 5617 628 5682 σκάζειν,
674 5613 770 5666 καὶ
813 5611 890 5681 μὴ
936 5612 998 5662 τὸ
1032 5610 1207 5676 ἄκρον
1238 5605 1465 5676 φθάνειν
1493 5606 1593 5671 τῆς
1629 5602 1838 5655 τελειό-

246 5727 446 5783 τητοςο
479 5710 762 5778 ἅνθρωποι
811 5704 921 5772 γάρ
954 5698 1120 5775 ἦσαν,
1151 5700 1248 5752 καὶ
1301 5696 1669 5767 ἀνθρωπίνοις
1706 5694 1840 5747 ὑπέ-

252 5820 441 5860 κειντο
477 5801 699 5855 πάθεσι.
728 5796 830 5850 Διά
862 5812 947 5848 τοι
1000 5792 1162 5846 τοῦτο
1209 5793 1303 5843 καὶ
1353 5789 1532 5859 χρόνῳ
1588 5787 1838 5854 ὕστερον,

250 5899 472 5954 πολλῶν
493 5895 588 5949 καὶ
613 5892 789 5947 ἄλλων
817 5886 1274 5948 συνελαυνόντων,
1295 5883 1370 5937 τῶ
1397 5881 1618 5948 μεγάλῳ
1644 5878 1840 5946 ἐκείνῳ

2010 4701 2090 4750 uis
2138 4682 2420 4761 susceperit
2466 4682 2492 4743 ξ’
2527 4695 3135 4761 concepmmquerautea
3177 4686 3376 4746 odium,
3419 4682 3515 4736 Dei

2012 4758 2294 4823 Genitricis
2324 4758 2717 4822 intercessione,
2759 4761 2803 4811 ei
2830 4758 3117 4811 remiserit.

2011 4949 2138 5004 Haec
2179 4945 2403 5017 quidem
2454 4944 2697 5015 Cyrillus
2732 4941 2800 4996 de
2843 4955 3005 4996 sacro
3037 4939 3434 5010 Chrysostomo
3464 4946 3518 4991 et

1939 5041 2165 5110 scripsit
2197 5049 2255 5093 et
2283 5037 2482 5100 sensit,
2517 5041 2864 5103 praesumpta
2898 5031 3149 5102 opinioni
3183 5029 3517 5089 inserviens,

1941 5149 2105 5205 quam
2135 5132 2342 5187 dudum
2375 5139 2635 5199 patruum
2667 5141 2828 5181 suum
2873 5123 3246 5193 Theophilum
3292 5129 3518 5175 secutus

1940 5235 2293 5296 conceperat.
2341 5222 2615 5288 Quoniam
2664 5234 2795 5273 vero
2828 5217 3120 5271 dissidium
3149 5215 3254 5273 hoc
3285 5215 3512 5284 quidem

1939 5337 2008 5377 ex
2033 5319 2408 5380 aemulatione,
2438 5314 2691 5384 quamvis
2718 5328 2830 5366 non
2862 5311 3168 5365 secundum
3203 5305 3517 5368 scientiam,

1941 5429 2054 5468 non
2109 5419 2295 5465 autem
2343 5424 2409 5463 ex
2459 5406 2691 5469 invidia,
2740 5419 2922 5473 neque
2959 5400 3237 5456 diabolica
3289 5406 3522 5452 eonteu-

1943 5509 2093 5560 tione
2123 5503 2392 5567 manavit,
2423 5517 2534 5555 non
2571 5507 2835 5570 oportere
2869 5497 3048 5548 virum
3090 5502 3148 5547 et
3175 5491 3427 5546 doctrina
3462 5499 3521 5543 et

1943 5599 2152 5653 virtute
2176 5605 2556 5668 przestantem,
2586 5593 2688 5646 hac
2711 5606 2819 5644 una
2848 5590 2902 5643 in
2935 5603 2994 5641 re
3019 5586 3358 5648 claudicare,
3382 5597 3524 5652 quo-

1945 5692 2128 5746 minus
2162 5689 2229 5743 ad
2263 5703 2534 5744 summam
2586 5684 2982 5755 perfectionem
3031 5676 3373 5749 perveniret,
3406 5676 3518 5728 Deo

1944 5787 2125 5838 visum
2162 5793 2266 5837 est.
2318 5781 2582 5834 Homines
2632 5777 2780 5832 enim
2825 5776 2900 5829 illi
2950 5780 3131 5834 erant,
3165 5779 3221 5822 et
3259 5767 3519 5822 humanis

1947 5874 2334 5932 aiIcctionibus
2377 5871 2622 5926 obnoxii.
2664 5868 3011 5937 Quapropter
3056 5861 3336 5931 aliquanto
3374 5869 3512 5927 post,
