4250 6440
756 393 887 462 1151

1940 395 2390 458 ’ΝΙΕΕΡΗΟΙΠ
2432 398 2519 456 CA
2531 398 2774 457 LLISTI

3858 402 4006 466 1152

748 507 989 578 Cyrillus
1037 521 1164 562 cum
1219 523 1415 577 magno
1461 507 1555 561 illo
1609 508 1752 570 viro,
1799 507 1964 562 etiam
2027 519 2152 578 post
2205 511 2398 579 ejusA
2431 511 2570 574 καὶι

2431 511 2523 561 καὶ
2551 511 2690 574 μετά
2715 507 2952 559 θάνατον
2985 509 3275 563 σπένδεται
3296 525 3308 538 ο
3338 511 3429 564 καὶ
3460 514 3696 581 μάλιστα
3737 513 4010 582 Ἰσιδώρου

751 605 1016 662 mortem,
1049 598 1102 652 in
1130 600 1363 669 gratiam
1399 599 1588 664 rediit,
1614 617 1978 670 erroremque
2011 617 2173 655 suum
2198 617 2322 656 cum

749 691 943 746 multis
990 691 1113 745 aliis
1165 692 1602 755 concitantibus,
1657 705 1770 748 tum
1825 695 2064 748 maxime
2116 694 2326 749 Isidoro

747 783 1028 839 l’elusiOIa
1083 800 1232 838 nunc
1283 787 1717 854 reprehensione
1755 803 1902 840 nunc
1944 788 2325 845 admonitione

749 891 876 930 cum
904 877 1252 942 cohortante,
1282 877 1467 931 divina
1489 879 1653 932 etiam
1684 893 1738 932 et
1765 880 2055 935 arcauiore
2087 882 2321 950 quadam

750 968 1092 1022 revelatione
1151 969 1486 1032 accedente,
1537 972 1799 1026 correxit.
1835 973 2036 1028 Videre
2084 989 2324 1042 namque

748 1062 901 1117 visus
933 1072 1037 1126 est,
1065 1063 1306 1131 seipsqu
1347 1064 1523 1118 sacris
1551 1064 1768 1119 aedibus
1798 1067 2088 1134 expulsum
2123 1083 2244 1123 esse
2293 1085 2324 1124 a

748 1153 987 1216 Joanne,
1023 1154 1289 1207 comitatu
1330 1164 1385 1208 et
1435 1154 1653 1219 divino,
1697 1159 1788 1225 qui
1837 1158 1982 1212 circa
2023 1174 2149 1212 eum
2183 1168 2321 1225 erat,

749 1245 1012 1298 satellitio
1053 1246 1293 1300 maxime
1344 1246 1486 1301 freto
1520 1266 1533 1301 :
1566 1259 1623 1303 et
1673 1258 1905 1303 matrem
1953 1251 2174 1305 Domini
2223 1267 2323 1321 pro

747 1338 870 1405 ipso
933 1344 1324 1408 deprecantem
1384 1341 1678 1407 Joannem,
1735 1352 1903 1413 atque
1967 1359 2090 1396 curn
2147 1345 2323 1399 multa

746 1432 915 1483 etiam
970 1431 1075 1485 alia
1113 1441 1229 1485 tum
1287 1431 1423 1486 illud
1476 1434 1753 1501 praecipue
1801 1435 1946 1503 quod
1997 1449 2098 1503 pro
2148 1435 2324 1504 ipsius

749 1523 924 1590 gloria
955 1524 1259 1594 plurimum
1297 1525 1388 1579 ille
1418 1525 1738 1589 decertarit,
1772 1527 1937 1582 sicuti
1963 1525 2199 1592 dicetur,
2240 1544 2323 1582 re-

746 1619 1039 1677 li-rentem.
1093 1625 1153 1672 ut
1200 1618 1256 1671 in
1297 1633 1454 1673 sacra
1487 1620 1690 1688 templa
1725 1620 2093 1690 reciperetur,
2136 1635 2319 1675 orare.

747 1708 902 1764 Ilanc
929 1710 1201 1766 visionem
1233 1727 1360 1766 cum
1385 1714 1547 1769 divus
1573 1713 1812 1784 Cyrillus
1838 1714 2240 1784 cogitabundus
2267 1716 2320 1769 in

747 1804 938 1857 animo
961 1820 1150 1859 secum
1175 1806 1447 1872 volveret,
1492 1823 1550 1862 se
1582 1808 1761 1876 ipsum
1793 1810 1940 1878 quod
1976 1811 2032 1863 in
2063 1819 2317 1864 sanctum

745 1898 931 1951 virum
978 1897 1230 1954 invectus
1261 1911 1428 1963 esset,
1480 1901 1766 1956 damnavit
1808 1921 1820 1955 :
1866 1912 1924 1956 et
1964 1902 2168 1957 deinde
2201 1903 2320 1972 ipse

746 2006 969 2072 quoque
1005 2008 1063 2046 re
1098 1994 1343 2062 cognita,
1368 1993 1628 2049 Ecclesia:
1644 1993 2020 2064 Chrysostomi
2047 1994 2321 2058 addictus,

744 2086 926 2138 virum
960 2102 1085 2140 eum
1137 2088 1445 2141 admiratus
1493 2097 1601 2152 est,
1649 2089 1917 2156 valdeque
1970 2103 2121 2151 eum,
2173 2089 2320 2156 quod

747 2187 942 2231 contra
996 2179 1149 2232 illum
1206 2179 1539 2248 imprudens
1572 2195 1801 2249 prorsus
1851 2181 2100 2235 irritatus
2135 2181 2320 2244 fuerit,

745 2251 1026 2340 pmnituit.
1069 2270 1308 2324 Proinde
1337 2273 1615 2326 diversum
1659 2274 1887 2326 omnino
1918 2288 1946 2325 a
1980 2273 2163 2339 priore
2191 2289 2322 2326 con-

746 2363 876 2416 silio
926 2363 1159 2428 faciens,
1212 2365 1485 2429 synodum
1541 2366 1938 2434 provincialem
1999 2366 2210 2433 coegit,
2266 2374 2323 2418 et

744 2457 977 2511 Joannis
1008 2472 1208 2510 nomen
1236 2458 1399 2511 simul
1437 2468 1489 2511 et
1521 2459 1638 2527 ipse
1674 2468 1730 2513 et
1766 2459 1966 2528 reliqui
2001 2475 2319 2528 magnarum

745 2549 963 2604 sodium
997 2551 1295 2614 antistites,
1320 2552 1371 2605 in
1414 2553 1571 2606 sacro
1593 2551 1719 2606 albo
1771 2562 2204 2622 proposuerunt.
2241 2552 2322 2606 Illi

745 2656 882 2696 vero
937 2642 1121 2697 minus
1170 2658 1299 2698 vere
1349 2644 1537 2698 dicere
1589 2643 1876 2708 videntur,
1924 2645 2017 2713 qui
2057 2643 2322 2714 Cyrillum

743 2735 924 2790 libros
978 2736 1116 2790 alios
1171 2737 1355 2805 magni
1413 2737 1594 2792 Patris
1641 2738 1949 2792 abolevisse
2000 2738 2322 2807 perhibent.

743 2829 882 2885 Nam
914 2829 958 2884 si
989 2844 1096 2899 qua
1129 2831 1338 2900 scripta
1370 2831 1490 2900 ejus
1519 2830 1788 2883 abolenda
1830 2839 2011 2893 erant,
2051 2829 2167 2882 hate
2203 2845 2324 2898 quae

743 2922 928 2976 adhuc
956 2933 1199 2985 exstant,
1238 2923 1386 2992 quod
1425 2923 1718 2976 consilium
1749 2921 2177 2990 institutumque
2201 2923 2323 2992 ejus

744 3012 804 3066 in
829 3013 910 3066 eis
945 3013 1180 3066 maxime
1212 3028 1538 3082 expressum
1573 3021 1681 3076 est,
1710 3012 1917 3066 abolita
1947 3012 2320 3082 oportuisset:

743 3106 853 3160 nisi
905 3105 1052 3160 Deus
1107 3106 1365 3160 utilitatis
1414 3106 1700 3160 hominum
1753 3121 1942 3160 curam
1985 3121 2207 3175 gerens,
2258 3120 2322 3158 ea

2427 599 2522 652 τοῦ
2562 600 2970 668 Πηλουσιὼτου,
3007 603 3079 670 πῆ
3136 603 3235 670 μὲν
3265 605 3495 674 ἐλέγχῳ,
3532 607 3608 676 πῆ
3641 606 3697 659 δὲ
3729 611 3826 660 καὶ
3858 627 4010 676 παρ-

2427 692 2634 745 αινέσει
2685 695 2996 763 χρωμένου,
3046 695 3388 765 διορθώσεως
3433 696 3685 761 ἀξιοῦται
3728 699 3850 770 θείᾳ
3901 702 4012 752 τινὶ

2428 787 2522 840 καὶ
2577 788 2966 859 μυστικωτέρᾳ
3013 789 3382 859 ἀποκαλύψει.
3437 792 3647 844 Ἐδόκει
3703 793 3817 862 γὰρ
3877 795 4012 863 όρᾷν

2428 880 2621 932 ἑαυτὸν
2663 879 2765 948 μὲν
2795 879 2903 930 τῶν
2967 880 3130 947 ἱερῶν
3159 880 3535 946 ἐξωθούμενον
3589 883 3696 935 ὑπὸ
3730 885 4009 946 Ἰωάννου,

2430 971 2748 1042 παρρησίας
2814 973 3081 1042 μεγίστης
3151 973 3457 1041 ἠξιωμένου
3519 976 3586 1044 τῇ
3648 976 3779 1044 περὶ
3844 977 4014 1030 αὐτὸν

2428 1065 2622 1132 πομπῇ
2671 1063 2766 1114 καὶ
2799 1062 2919 1132 θεία
2945 1063 3272 1133 δορυφορίᾳ,
3302 1063 3401 1132 τὴν
3427 1063 3484 1116 δὲ
3513 1063 3608 1116 τοῦ
3663 1065 3872 1135 Κυρίου
3904 1084 4011 1136 μη-

2426 1155 2560 1224 τέρα
2589 1155 2729 1224 ὑπὲρ
2779 1154 2947 1208 αὑτοῦ
2997 1155 3089 1207 τὸν
3130 1154 3386 1224 Ἰωάννην
3444 1155 3857 1221 ἀντιϐολοῦσαν,
3919 1160 4014 1210 καὶ

2426 1246 2689 1311 ἀξιοῦσαν
2737 1250 2852 1308 τοῖς
2883 1249 3049 1318 ἱεροῖς
3079 1249 3407 1317 ἀνακτόροις
3461 1248 3879 1318 παραδεχθῆναι
3913 1253 4015 1302 αὺ-

2424 1341 2538 1406 τὸν,
2571 1338 2744 1392 πολλά
2784 1341 2885 1409 μὲν
2919 1339 3014 1392 καὶ
3060 1339 3196 1394 ἀλλα
3250 1340 3728 1411 προὸαλλομένην,
3775 1343 3913 1411 προς
3957 1343 4014 1395 δὲ

2426 1435 2522 1486 καὶ
2555 1435 2632 1497 ὼς
2671 1434 2901 1488 πλεῖστα
2929 1435 3072 1502 ὑπὲρ
3102 1435 3203 1501 τῆς
3247 1434 3420 1502 αὐτῆς
3448 1435 3610 1502 δόξης
3660 1434 4014 1503 ἀγωνισάμε-

2426 1543 2535 1591 νον,
2584 1526 2660 1588 ὠς
2694 1526 2997 1590 λελέξεται.
3031 1520 3135 1579 Ὧν
3167 1527 3226 1578 ἐν
3249 1524 3488 1596 ιμεθέξει
3527 1526 3823 1595 γενόμενος
3851 1529 3879 1578 δ
3918 1527 4012 1578 εε-

2428 1623 2653 1682 σπέσιος
2701 1619 2996 1690 Κύριλλος,
3054 1620 3150 1674 καὶ
3191 1619 3546 1690 ἀναπολήσας
3576 1618 3752 1672 ταῦτα
3783 1621 3896 1682 τοὶς
3926 1621 4017 1672 λο-

2425 1715 2670 1782 γισμοῖς,
2713 1715 2964 1780 κατέγνω
2999 1713 3100 1783 μὲν
3132 1711 3333 1766 ἑαυτοῦ
3361 1713 3462 1779 τῆς
3489 1712 3587 1763 ἐπὶ
3622 1712 3700 1781 τῷ
3725 1712 3871 1782 ἁγίῳ
3913 1729 4016 1764 κα-

2424 1807 2707 1876 ταδρομῆς
2727 1823 2742 1838 ⁸
2771 1806 2867 1859 καὶ
2897 1804 3188 1874 τουλοιποῦ
3217 1808 3397 1868 συνεὶς
3429 1805 3525 1858 καὶ
3555 1805 3742 1868 αὐτὸς,
3776 1807 3841 1873 τῇ
3869 1809 4014 1857 κατά

2423 1899 2514 1950 τὸν
2567 1898 2961 1968 Χρυσόστομον
3004 1898 3307 1967 Ἐκκλησία
3363 1897 3719 1967 προσέκειτο,
3771 1897 3867 1948 καὶ
3918 1895 4014 1948 διὰ

2426 1993 2707 2062 θαύματος
2738 1993 2976 2046 ἐποιεῖτο
3002 1991 3095 2046 τδν
3122 1992 3314 2063 ἀνδρα,
3363 1989 3545 2060 πολλῷ
3577 1990 3866 2060 χρώμενος
3910 2005 4014 2056 ps-

2425 2085 2688 2154 ταμέλῳ,
2747 2079 2829 2145 οἷς
2901 2084 3022 2136 κατ’
3084 2081 3298 2134 ἐκείνου
3359 2081 3695 2150 τοπαράπαν
3755 2078 4016 2149 ἠρέθιστο

2424 2176 2659 2243 ἀγνοῶν.
2695 2176 2862 2228 Ὅθεν
2913 2174 3227 2246 ἀντίρροπα
3281 2173 3450 2243 δρῶν,
3513 2171 3738 2225 σύνοδον
3785 2171 4016 2240 ἤθροιζε

2424 2271 2689 2338 τοπικήν·
2725 2269 2822 2321 καὶ
2853 2270 2968 2330 τοῖς
3001 2270 3168 2336 ἱεροῖς
3201 2267 3408 2327 δέλτοις
3459 2265 3558 2334 τὴν
3605 2264 3852 2318 Ἰωάννου
3879 2264 4018 2329 κλῆ-

2427 2380 2513 2415 σιν
2539 2362 2636 2415 καὶ
2694 2360 2851 2423 οὗτος
2879 2363 2978 2413 καὶ
3037 2362 3087 2412 οἱ
3128 2359 3309 2412 λοιποὶ
3339 2357 3450 2410 τῶν
3499 2357 3757 2424 μεγάλων
3803 2356 4016 2425 θρόνων

2425 2456 2748 2524 ἐνέγραφον.
2776 2452 2853 2504 Οὔ
2890 2471 2984 2521 μοι
3013 2452 3071 2504 δὲ
3099 2450 3353 2503 δοκοῦσιν
3383 2451 3562 2519 ἀληθῆ
3591 2449 3776 2516 λέγειν
3799 2450 3852 2500 οἵ
3875 2466 4016 2517 φασι

2425 2549 2523 2602 καὶ
2557 2548 2774 2618 ptem;
2802 2547 2971 2608 ἄλλας
3005 2544 3281 2614 Κύριλλον
3327 2545 3595 2613 ἀφανίσαι
3639 2542 3734 2596 τοῦ
3768 2543 4015 2612 μεγάλου

2425 2640 2663 2710 Πατρός.
2693 2640 2754 2691 El
2791 2640 2898 2708 γάρ
2931 2638 3226 2706 ἀφανίζειν
3257 2637 3365 2689 ἔδει
3398 2638 3498 2697 τὰς
3533 2636 3653 2690 νυνὶ
3685 2635 4016 2703 σωζομένας

2429 2733 2566 2804 πρὸς
2601 2733 2662 2785 τὸ
2699 2731 3125 2802 σκοπιμώτατον
3170 2731 3367 2799 ἐκείνῳ
3407 2730 3612 2800 ἐχρῆν·
3671 2729 3718 2780 εἰ
3777 2728 3851 2797 μή
3907 2743 4020 2784 που

2425 2827 2558 2890 Θεὸς
2584 2827 2681 2895 τῆς
2706 2826 2815 2878 τῶν
2841 2822 3151 2895 ἀνθρώπων
3188 2823 3462 2892 ὠφελείας
3491 2822 3811 2890 κηδόμενος,
3841 2820 4016 2882 αὑτάς

2424 2918 2745 2973 διεσώσατο.
2805 2917 2979 2970 Τοῦτο
3037 2918 3136 2986 μὲν
3199 2912 3293 2970 οὖν
3340 2917 3398 2968 ὲν
3436 2915 3747 2983 ἀποκρύφῳ
3798 2914 4018 2982 ἱστορίᾳ

2426 3011 2604 3082 εὑρὼν
2636 3012 2852 3080 Νικήτα
2887 3011 3188 3078 φιλοσόφου
3223 3008 3318 3061 τοῦ
3352 3008 3448 3060 καὶ
3477 3005 3664 3070 Δαυῖδ,
3692 3005 3786 3058 καὶ
3810 3004 4018 3066 ἄλλων,

2427 3107 2520 3158 καὶ
2549 3105 2712 3168 αὐτὸς
2735 3105 2845 3158 δεῖν
2877 3104 3052 3172 ἔγνων
3102 3105 3168 3173 τῇ
3201 3101 3451 3173 παρούσῃ
3501 3101 3720 3168 ἱστορίᾳ
3749 3097 4015 3163 ἐντάξαι·

747 3198 910 3269 500
961 3208 1370 3254 conservasset.
1433 3199 1549 3253 Hoc
1600 3213 1726 3252 cum
1775 3199 1832 3252 in
1867 3213 2068 3252 arcana
2117 3197 2396 3279 Nicettec
2427 3198 2503 3261 ὡς
2542 3198 2570 3252 a

2427 3198 2503 3261 ὡς
2542 3198 2608 3252 ἂν
2639 3200 2713 3270 μή
2754 3216 2861 3253 τινι
2910 3197 3280 3266 ἀμφιὸάλλειν
3308 3196 3541 3264 γένοιτο,
3579 3193 3698 3256 πῶς
3727 3194 3777 3244 οἱ
3819 3193 4021 3244 τοσοῦο

745 3290 1088 3361 philoSOphi,
1123 3293 1215 3360 qui
1261 3300 1317 3345 et
1365 3291 1539 3345 David
1597 3291 1780 3345 dictus
1827 3299 1930 3354 est,
1979 3289 2231 3351 historia,
2269 3299 2327 3343 et

747 3383 893 3449 apud
932 3382 1069 3436 alios
1102 3383 1236 3436 item
1268 3383 1598 3448 invenerim,
1633 3383 1787 3453 operi
1833 3383 1962 3437 huic
2017 3397 2142 3436 meo
2185 3383 2328 3436 inse-

749 3477 987 3529 rendum
1035 3491 1158 3530 esse
1208 3490 1428 3545 quoque
1478 3475 1656 3532 duxi:
1701 3493 1770 3531 ne
1808 3478 1900 3531 cui
1945 3476 2227 3546 ambigere
2271 3475 2325 3528 in

751 3579 989 3624 mentem
1021 3571 1229 3636 veniat,
1263 3571 1542 3640 quomodo
1583 3579 1732 3625 tanta
1785 3569 2105 3634 luminaria,
2141 3569 2328 3623 inimi-

748 3668 907 3722 citias
939 3675 1162 3721 mutuas
1192 3666 1532 3728 exercentia,
1562 3664 1726 3718 ambo
1760 3663 1830 3718 ad
1884 3679 2155 3718 summam
2194 3678 2325 3717 san-

2429 3309 2514 3344 τοι
2547 3292 2837 3360 φωστῆρες
2870 3292 2938 3344 δι’
2983 3291 3183 3360 ἔχθρας
3212 3290 3468 3358 ἀλλήλοις
3523 3289 3718 3350 εόντες,
3770 3286 4018 3352 ἁγιωσύ-

2431 3399 2526 3450 νης
2552 3383 2646 3433 καὶ
2692 3381 2860 3450 ἄμφω
2892 3383 2973 3443 είς
3017 3380 3188 3451 ἀκρον
3219 3373 3378 3450 ἦκον,
3413 3380 3509 3432 καὶ
3537 3379 3636 3446 τῆς
3680 3376 4021 3444 Ἐκκλησίας

2431 3473 2672 3543 θεμέλιοι
2704 3475 3107 3544 ἐχρημάτισαν,
3144 3472 3410 3542 μηδαμῶς
3434 3471 3495 3524 τὸ
3521 3473 3619 3540 τῆς
3643 3469 3845 3541 ἔχθρας
3871 3472 4020 3537 μέγα

2429 3568 2528 3638 τὴν
2559 3569 2872 3637 κρατοῦσαν
2904 3569 3063 3632 δόξαν
3095 3567 3448 3639 λυμήνασθαι
3481 3563 3834 3635 δυνηθείσης.
3855 3563 4024 3616 Ἀλλά

2430 3665 2563 3732 περὶ
2592 3663 2692 3720 μὲν
2725 3664 2942 3716 τούτων
2973 3662 3169 3725 οὕτως.

754 3762 1002 3816 ctitatem
1065 3762 1445 3831 pervenerint,
1516 3770 1573 3814 et
1645 3759 1907 3815 Ecclesia:
1968 3760 2239 3837 columnae
2306 3759 2659 3823 exsdteriut,
2733 3759 3045 3814 inimicitiis
3113 3759 3435 3830 hujusmodi
3508 3757 3722 3813 nullum
3795 3756 4021 3812 illorum

752 3859 945 3930 gloria:
1016 3857 1411 3914 detrimentum
1482 3857 1866 3913 afferentibus.
1931 3857 2008 3913 De
2075 3859 2162 3912 his
2227 3859 2518 3912 hactenus.

1315 4014 1539 4072 CAPUT
1575 4016 1767 4072 XXIX.

756 4131 883 4188 Post
932 4132 1166 4186 Atticum
1217 4133 1284 4185 ad
1331 4132 1506 4202 sedem
1555 4133 1902 4202 episcopalem
1957 4128 2202 4202 Sisiniusg
2251 4143 2328 4183 est

828 4217 1054 4260 evectus.
1085 4201 1579 4272 PliilippusiSidites
1615 4205 1661 4256 ei
1693 4200 2029 4271 postpositus.
2065 4200 2248 4265 Qualis
2282 4204 2325 4253 is

830 4272 1109 4341 Philippus
1141 4271 1321 4339 fuerit.
1362 4271 1430 4326 Ut
1464 4273 1688 4325 Proclus
1724 4272 2100 4342 Cyzicenorum
2133 4274 2328 4336 episco-

829 4360 925 4412 pus
948 4345 1246 4413 ordinatus,
1283 4352 1331 4394 et
1373 4343 1585 4395 tandem
1637 4359 1740 4395 non
1780 4353 2046 4410 receptus,
2089 4344 2328 4413 privatus

827 4415 1129 4482 otiosusque
1156 4412 1620 4481 Constantinopoli
1652 4415 1834 4482 egerit.

826 4528 1013 4583 Attico
1042 4537 1249 4590 autem,
1270 4527 1734 4597 quemadmodum
1760 4527 2026 4592 diximus,
2047 4526 2328 4588 defuncto,

761 4621 966 4690 ingens
994 4620 1063 4674 de
1091 4620 1327 4690 legendo
1358 4630 1523 4689 atque
1557 4620 1868 4672 ordinando
1900 4619 2161 4688 episcopo
2201 4635 2335 4672 con-

760 4714 938 4768 tentio
986 4714 1243 4768 exstitit:
1298 4715 1446 4781 quod
1517 4714 1900 4783 unusquisque
1947 4720 2114 4782 prout
2165 4712 2330 4766 alicui

758 4810 990 4870 faveret,
1027 4809 1079 4862 ei
1121 4808 1381 4862 thronum
1436 4808 1709 4860 committi
1753 4807 2033 4875 cupiebat.
2087 4807 2333 4860 Proinde

759 4899 1091 4970 quibusdam
1133 4901 1425 4970 Philippus
1476 4899 1764 4969 presbyter
1806 4898 1872 4950 ad
1902 4913 2115 4952 sacram
2143 4896 2330 4950 sedem

759 4993 1081 5048 evehendus
1134 5008 1257 5047 esse
1298 4991 1637 5045 videbatur:
1677 4991 1928 5044 nonnulli
1968 4989 2225 5044 Proclum
2257 4989 2331 5054 ei,

759 5088 1142 5150 Chrysostomi
1178 5087 1542 5155 discipulum,
1569 5085 1956 5155 praferebaut.
1992 5086 2121 5139 Erat
2146 5095 2330 5139 autem

759 5191 816 5234 ct
843 5183 890 5235 is
923 5181 1235 5250 presbyter.
1263 5179 1647 5233 Communiter
1672 5195 1803 5233 vero
1836 5194 2029 5232 omnes
2063 5177 2330 5233 Sisinium

759 5275 1022 5328 idoneum
1082 5273 1320 5327 maxime
1371 5284 1729 5327 censuerunt.
1779 5271 1881 5338 Qui
1941 5271 2060 5340 ipse
2112 5287 2332 5341 quoque

757 5365 1065 5436 presbyteri
1115 5364 1383 5434 dignitate
1427 5363 1695 5426 enitebat,
1730 5379 1838 5415 non
1874 5363 2132 5430 equidem
2183 5362 2329 5416 Con-

758 5456 1144 5525 stantinOpoli,
1186 5455 1283 5510 sed
1328 5457 1379 5509 in
1415 5454 1735 5510 suburbano
1766 5454 1889 5523 ejus
1920 5455 2062 5520 vico,
2094 5454 2183 5508 cui
2234 5469 2336 5507 no-

761 5563 886 5601 men
937 5558 1024 5601 est
1063 5546 1191 5602 Olea
1222 5549 1327 5617 (l),
1363 5549 1458 5617 qui
1488 5564 1556 5602 ex
1589 5547 1822 5602 adverso
1859 5547 1980 5601 urbi
2006 5547 2147 5602 situs
2196 5558 2280 5601 est
2315 5565 2328 5599 :

759 5658 871 5711 quo
900 5643 952 5694 in
991 5643 1113 5696 loco
1142 5643 1273 5697 urbs
1301 5644 1417 5712 ipsa
1435 5659 1559 5698 cum
1592 5643 1804 5697 civibus
1836 5642 2095 5696 omnibus
2128 5641 2327 5696 festum

761 5735 909 5789 diem
944 5734 1224 5789 Servatori
1253 5734 1499 5802 Christo,
1536 5750 1648 5804 quo
1688 5735 1744 5788 in
1781 5734 1984 5789 caelum
2015 5745 2330 5803 assumptus

3023 4011 3274 4066 ΞΞΕΦΑΛ.
3315 4012 3444 4066 ΚΘ.

2447 4126 2542 4189 Ὠς
2567 4127 2716 4193 μετὰ
2753 4127 3025 4180 Ἀττικὸν
3082 4129 3350 4193 Σισίνιος
3394 4130 3476 4193 εἰς
3525 4127 3634 4180 τὸν
3664 4130 3888 4192 θρόνον
3914 4131 4024 4182 ἀι·-

2507 4195 2696 4264 ήχθην·
2739 4197 3024 4264 παρώφοη
3082 4195 3150 4248 δὲ
3205 4199 3563 4259 Φίλιπποςό
3615 4199 3881 4264 Σιδίτης.
3915 4202 4019 4252 καὶ

2507 4266 2634 4330 οἶος
2659 4263 2758 4335 ἦν.
2792 4263 2918 4320 Ἐτι
2953 4267 3020 4318 δὲ
3055 4267 3148 4319 καὶ
3175 4268 3255 4332 ὠς
3285 4269 3561 4333 Πρόκλος
3607 4263 3864 4327 Κυζῖκόυ
3893 4289 4019 4335 χει-

2501 4340 2854 4406 ροτρνηθεὶς
2890 4340 2987 4390 καὶ
3014 4338 3099 4404 μὴ
3123 4337 3386 4406 δεχθεὶς,
3421 4339 3720 4405 σχολαῖος
3756 4339 3826 4408 τῇ
3859 4345 4023 4396 Κωνο

2505 4409 2833 4461 σταντίνου
2856 4408 3090 4476 διῆγεν.

2521 4524 2772 4578 Ἀττικοῦ
2804 4525 2846 4578 δ’
2875 4525 2949 4588 ὼς
2988 4524 3204 4595 εἴρηται
3241 4528 3300 4578 τὸ
3334 4525 3487 4597 βιοῦν
3542 4527 4021 4596 ὲκμξτρήσαντος,

2438 4621 2607 4690 πολλή
2662 4639 2745 4681 τις
2798 4619 3082 4689 ἐρεσχελία
3141 4617 3275 4689 περὶ
3331 4619 3674 4690 χειροτονίας
3712 4622 4021 4673 ἐπισκόπου

2436 4713 2684 4779 ἐγένετο·
2722 4712 2951 4773 ἕκαστος
2989 4712 3097 4782 γὰρ
3127 4705 3171 4778 ᾧ
3202 4710 3544 4781 προσπαθῶν
3569 4708 3660 4782 ἦν,
3699 4713 3794 4764 τὸν
3824 4714 4023 4782 θρόνον

2437 4807 2830 4876 ἀπεχαρίζετο.
2862 4805 2991 4868 Τοῖς
3027 4806 3127 4874 μὲν
3154 4807 3264 4875 γὰρ
3293 4806 3564 4858 Φίλιππον
3589 4809 3683 4858 τὸν
3712 4807 4024 4875 πρεσϐύτε-

2440 4917 2531 4969 ρον
2567 4900 2742 4952 ἐδόκει
2771 4900 2866 4953 ἐπὶ
2892 4901 2990 4968 τὴν
3028 4900 3180 4969 ἱερὰν
3209 4900 3486 4970 καθέδραν
3536 4901 3789 4967 ἀνάγειν,
3818 4904 3932 4952 τισὶ
3967 4902 4022 4953 δὲ

2437 4992 2679 5062 Πρόκλος
2731 4991 2866 5062 ὁτῷ
2897 4994 3276 5064 Χρυσοστόμῳ
3342 4992 3708 5062 μαθητευθεὶς
3768 4993 4024 5061 ἐκρίνετο

2436 5087 2857 5155 προτιμότερος.
2891 5085 3275 5156 Πρεσϐύτερος
3306 5086 3362 5138 δὲ
3399 5087 3493 5140 καὶ
3523 5081 3682 5150 οὗτος
3717 5087 4022 5154 ἐτύγχανεν

2435 5179 2531 5234 ὢν.
2569 5182 2738 5250 Κοινῇ
2768 5183 2824 5233 δὲ
2855 5183 3020 5234 πᾶσιν
3044 5181 3220 5234 ἐδόκει
3248 5181 3483 5244 Σισίνιος
3510 5177 3653 5232 εἶναι
3681 5181 4024 5249 ἁρμοδιώτε-

2438 5291 2550 5344 ρος.
2580 5274 2961 5346 Πρεσϐυτὲρου
2993 5276 3048 5328 δὲ
3083 5277 3174 5329 καὶ
3207 5269 3366 5337 οὗτος
3398 5275 3527 5346 ἀξία
3551 5275 3879 5344 διέπρεπεν,
3920 5276 4020 5326 οὐκ

2435 5369 2494 5420 ἐν
2525 5372 2589 5437 τῇ
2623 5368 3064 5429 Κωνσταντίνου,
3104 5368 3222 5420 ἀλλ’
3275 5369 3334 5420 ἕν
3362 5387 3470 5422 τινι
3499 5373 3611 5422 τῶν
3643 5370 3815 5438 αὐτῆς
3849 5386 4023 5436 προσ·

2439 5461 2658 5521 στείων,
2716 5456 2760 5528 ᾧ
2797 5460 2984 5514 Ἐλαία
3030 5455 3099 5530 ἦν
3128 5460 3329 5530 ὄνομα,
3375 5461 3802 5531 κεκληρωμένος
3827 5477 3843 5491 ο
3884 5463 4023 5528 ὅπερ

2435 5551 2668 5620 ἀντικρὺ
2707 5549 2808 5618 μὲν
2865 5553 3042 5604 κεῖται
3093 5552 3193 5620 τῆς
3223 5551 3433 5614 πόλεως
3461 5567 3475 5580 ⁸
3515 5552 3806 5620 πάνδημον
3839 5551 3898 5604 δὲ
3945 5553 4023 5621 τῷ

2437 5641 2597 5709 χώρῳ
2647 5643 2843 5711 ἑορτὴν
2902 5643 3083 5694 ἐκεῖσε
3134 5645 3166 5712 η
3219 5643 3376 5705 πόλις
3425 5643 3503 5712 τῷ
3563 5643 3786 5712 Σωτῆρι
3847 5643 4020 5710 ἀνῆγε

2437 5735 2662 5805 Χριστῷ
2685 5752 2699 5766 ·
2737 5735 2979 5805 ὁπηνίκα
3010 5736 3369 5806 ἀναληφθεὶς,
3403 5737 3779 5808 παλίνδρομος
3803 5737 3884 5807 τῷ
3917 5736 4022 5790 [Ια-

843 5875 927 5940 (1)
979 5873 1206 5942 Ἐλαία,
1261 5873 1430 5941 Olca,
1480 5873 1801 5931 suburbana
1855 5873 2361 5943 Constantinopolis
2401 5874 2570 5942 regio.
