4250 6440
274 469 292 531 I
315 468 413 536 153

1196 467 1799 528 ECCLESIASTICJ’.
1840 468 2223 531 HISTOBHZ
2268 474 2414 534 LIB.
2453 474 2607 536 XIV.

3395 477 3450 541 I1
3465 481 3531 545 54

260 598 348 647 τρε
381 576 503 650 ἦγε.
537 577 625 646 Τῷ
656 577 710 630 δὲ
740 577 920 644 πολλῷ
952 578 1150 647 πλήθει
1180 579 1272 630 καὶ
1303 578 1665 649 διαςερόντως
1703 580 1845 649 μάλα
1877 592 1919 647 Α

1877 580 2017 647 Λιιιί
2081 581 2296 635 Patrem
2369 583 2619 646 revertit,
2678 583 2940 638 celebrat.
3002 584 3212 655 Populo
3266 588 3530 641 universo

259 672 664 741 κεχαρισμένος
697 665 765 739 ἦν
797 672 825 723 δ
871 668 1107 732 Σισίνιος
1131 686 1143 699 ·
1191 670 1385 739 ὅτιπερ
1418 668 1535 740 ἄμα
1564 688 1623 722 τε
1679 687 1837 739 περι·

258 763 454 832 ϐόητος
504 766 561 816 ἐν
608 765 779 832 ἁρετῇ
815 758 904 831 ἦν,
938 764 1033 815 ita}.
1085 761 1290 832 πολλὴν
1317 764 1399 816 ὅτι
1442 764 1552 815 τῶν
1605 766 1841 833 πτωχῶν

257 859 522 927 πρόνοιαν
550 857 643 912 καὶ
676 856 818 926 ὑπὲρ
848 856 1082 925 δύναμιν
1108 858 1364 919 ἐποιεῖτο.
1400 857 1593 911 Ἔνθεν
1614 874 1699 911 τοι
1744 859 1841 911 καὶ

254 952 351 1002 τοῦ
388 949 522 1003 λαοῦ
581 950 916 1019 βιασαμένου
975 952 1072 1002 καὶ
1125 950 1542 1019 ἔκνικήσαντος,
1604 950 1840 1013 Σισίνιος

255 1042 350 1093 ἐπὶ
386 1044 473 1092 τὸν
503 1042 693 1110 θρόνον
720 1040 1007 1094 ἀνέϐαινεν
1032 1057 1047 1073 ·
1080 1041 1167 1110 ἐφ’
1276 1042 1592 1111 χαλεπήνας
1620 1045 1647 1095 ὁ
1673 1060 1841 1112 πρεσο

256 1136 489 1205 ὂύτερος
528 1135 798 1195 Φίλιππος
832 1136 915 1187 δτι
944 1134 1114 1186 αὐτοῦ
1151 1134 1480 1205 προεκρίθη,
1537 1136 1710 1189 πολλὰ
1738 1136 1838 1201 τῆς

257 1228 598 1296 χειροτονίας
646 1229 857 1281 ἐκείνου
905 1226 1222 1297 καθήπτετο
1272 1232 1329 1280 ἐν
1374 1231 1439 1299 τῇ
1480 1229 1615 1301 παρ’
1667 1232 1835 1284 αὖτοῦ

255 1322 648 1391 συγγραφείσῃ
708 1322 1074 1389 Χριστιανικῇ
1137 1320 1371 1389 ἱστορία.
1409 1321 1481 1373 Οὐ
1524 1323 1688 1393 μόνον
1731 1324 1837 1394 γὰρ

254 1396 468 1465 ἐκεῖνον
516 1413 799 1471 διέϐαλεν.
848 1413 986 1466 ἀλλα
1032 1407 1127 1466 καὶ
1178 1416 1304 1476 τοὺς
1346 1418 1837 1487 χειροτονήσαντας

254 1510 352 1558 καὶ
415 1507 504 1558 τὸν
536 1506 749 1574 δῆμον·
811 1507 905 1558 καὶ
952 1505 1099 1559 οὕτω
1148 1509 1521 1576 κατέδραμεν,
1574 1511 1650 1572 ὠς
1707 1511 1834 1580 μηδ’

252 1594 479 1647 ἑλέσθαι
539 1595 663 1647 τινὰ
720 1595 790 1647 τὰ
845 1597 1112 1665 εἰρημένα
1175 1599 1505 1668 συγγραφῆς
1555 1600 1830 1666 ἀξιῶσαι·

250 1687 378 1737 ἐπεί
413 1687 493 1737 τοί
528 1702 590 1751 γε
645 1687 755 1739 οὐδ’
810 1689 1009 1759 ἐκείνῳ
1045 1706 1127 1752 τις
1165 1692 1426 1760 συγγνοίη
1469 1693 1572 1761 τῆς
1630 1712 1834 1763 προπε-

249 1780 428 1839 τείας.
457 1778 685 1831 τοιαῦτα
722 1780 930 1849 γράψαι
960 1784 1339 1851 ἀνασχομένῳ.
1378 1786 1530 1838 Ἐπεὶ
1558 1786 1615 1838 δὲ
1644 1788 1832 1841 τούτου

249 1868 558 1937 ἐμνήσθην,
595 1871 769 1940 μικρὰ
802 1872 896 1922 καὶ
934 1874 1060 1943 περὶ
1096 1874 1263 1927 αὐτοῦ
1296 1876 1572 1928 δ.αλα6εἰν
1596 1878 1827 1933 δίκαιον.

1950 674 2149 726 οΙιαιιις
2183 677 2454 744 prJt‘cipttu
2484 676 2723 730 Sisinius
2756 676 2879 742 fuit,
2922 692 3046 732 cum
3092 690 3320 753 propter
3354 682 3513 736 virtu-

1950 767 2020 819 tis
2050 768 2379 833 cIaritatcm,
2420 779 2533 823 tum
2569 769 2640 822 ob
2678 771 3010 826 eximiamin
3043 787 3337 842 pauperes,
3357 789 3525 844 supra

1948 861 2097 914 vires
2131 861 2295 914 etiam
2332 862 2470 931 ejus.
2505 877 2720 916 curam.
2758 862 3110 933 Quapropter
3154 865 3312 936 plebs
3355 867 3405 919 vi
3445 866 3526 921 ef-

1946 954 2076 1007 fecit
2113 966 2275 1023 atque
2305 956 2495 1021 evicit,
2554 965 2613 1009 ιιι
2647 956 2692 1010 is
2729 957 2782 1010 in
2829 958 3090 1012 thronum
3144 959 3215 1013 sit
3249 960 3522 1015 sublatus.

1944 1046 2061 1111 Qua
2114 1063 2169 1099 re
2226 1046 2472 1101 offensus
2532 1048 2822 1117 Philippus
2872 1050 3179 1120 presbyter,
3232 1053 3376 1121 quod
3429 1053 3523 1106 ille

1944 1140 2161 1193 scilicet
2205 1141 2307 1195 sibi
2361 1143 2616 1210 prtelatus
2650 1154 2814 1199 esset.
2848 1144 3179 1197 electionem
3214 1153 3266 1197 et
3300 1144 3525 1198 ordina-

1947 1232 2152 1287 tionem
2194 1233 2312 1303 cjus
2359 1234 2657 1302 pluritnum
2703 1234 3079 1303 reprehendit,
3116 1236 3167 1289 in
3202 1252 3265 1290 ea
3307 1252 3428 1306 quae
3454 1237 3525 1291 ab

1944 1325 2063 1393 ipso
2098 1326 2412 1393 conscripta
2470 1335 2554 1380 est
2586 1325 2904 1380 Christiana
2944 1328 3199 1382 historia.
3229 1328 3346 1383 Non
3390 1330 3524 1383 Sisi-

1942 1418 2095 1470 ninm
2152 1434 2284 1470 vero
2322 1428 2558 1482 tantum,
2597 1421 2693 1474 sed
2736 1430 2791 1474 et
2836 1430 3257 1477 consecratores
3291 1422 3440 1492 ipsos
3468 1432 3523 1475 et

1944 1510 2206 1577 populum
2243 1511 2587 1566 ealumniose
2625 1514 2953 1580 perstrinxit
2990 1533 3003 1568 :
3039 1524 3203 1583 atque
3236 1515 3287 1568 in
3318 1532 3414 1569 eos
3446 1516 3521 1569 ita

1942 1598 2193 1654 invectus
2245 1611 2352 1661 est.
2385 1612 2444 1655 ut
2489 1619 2609 1670 qua:
2663 1605 2752 1659 ille
2800 1606 3029 1667 dixerit,
3069 1622 3236 1661 nemo
3286 1608 3521 1662 historia

1939 1691 2101 1761 digna
2135 1693 2345 1761 jndicet
2379 1713 2392 1749 :
2433 1712 2613 1765 neque
2663 1698 2937 1766 quispiam
2968 1698 3018 1752 ei
3068 1711 3177 1753 tam
3213 1703 3519 1754 temerat-ite

1938 1788 2205 1848 audaciae,
2259 1788 2350 1855 qui
2416 1776 2659 1844 scribere
2714 1792 2841 1844 talia
2898 1792 3251 1854 sustinuerit.
3299 1796 3517 1848 veniam

1937 1883 2220 1933 concedat.
2260 1880 2413 1951 501
2471 1884 2533 1936 Et
2569 1885 2696 1953 quia
2734 1886 2855 1954 ejus
2888 1888 3227 1942 mentionem
3261 1889 3513 1955 fecimus,

246 1963 521 2023 Φίλιππος
569 1959 720 2025 οὗτος
760 1964 826 2018 ἐκ
871 1965 1032 2034 Σίδης
1073 1966 1173 2034 μὲν
1217 1969 1315 2036 τῆς
1354 1970 1677 2038 Παμφυλίας
1725 1972 1831 2042 ὼρ-
1861 1969 1909 2030 Β

1861 1969 2153 2040 Βανιιιιιιη
2190 1982 2274 2026 est
2326 1984 2383 2027 ut
2429 1990 2602 2044 pauca
2652 1979 2717 2031 de
2783 1994 2849 2029 eo
2906 1978 3177 2034 dicamus.
3228 1980 3515 2064 Philippus

253 2057 419 2125 μᾶτο,
456 2055 580 2107 ὅθεν
614 2054 711 2107 καὶ
736 2056 762 2106 ὁ
791 2056 1051 2125 σοφιστὴς
1083 2058 1327 2127 Τρωίλος
1359 2054 1446 2131 ἦν,
1482 2056 1543 2115 οὗ
1580 2062 1672 2113 καὶ
1702 2080 1831 2129 συγ-

246 2148 386 2215 γενῆ
418 2148 613 2199 ἑαυτὸν
647 2145 792 2199 εἶναι
837 2148 992 2213 ἔλεγε
1015 2165 1027 2178 ’
1064 2149 1320 2212 διάκονος
1364 2152 1420 2203 δὲ
1454 2149 1552 2218 ὢν,
1587 2155 1833 2207 ταπολλὰ

246 2241 329 2311 τῷ
360 2243 583 2310 μεγάλῳ
626 2242 848 2313 Ἰωάννῃ
911 2245 1074 2312 συνῆν
1104 2244 1204 2313 τὴν
1249 2246 1668 2300 Κωνσταντίνου
1707 2254 1831 2300 επις

248 2336 601 2401 τροπεύοντι.
635 2334 769 2403 Περὶ
798 2335 852 2386 δὲ
901 2335 1098 2403 λόγους
1132 2338 1331 2397 πονῶν,
1371 2339 1543 2392 πολλὰ
1567 2343 1664 2393 καὶ
1695 2358 1830 2393 παν-

249 2430 374 2479 τοῖα
423 2427 609 2495 βιὸλία
664 2428 793 2496 περὶ
849 2429 1014 2481 αὐτὸν
1046 2430 1291 2499 ἥθροιζε.
1324 2431 1429 2483 Τδν
1484 2432 1529 2483 δ’
1580 2433 1830 2486 ’Ᾱσιανὶν

246 2521 587 2592 χαρακτῆρα
612 2519 884 2589 ζηλώσας,
920 2520 1093 2573 πολλά
1129 2524 1460 2592 συνέγραφε.
1496 2524 1568 2576 Τὸ
1604 2525 1656 2577 δὲ
1696 2526 1829 2577 Ἰουο

247 2614 439 2667 λιανοῦ
473 2618 615 2667 κατά
659 2616 769 2667 τῶν
807 2615 971 2684 ἱερῶν
1004 2615 1228 2685 βιϐλίων
1272 2615 1667 2680 ἀνασκευαζων
1692 2622 1828 2681 συγ-

247 2723 509 2775 γραμμα,
570 2706 823 2775 λαμπρὸν
875 2706 1130 2770 ἐξεδίδου.
1189 2709 1299 2760 Καὶ
1335 2707 1464 2760 ἄλλο
1500 2708 1556 2759 δὲ
1599 2711 1829 2760 πυκτίον

249 2798 622 2866 συντεταχὼς,
677 2800 1115 2866 Χριστιανικὴγ
1170 2802 1449 2866 ἱστορίαν
1498 2801 1823 2869 ὠνόμασεν·

246 2890 316 2959 ἢν
350 2891 429 2951 είς
464 2890 522 2953 ἒξ
570 2893 664 2942 καὶ
697 2891 994 2957 τριάκοντα
1042 2890 1205 2942 διεῖλε
1235 2890 1440 2960 βιϐλία.
1489 2886 1563 2943 ὧν
1596 2893 1828 2945 ἕκαστον

244 2981 452 3049 τόμους
489 2984 735 3051 περιεῖχε
776 2981 1044 3043 πολλούς·
1082 2982 1157 3043 ὼς
1206 2981 1351 3035 εἶναι
1382 2984 1592 3045 πάντας
1624 2983 1827 3053 χιλίους

248 3073 461 3143 σχεδόν.
488 3074 578 3143 Τῷ
611 3075 666 3126 δὲ
696 3075 849 3143 τόμῳ
878 3073 1052 3137 ἰσάζει
1080 3075 1314 3125 ἑκάστου
1342 3074 1510 3141 τόμον
1544 3077 1824 3142 ὑπόθεσις.

244 3166 461 3226 Πολλὰς
493 3166 547 3215 δὲ
581 3165 691 3216 τῶν
740 3165 881 3217 ὑλῶν
920 3164 996 3233 τῷ
1035 3167 1434 3235 συγγράμματι
1482 3167 1820 3235 ἐπεισφέρει,

241 3259 314 3311 δι’
340 3252 415 3309 ὧν
455 3257 726 3310 δεικνύειν
757 3256 1011 3327 βούλεται
1047 3259 1311 3327 ἔμπειρον
1356 3260 1545 3312 ἑαυτὸν
1572 3262 1679 3313 τῶν
1707 3262 1825 3315 Ἐλ-

242 3350 487 3418 ληνικῶν
546 3348 928 3418 μαθημάτωνο
984 3347 1206 3411 πυκνῶς
1254 3349 1363 3417 γὰρ
1398 3353 1818 3421 γεωμετρικῶν,

247 3438 531 3501 μουσικῶν
574 3453 633 3488 τε
688 3440 783 3488 καὶ
851 3438 1271 3505 ἁστρονομικῶν
1329 3439 1710 3509 θεωρημάτων
1765 3444 1822 3493 ὲν

245 3533 408 3602 μνείᾳ
435 3530 647 3596 γίνεται
674 3545 685 3558 ·
715 3530 899 3599 νήσων
921 3545 979 3579 τε
1007 3530 1186 3592 θέσεις
1221 3531 1510 3601 ὲκφρὰζει,
1541 3535 1630 3584 καὶ
1646 3534 1821 3604 όρέων

238 3627 336 3676 καὶ
371 3622 626 3691 δένδρων,
668 3622 767 3675 καὶ
801 3620 1002 3685 ἄλλων,
1041 3622 1115 3689 μὴ
1152 3624 1546 3691 προσηκόντων
1571 3625 1648 3695 τῷ
1680 3643 1819 3695 προ·-

240 3715 486 3784 κειμένῳ
511 3733 525 3746 ·
565 3714 623 3766 οὗ
655 3716 815 3782 χάριν
841 3712 1067 3774 ἔκλυτος
1100 3713 1251 3783 αὐτῷ
1285 3716 1377 3766 καὶ
1422 3716 1599 3784 χαύνη
1632 3718 1819 3785 πρόει-

240 3828 331 3861 σιν
379 3810 411 3877 ἡ
446 3806 829 3876 πραγματεία.
872 3807 963 3858 Διὸ
1001 3807 1095 3859 καὶ
1145 3806 1382 3869 ἰδιώταις
1420 3808 1519 3859 καὶ
1567 3809 1819 3873 παιδείας

241 3898 644 3969 μετεσχηκόσιν
668 3899 888 3967 ἀχρεῖον
906 3897 1143 3952 καθίστα
1162 3899 1222 3951 τὸ
1245 3901 1609 3972 σύγγραμμα.
1636 3905 1697 3956 Οἱ
1719 3904 1820 3971 μὲν

236 3994 352 4062 γὰρ
392 3993 602 4043 ἰδιῶται
648 3992 710 4042 τὸ
742 3991 954 4059 κομψὸν
980 3992 1041 4042 οὐ
1093 3993 1363 4062 συνορῶσι
1396 3996 1493 4063 τῆς
1523 3997 1775 4064 φράσεως
1801 4014 1815 4026 ο

233 4088 288 4138 οἱ
331 4087 387 4137 δὲ
436 4085 685 4145 παιδείας
766 4086 1168 4153 μετεσχηκότες
1230 4087 1290 4138 τὸ
1336 4090 1687 4155 ταυτολογεῖν
1724 4090 1819 4143 καὶ

235 4184 450 4246 ἀκαιρα
488 4176 831 4247 συγγράφειν
865 4179 921 4229 ὲν
947 4177 1155 4246 μέμψει
1182 4177 1445 4230 τίθενται.
1495 4180 1658 4232 Ἀλλὰ
1685 4184 1817 4250 περὶ

238 4274 345 4341 μὲν
380 4272 606 4323 ἐκείνων
657 4274 732 4333 ῶς
788 4271 1006 4340 ἑκάστῳ
1058 4271 1318 4341 βούλησις
1369 4273 1549 4337 ἔσται,
1596 4278 1812 4344 κρινεῖ⁸

236 4365 462 4432 συγχέει
515 4364 570 4416 δὲ
630 4364 757 4424 τοὺς
811 4364 1036 4434 χρόνους
1089 4365 1187 4434 τῆς
1234 4365 1518 4434 ἱστορίας’
1555 4367 1652 4436 τῆς
1705 4367 1813 4437 γὰρ

231 4454 521 4507 θεοόοσίου
562 4453 842 4522 βασιλείας
898 4456 976 4515 είς
1018 4455 1244 4524 μνήμην
1279 4456 1598 4525 γενόμενος,
1657 4456 1815 4520 αὖθις

230 4546 307 4599 τὰ
338 4547 480 4596 κατὰ
504 4544 591 4594 τδν
622 4542 788 4594 πολὺν
811 4542 1130 4596 Ἀθανάσιον
1164 4546 1345 4596 όπίεω
1373 4546 1670 4614 γενόμενος
1702 4546 1817 4617 διη-

1936 2062 2040 2115 iste
2072 2061 2213 2117 Sida:
2248 2065 2300 2116 in
2346 2065 2666 2137 Pamphylia
2698 2080 2858 2123 ortus
2892 2080 2999 2135 est,
3034 2073 3181 2127 unde
3228 2073 3393 2128 etiam
3423 2061 3515 2128 so-

1936 2155 2115 2221 phista
2146 2155 2369 2210 Troilus
2405 2176 2579 2227 genus
2625 2160 2804 2225 duxit,
2857 2164 3088 2232 ejusque
3121 2165 3263 2220 adeo
3302 2182 3511 2234 cogna-

1937 2256 2049 2298 tum
2078 2264 2138 2301 se
2172 2249 2460 2318 Philippus
2501 2266 2622 2305 esse
2668 2253 2827 2306 dixit.
2868 2255 3142 2309 Diacouus
3178 2274 3301 2310 cum
3339 2269 3511 2317 esset.

1932 2356 2056 2393 cum
2090 2357 2286 2412 magno
2332 2344 2542 2399 Joanne
2595 2346 2974 2415 episcopatum
3024 2352 3512 2421 Constantinopoli

1932 2444 2193 2499 gerente,
2257 2437 2488 2489 multum
2542 2437 2663 2493 fuit.
2712 2439 2870 2504 Quod
2932 2457 3066 2496 vero
3114 2443 3167 2497 in
3212 2446 3512 2499 scribendo

1933 2524 2265 2589 elaboraret,
2300 2527 2503 2581 multos
2535 2540 2593 2584 et
2622 2532 2809 2586 varios
2853 2534 3075 2605 collegit
3110 2535 3305 2591 libros.
3345 2539 3510 2594 Multa

1932 2618 2119 2679 etiam,
2153 2618 2415 2673 Asianum
2448 2622 2715 2677 affectans
2752 2625 2968 2681 dicendi
2996 2644 3185 2697 genus,
3224 2634 3509 2701 conscrip-

1933 2709 2025 2762 sit.
2076 2709 2227 2778 Opus
2257 2727 2390 2765 vero
2430 2716 2805 2783 magniﬁcum,
2842 2719 2894 2772 in
2929 2736 3039 2789 quo
3073 2721 3276 2776 Iuliani
3314 2736 3508 2781 contra

1931 2816 2083 2853 sacra
2113 2801 2285 2855 Biblia
2320 2804 2587 2873 scriptum
2630 2810 2851 2874 evertit,
2890 2801 3133 2881 reliquit.
3175 2816 3337 2870 Aliud
3367 2832 3509 2884 quo-

1930 2906 2035 2958 que
2063 2892 2321 2947 volumen
2370 2899 2702 2963 composuit,
2750 2903 2896 2967 quod
2932 2900 3289 2959 Christianam
3328 2908 3510 2962 Histo-

1931 2984 2069 3035 riam
2116 2986 2445 3039 nominavit.
2487 2988 2545 3041 In
2593 3004 2661 3043 eo
2710 2992 2928 3062 triginta
2965 3005 3020 3049 et
3058 3010 3154 3050 sex
3190 2998 3315 3052 libri
3351 3008 3505 3063 sunt,

1928 3089 2165 3143 quorum
2216 3079 2452 3147 quisque
2504 3089 2683 3136 tomos
2732 3085 2918 3152 plures
2974 3088 3139 3143 habet
3183 3109 3195 3145 :
3252 3091 3388 3145 adeo
3443 3102 3505 3148 ut

1928 3181 2120 3221 omnes
2148 3168 2215 3221 ad
2252 3170 2620 3227 millenarium
2670 3175 2785 3231 lere
2837 3196 3128 3236 numerum
3166 3187 3504 3257 pertingant,

1926 3271 1983 3312 ct
2017 3260 2180 3314 habet
2227 3277 2388 3316 suum
2425 3274 2608 3320 tomus
2639 3270 2874 3340 quisque
2907 3288 3316 3343 argumentum.
3361 3280 3503 3337 Mul-

1930 3362 2037 3406 tam
2077 3370 2206 3407 vero
2234 3357 2286 3409 in
2316 3373 2455 3426 opus
2490 3361 2543 3412 id
2572 3366 2859 3418 materiam
2891 3370 3189 3438 congessit,
3222 3376 3503 3433 declarare

1927 3444 2142 3508 Voleus,
2180 3462 2288 3499 non
2340 3448 2659 3517 imperitum
2718 3469 2775 3508 se
2816 3454 3129 3514 Graecarum
3177 3463 3503 3534 disciplina-

1929 3549 2047 3585 rum
2115 3550 2257 3590 esse.
2323 3537 2667 3608 Frequenter
2732 3561 2969 3617 namque
3018 3558 3499 3626 geometriearum,

1925 3626 2440 3693 arithmeticartnn.
2500 3637 2834 3692 musicarutn
2895 3651 2949 3694 et
3000 3650 3500 3707 astronomicarum

1924 3722 2451 3776 connnentationum
2508 3729 2845 3784 mentionem
2909 3734 3063 3788 facit.
3136 3736 3502 3809 Prosequitur

1924 3826 2142 3880 quoque
2178 3814 2484 3869 insularum
2515 3819 2677 3883 situs,
2715 3832 2771 3876 et
2809 3827 3099 3881 montium.
3134 3831 3373 3888 Arbores
3397 3836 3499 3891 de-

1922 3907 2137 3969 scribit,
2181 3917 2235 3962 et
2276 3909 2380 3962 alia
2429 3912 2702 3979 quaedam,
2740 3915 2807 3969 ad
2859 3932 3242 3988 argumentum
3279 3928 3500 3984 institu-

1924 4009 2039 4051 tum
2077 4000 2213 4054 nihil
2252 4003 2604 4069 pertinentia.
2645 4005 2880 4063 Proinde
2930 4014 3243 4071 lucubratio
3278 4036 3361 4083 ea,
3403 4033 3499 4077 ut-

1923 4102 2049 4160 pote
2100 4092 2165 4145 ad
2218 4097 2644 4151 ostentationem
2697 4106 3026 4169 composita,
3074 4107 3191 4161 laxa
3229 4120 3284 4163 et
3316 4114 3497 4170 soluta

1920 4192 2006 4236 est
2037 4201 2049 4235 ε
2089 4192 2145 4237 et
2175 4195 2468 4253 propterea
2504 4188 2748 4245 indoctis
2784 4193 2948 4247 simul
2987 4205 3041 4249 et
3070 4198 3248 4254 doctis
3285 4204 3496 4260 inutilis

1923 4288 2045 4326 esse
2096 4274 2331 4327 videtur.
2375 4275 2583 4331 Indocti
2622 4282 2770 4333 enim
2820 4285 2946 4353 styli
2997 4287 3324 4355 elegantiam
3382 4310 3493 4349 non

1920 4366 2263 4433 perspiciunt
2318 4384 2331 4418 :
2385 4370 2588 4424 eruditi
2636 4383 2847 4435 autent,
2896 4377 3145 4432 eamdem
3201 4397 3315 4456 rem
3370 4385 3496 4439 aliis

1918 4458 2102 4510 verbis
2134 4461 2324 4525 repeti,
2354 4471 2410 4515 ct
2452 4464 2622 4517 multa
2660 4466 3049 4535 intempestive
3085 4474 3273 4539 scribi,
3306 4492 3496 4546 repre-

1920 4549 2189 4604 hendunt.
2222 4552 2417 4606 Verum
2447 4554 2513 4609 de
2540 4558 2763 4626 scriptis
2794 4560 2938 4629 ejus.
2970 4572 3027 4615 ut
3060 4564 3297 4635 quisque
3322 4569 3491 4637 volet,

231 4640 416 4706 γεῖται
440 4653 453 4666 ·
485 4640 578 4688 καὶ
612 4636 673 4687 τὸ
718 4632 851 4704 ἦθος
903 4637 1081 4699 τοῦτο,
1116 4637 1217 4689 οὐκ
1255 4638 1342 4688 ἐπ’
1376 4637 1585 4691 ἐκείνου
1620 4640 1808 4707 μόνον,
1843 4662 1890 4719 D

1843 4662 1890 4719 ι)
1918 4642 2204 4713 judicabil.
2244 4644 2495 4700 Historia:
2547 4665 2678 4702 vero
2717 4662 2961 4721 tempora
3010 4632 3317 4716 confundit.
3356 4661 3489 4720 Nam

230 4728 371 4780 ἀλλὰ
404 4729 501 4779 καὶ
556 4727 646 4777 ἐπὶ
696 4726 909 4777 πολλῶν
937 4727 1140 4795 ἐτέρων
1187 4729 1350 4781 ποιεῖ.
1383 4729 1497 4780 Καὶ
1544 4730 1677 4800 περὶ
1714 4731 1814 4799 μὲν

231 4821 513 4872 Φιλίππου
569 4818 831 4872 τοσαῦτα.
894 4821 1130 4882 Σισίνιος
1183 4821 1281 4883 δὲ,
1336 4820 1427 4874 τοῦ
1486 4823 1814 4891 Κυζικηνῶν

230 4911 505 4979 προέδρου
540 4909 822 4970 θανόντος.
856 4910 948 4963 τὸν
985 4910 1129 4962 θεῖον
1190 4912 1434 4981 Πρόκλον
1482 4917 1548 4984 τῇ
1588 4915 1813 4989 Κυζίκῳ

228 5002 585 5071 ἐχειροτόνει.
651 5004 755 5052 ικαὶ
808 5001 872 5071 δὴ
923 5002 1149 5071 Πρόκλῳ
1199 5004 1257 5054 ὲν
1308 5011 1638 5079 παρασκευῇ
1696 5010 1809 5063 ὄντι

229 5102 363 5162 περὶ
393 5096 567 5162 αὐτὴν
599 5096 820 5164 χωρεῖν,
852 5095 1154 5162 φθάνουσιν
1200 5098 1406 5149 ἐκεῖνοι
1438 5100 1532 5151 καί⁸
1561 5118 1804 5170 χειρου-

226 5186 414 5240 νοῦσιν
444 5186 613 5254 ἄνδρα
649 5187 850 5255 σεμνόν
875 5204 1018 5253 τινα,
1048 5188 1353 5256 Δαλμάτιον
1402 5190 1595 5261 ὄνομα,
1631 5195 1807 5264 ἀσκη-

224 5280 405 5343 τικοῖς
448 5280 631 5340 πόνοις
670 5282 1218 5350 ὲγγεγυμνασμένον.
1272 5283 1380 5335 Καὶ
1427 5283 1587 5337 τοῦτο
1614 5286 1805 5357 ἔδρων,

226 5371 287 5421 ἐν
322 5369 559 5438 δευτέρῃ
609 5371 702 5420 τὸν
758 5370 922 5435 νόμον
972 5370 1224 5438 θέμενοι·
1268 5373 1325 5435 ὃς
1374 5375 1599 5428 ἐκέλευε
1656 5381 1807 5448 παρὰ

227 5460 462 5530 γνώμην
493 5462 585 5513 τοῦ
616 5463 921 5515 ἱπισκόπου
961 5467 1056 5531 τῆς
1104 5465 1522 5521 Κωνσταντίνου
1560 5488 1809 5542 χειροτο-

227 5554 353 5605 νίαν
389 5552 463 5622 μὴ
498 5555 764 5622 γίνεσθαι.
812 5556 871 5607 '0
910 5555 1009 5625 μὲν
1050 5553 1145 5609 οὖν
1178 5558 1445 5627 Πρόκλος,
1479 5562 1669 5615 τούτου
1714 5582 1809 5632 γε-

227 5648 484 5715 νομένου,
533 5648 655 5708 καθ’
688 5649 879 5701 ἑαυτὸν
929 5652 1337 5714 συνεστέλλετο,
1372 5655 1669 5724 ἐκκλησίας
1709 5661 1807 5726 μὲν

232 5736 509 5807 μηδεμιᾶς
543 5741 974 5810 προϊστάμενος,
1016 5746 1137 5804 ταῖς
1166 5743 1221 5794 δὲ
1260 5744 1358 5812 τῆς
1394 5748 1804 5803 Κωνσταντίνου

1920 4737 2137 4803 imperii
2202 4736 2495 4793 Theodosii
2561 4745 2881 4797 memoriam
2938 4746 3179 4812 fat-iens,
3246 4755 3494 4812 actiones

1919 4828 2097 4896 magni
2154 4830 2439 4884 Athanasii
2496 4842 2646 4886 tanto
2693 4845 2813 4903 post
2848 4847 3094 4906 tempore
3134 4847 3335 4912 repetit
3374 4866 3387 4900 :
3438 4859 3493 4903 et

1915 4922 2379 4975 consuetudinem
2415 4924 2558 4978 hanc
2606 4942 2712 4978 nun
2767 4928 2819 4981 iu
2878 4931 2972 4982 iIIO
3016 4941 3247 5000 tantum,
3297 4954 3488 4997 verum

1907 5014 2078 5065 etiam
2134 5015 2188 5066 in
2249 5017 2435 5069 multis
2480 5018 2606 5070 aliis
2644 5031 2862 5091 servat.
2924 5023 3049 5078 lla-c
3095 5026 3161 5080 de
3212 5028 3486 5100 Philippo.

1914 5106 2085 5158 Porro
2131 5104 2403 5177 Cyziceno
2454 5112 2716 5180 episcopo
2757 5127 2995 5171 mortuo.
3054 5119 3294 5176 Sisinius
3346 5126 3489 5179 divi-

1916 5211 2045 5259 num
2100 5198 2348 5253 Proclum
2421 5204 2670 5257 ecclesiae
2724 5206 2905 5273 Cyziei
2960 5211 3279 5281 episcopum
3333 5218 3488 5270 ordi-

1918 5300 2009 5343 uat
2043 5290 2145 5361 (Ξ).
2191 5291 2447 5346 Sedenim
2479 5312 2604 5349 cum
2639 5299 2882 5361 ProeIus,
2934 5312 2992 5354 ut
3017 5320 3085 5357 eo
3115 5309 3393 5374 transiret,
3432 5313 3489 5367 in

1918 5385 2204 5451 procinctu
2259 5398 2427 5450 esset,
2481 5390 2731 5445 homines
2778 5394 2851 5446 ibi
2906 5396 3225 5465 epISCOptIIII
3280 5417 3490 5469 pr;eve-

1914 5478 2128 5529 uientes
2182 5479 2510 5534 ordinarunt
2566 5483 2897 5539 Dalmatium
2940 5492 3254 5555 quemdam,
3309 5495 3484 5549 virum

1914 5576 2287 5623 venerandum
2345 5582 2401 5625 et
2435 5575 2489 5627 in
2529 5580 2851 5633 monasticis
2897 5582 3184 5636 laboribus
3212 5590 3488 5653 ext-reita-

1916 5668 2051 5712 tum.
2102 5662 2155 5715 Id
2215 5664 2288 5717 illi
2346 5667 2620 5734 fecerunt,
2659 5676 2943 5727 sanctione
2995 5675 3087 5729 illa
3136 5690 3481 5750 contempta,

1912 5770 2033 5820 qua:
2088 5768 2283 5822 przetcr
2315 5767 2645 5818 sententiam
2702 5768 2942 5836 episcopi
2975 5766 3483 5841 Constantinopoli-

299 5920 376 5996 (Ξ)
417 5923 668 5980 Socrates
712 5925 869 5988 dicit,
921 5926 1095 5996 legem
1149 5926 1285 5984 hanc
1333 5932 1399 5988 de
1448 5937 1607 5991 unius
1639 5940 1801 5995 Attici
1847 5958 2076 6010 persona
2110 5944 2472 6000 constitutam
2508 5947 2693 6005 fuisse.
2730 5950 2847 6007 Lib.
2891 5971 2983 6021 vn,
3017 5970 3137 6024 cap.
3170 5954 3261 6011 9.3.
