4250 6440
205 399 343 464 1161

1100 400 1703 459 ECCI.ESl.—\ST|C.E
1746 398 2130 459 lliS'l‘ORLE
2170 398 2317 456 LEB.
2363 396 2520 458 XlV.

3327 380 3462 442 1162

207 523 308 584 τὴν
333 520 471 569 ’Ξκκ
496 511 890 579 inamatus?”
932 511 1231 580 'Iarop'ar
1262 511 1623 580 coittstaxt'u;,
1656 510 1780 563 τάδε
1814 518 1853 569 Α

1887 515 2087 567 sensim
2120 513 2395 565 inducere.
2446 510 2506 563 ln
2536 516 2741 561 tantum
2769 518 2902 557 sane.
2923 496 3151 569 qua-stis
3183 494 3299 547 haec
3347 494 3459 559 agi-

207 610 336 675 περὲ
371 607 470 674 τῆς
501 606 661 671 δόξης
694 605 994 674 Νεστορίου
1027 606 1280 668 διέξεισιν
1303 620 1318 635 ⁸
1358 622 1377 654 ‹
1427 604 1592 670 Ἐγὼ,
1625 605 1779 671 φησι,

204 706 319 763 τοῖς
361 702 514 767 παρὰ
538 699 843 767 Νεστορίου
879 699 1143 752 ἐκδοθείσι
1184 698 1362 765 λόγοις
1396 697 1659 765 ἐντυχὼν,
1688 698 1787 764 ἀγ-

204 792 432 844 νοίῦντσ.
468 792 554 843 τὸν
593 790 760 857 ἄνδρα
814 789 1160 859 ὲφεύρισκον,
1194 790 1288 842 καὶ
1334 787 1474 857 μετὰ
1515 788 1784 858 ιὰληθείας

204 887 340 952 ἐρῶ.
376 884 512 935 Οᾷιδὲ
548 883 656 951 γὰρ
682 880 805 933 οὔτε
842 882 1285 950 ἀπεχθανόμενος
1318 882 1454 949 πρὸς
1484 882 1667 947 αὐτὸν,
1710 877 1785 936 ὧν

205 974 353 1046 εἶχεν
416 976 825 1043 ἐλαττωμάτων
888 974 1198 1044 ἐμνήσθην,
1253 971 1378 1026 οὔτε
1428 973 1785 1043 χαριζόμενός

203 1086 375 1131 τισιν,
400 1068 435 1121 ὃ.
468 1066 790 1120 ἐλαττοῦνται
820 1066 1056 1135 ἐφεῦρον
1084 1067 1416 1133 ἐκθήσομαι.
1456 1064 1530 1118 Οὔ
1565 1083 1655 1133 μοι
1697 1065 1786 1117 δο-

204 1160 291 1209 κεῖ
324 1160 353 1210 6
379 1158 701 1224 Νεστόριος,
730 1153 855 1207 οὔτε
909 1155 1001 1206 τὸν
1032 1155 1355 1221 Σαμοσατέα
1403 1153 1638 1217 Παῦλον,
1662 1154 1786 1207 οὔτε

208 1248 317 1317 μὴν
348 1247 615 1307 Φωτεινὸν
669 1244 1033 1312 μιμούμενος,
1064 1243 1220 1310 ψιλὸν
1266 1241 1554 1309 ἄνθρωπον
1604 1239 1788 1306 λέγειν

203 1342 301 1391 τὶν
334 1338 541 1407 Κύριον
562 1354 575 1367 ’
605 1336 742 1389 ἀλλὰ
768 1336 865 1405 τὴν
889 1335 1033 1400 λέξιν
1068 1335 1237 1404 μόνην
1286 1334 1362 1396 ὡς
1404 1338 1473 1387 τὰ
1507 1333 1785 1403 μορμολύ-

205 1450 333 1484 κεια
381 1429 712 1499 πεφόὸηται.
746 1429 857 1481 Καὶ
898 1426 1058 1481 τοῦτο
1090 1426 1363 1479 πέπονθεν
1404 1427 1508 1478 ὑπὸ
1548 1424 1787 1493 ἀμαθίας

502 1522 749 1590 φυσικῶς
802 1523 912 1590 γὰρ
970 1519 1194 1583 εῦλαλος
1237 1520 1332 1584 ὢν,
1388 1519 1788 1573 πεπαιδεῦσθαι

210 1613 315 1682 μὲν
367 1612 652 1681 ἐνομίζετο
679 1653 693 1677 ,
732 1612 798 1680 τῇ
846 1610 903 1662 δὲ
957 1608 1183 1679 ἀληθείᾳ
1225 1609 1511 1677 ἀνάγωγος
1559 1603 1666 1677 ἦν,
1698 1610 1790 1659 καὶ

202 1707 307 1767 τὰς
336 1705 445 1758 τῶν
478 1704 726 1758 παλαιῶν
754 1702 1073 1773 ἑρμηνεύων
1111 1702 1350 1769 βίϐλους,
1391 1701 1623 1772 ἀπηξίου
1657 1719 1788 1770 μαν-

206 1798 419 1853 θάνειν.
451 1797 769 1866 Τυφόμενος
830 1797 938 1864 γὰρ
988 1794 1092 1846 ὑπὸ
1143 1795 1241 1862 τῆς
1289 1794 1647 1860 εὐγλωττίας,
1686 1794 1786 1847 οὐκ

207 1523 413 1591 πολλῆς
439 1540 450 1552 ·

1886 616 1994 657 tata
2020 614 2123 667 est,
2160 615 2217 656 ut
2254 601 2550 657 universali
2600 599 2768 653 etiam
2825 608 2963 663 opus
3009 597 3158 645 esset
3226 583 3459 655 synodo.
3504 635 3511 643 κ

1885 696 2056 748 Porro
2083 696 2355 757 Socrates,
2392 693 2483 762 qui
2518 688 2939 743 Ecclesiasticam
2979 682 3261 738 historiam
3324 693 3461 730 con-

1888 786 2132 852 scripsit,
2186 784 2253 851 de
2307 779 2542 836 Nestorii
2600 778 2861 847 opinione
2902 773 3016 827 haec
3042 777 3458 826 commemorat.

1897 896 1914 927 ι
1966 878 2100 945 Ego,
2133 875 2333 945 inquit,
2387 890 2508 928 cum
2538 873 2687 927 edita
2725 886 2753 923 a
2787 866 3040 922 Nestorio
3072 867 3275 933 scripta
3310 856 3458 931 lege-

1893 982 2006 1020 rem
2041 966 2354 1035 imperitum
2381 964 2666 1016 hominem
2697 974 2817 1014 esse
2844 956 3023 1024 reperi
3052 972 3065 1006 :
3105 964 3268 1021 atque
3300 953 3353 1006 id
3386 954 3458 1004 ita

1894 1074 2020 1111 vere
2049 1058 2231 1111 dicere
2266 1068 2508 1123 possum.
2540 1052 2727 1119 Neque
2778 1047 2924 1101 enim
2956 1045 3083 1098 odio
3116 1044 3340 1106 ductus,
3377 1051 3457 1095 te-

1893 1150 2117 1204 nuitatis
2142 1150 2259 1218 ejus
2291 1163 2394 1215 qua
2420 1146 2541 1199 aliis
2573 1144 2799 1199 inferior
2833 1140 2955 1202 luit,
2989 1138 3292 1191 meminero
3324 1153 3337 1195 ;
3366 1127 3464 1187 ne-

1889 1253 1993 1303 quc
2043 1238 2300 1307 cuiquam
2332 1234 2691 1305 gratiticatus,
2732 1232 2936 1300 quibus
2996 1231 3135 1284 alios
3180 1227 3463 1295 superavit

1890 1332 2045 1384 dotes
2074 1343 2368 1398 exponam.
2416 1327 2535 1381 Non
2580 1327 2710 1380 mihi
2776 1324 2993 1378 videtur
3053 1321 3340 1376 Nestorius
3375 1319 3462 1373 vel

1890 1421 2116 1474 Paulum
2176 1420 2610 1481 Samnsatenum,
2678 1418 2762 1471 vel
2841 1415 3134 1473 Pbotinum
3198 1414 3463 1474 imitatus,

1890 1530 2099 1569 merum
2133 1514 2408 1567 hominem
2436 1513 2725 1567 Dominum
2759 1510 2971 1575 dicere,
3010 1507 3107 1562 sed
3135 1507 3463 1585 vocabulum

1890 1607 2066 1675 ipsum
2130 1616 2339 1659 tantum
2421 1605 2583 1660 sicuti
2649 1606 2850 1657 larvam
2911 1600 3249 1664 reformidat,
3300 1598 3466 1668 idque

1891 1711 2114 1767 propter
2144 1698 2369 1751 inultam
2399 1698 2727 1766 imperitiam
2751 1694 3067 1751 facit.Cuin
3098 1708 3333 1762 namque
3372 1710 3469 1747 na-

1894 1792 2053 1846 turali
2083 1790 2319 1859 quadam
2357 1789 2614 1844 faetindia
2641 1788 2906 1858 pra'ditus
2935 1798 3103 1853 esset,
3137 1788 3309 1857 probe
3343 1787 3467 1855 ιιιιί-

206 1890 459 1959 ἀκριϐῶς
516 1891 772 1957 προσεῖχε
829 1889 942 1949 τοῖς
1011 1885 1298 1949 παλαιοῖς,
1362 1884 1499 1938 ἀλλὰ
1569 1885 1787 1937 πάντων
1822 1866 1859 1919 Β

1891 1881 2013 1934 dem
2045 1880 2297 1934 eruditus
2354 1895 2477 1935 esse
2528 1881 2825 1949 putabatur
2860 1897 2874 1933 :
2910 1895 2968 1933 re
3015 1890 3199 1934 autem
3231 1879 3350 1948 ipsa
3381 1878 3467 1932 in-

206 1981 506 2049 κρείττονα
554 1978 807 2042 ενόμιζεν
846 1975 1062 2029 ἑαυτόν.
1110 1974 1319 2026 Αὐτίκα
1358 1973 1489 2040 γοῦν
1519 1975 1787 2043 ἠγνόησεν

205 2074 295 2124 ὅτι
336 2072 391 2123 ὲν
419 2074 485 2140 τῇ
520 2068 799 2138 Καθολικῇ
820 2066 1068 2121 Ἰωάννου
1102 2066 1413 2137 γέγραπται
1455 2066 1512 2118 ὲν
1543 2067 1656 2128 τοῖς
1687 2083 1790 2117 πα·-

205 2164 386 2223 λαιοῖς
424 2160 801 2227 ἀντιγράφοις,
852 2158 933 2211 ὅτι
970 2156 1102 2211 Πᾶν
1146 2158 1385 2225 πνεῦμα
1435 2158 1465 2211 ὃ
1517 2158 1651 2211 λύει
1684 2159 1791 2211 τὸν

220 2253 499 2320 Ἰησοῦν,
552 2252 673 2306 ἀπὸ
738 2250 845 2303 τοῦ
903 2250 1053 2303 Θεοῦ
1084 2252 1196 2303 οὐκ
1230 2250 1384 2304 ἔστι.
1429 2250 1649 2319 Ταύτην
1682 2250 1791 2320 γὰρ

206 2349 316 2419 τὴν
342 2347 586 2401 διάνοιαν
618 2348 681 2399 ὲκ
721 2344 828 2417 τῷν
865 2343 1110 2399 παλαιῶν
1136 2345 1490 2413 ἀντιγράφων
1518 2343 1792 2413 περιεῖλον

209 2443 265 2493 0i
303 2439 558 2511 χωρίζειν
586 2437 692 2491 ἀπὸ
722 2437 815 2490 τοῦ
845 2437 945 2504 τῆς
975 2438 1293 2506 οἰκονομίας
1340 2436 1632 2506 ἀνθρώπου
1670 2436 1793 2505 βονι

210 2534 437 2601 λὸμενοι
470 2533 568 2600 τὴν
625 2530 879 2599 θεότητα,
932 2529 1021 2583 Διὸ
1074 2530 1169 2583 καὶ
1213 2532 1259 2581 οἱ
1290 2530 1511 2582 παλαιοὶ
1540 2532 1795 2598 ἑρμηνεῖς

212 2625 355 2677 αὐτὸ
386 2624 544 2676 τοῦτο
589 2622 1035 2689 ἐπεσημήναντο,
1089 2619 1164 2682 ὦς
1214 2638 1360 2683 τινες
1399 2616 1509 2673 εἷεν
1542 2623 1795 2691 ῥᾳδιουρ-

213 2715 496 2781 γήσαντες
551 2712 650 2778 τὴν
694 2709 1006 2772 ἐπιστολὴν,
1052 2708 1198 2761 λύειν
1238 2710 1344 2763 ἀπὸ
1378 2710 1469 2762 τοῦ
1522 2711 1655 2762 Θεοῦ
1706 2713 1797 2763 τὶν

211 2801 511 2870 ἄνθρωπον
544 2800 808 2860 θέλοντες.
836 2796 1274 2866 Συνανείληπται
1299 2798 1351 2849 δὲ
1376 2800 1407 2867 ή
1440 2799 1794 2866 ἁνθρωπύτης

213 2898 284 2961 τῇ
323 2894 576 2961 θεότητι,
628 2892 724 2944 καὶ
774 2891 959 2943 οὐκέτι
1006 2890 1111 2942 eisi.
1156 2890 1269 2955 δύο,
1314 2889 1451 2942 ἀλλὰ
1500 2890 1589 2942 ἕν’
1640 2890 1800 2942 τοῦτο

219 2987 565 3057 θαρροῦντες
598 2986 648 3037 οί
677 2983 1207 3044 παλαιοὶ,Θεοτόκον
1238 2983 1420 3049 λέγειν
1450 2982 1549 3053 τὴν
1580 2984 1799 3053 Μαρίαν

215 3085 321 3135 οὐκ
357 3080 632 3149 ὤκνησαν.
685 3077 844 3131 Οὕτω
877 3078 987 3146 γὰρ
1019 3079 1113 3130 καὶ
1148 3077 1177 3129 6
1211 3075 1499 3144 Παμφίλου
1541 3076 1800 3139 Εὐσέὸιος

220 3178 283 3224 ἐν
316 3171 394 3239 τῷ
452 3170 623 3239 τρίτῳ
673 3169 818 3238 λόγῳ
850 3167 929 3237 τῷ
968 3170 1049 3229 είς
1089 3167 1181 3219 τὸν
1215 3167 1338 3219 Βίον
1384 3165 1796 3219 Κωνσταντίνου
1823 3204 1868 3267 c

219 3263 373 3316 κατὰ
400 3262 546 3328 λέξιν
578 3262 751 3315 ταῦτα
778 3278 912 3331 φησι
939 3276 952 3291 ⁸
991 3262 1100 3313 Καὶ
1127 3261 1237 3329 γὰρ
1260 3261 1352 3313 καὶ
1386 3261 1638 3330 γέννησιν
1668 3262 1800 3313 ὑπο-

223 3355 418 3424 μένειν
448 3355 475 3404 6
528 3352 647 3422 μεθ’
677 3354 826 3421 ἡμᾶς
882 3352 1014 3414 Θεὸς
1063 3351 1129 3404 δι’
1182 3352 1332 3420 ἡμᾶς
1381 3351 1675 3421 ήνέσχετο’
1707 3354 1801 3406 καὶ

219 3447 396 3507 νάπος
431 3444 595 3497 αὑτοῦ
626 3444 725 3512 τῆς
754 3446 1024 3512 ὲνσάρκου
1050 3444 1358 3513 γεννήσεως
1388 3444 1648 3508 ὀνομαστὶ
1672 3447 1801 3515 παρ’

234 3539 518 3607 Ἑϐραίοις
550 3539 583 3606 ὴ
619 3536 867 3605 Βηθλεὲμ
913 3535 1264 3604 ὲκηρύττετο.
1302 3537 1394 3589 Διὸ
1416 3538 1479 3606 δὴ
1511 3539 1605 3590 καὶ
1645 3539 1678 3607 ή
1709 3537 1803 3607 βα-

224 3634 450 3685 σὶλισσα
488 3630 677 3699 Ἑλένη
735 3631 766 3698 ή
824 3629 1214 3698 θεοφιλεστάτη
1255 3630 1353 3698 τῆς
1406 3629 1672 3684 Θεοτόκου
1703 3631 1803 3701 τήν

225 3723 433 3791 κύησιν
496 3724 745 3789 μνήμασι
787 3719 1111 3786 θαυμασίοις
1144 3721 1391 3790 ἐκόσμει,
1428 3724 1697 3786 παντοίως
1744 3725 1804 3777 τὸ

223 3815 356 3884 τῇδε
390 3814 537 3881 ίερθιν
560 3812 755 3882 ἄντρον
779 3811 1166 3882 φαιδρύνουσα.
1200 3816 1305 3868 Καὶ
1345 3815 1627 3885 Ὤριγένης
1652 3816 1712 3869 δὲ
1747 3818 1807 3870 ἐν

224 3911 308 3977 τῷ
344 3908 516 3977 τρίτῳ
550 3908 700 3976 τόμῳ
729 3909 838 3959 τῶν
900 3910 980 3971 είς
1013 3907 1112 3975 τὴν
1164 3908 1301 3978 πρὸς
1345 3906 1654 3978 Ῥωμαίους
1709 3911 1804 3962 τοῦ

237 3998 579 4054 Ἀποστόλου
628 3998 971 4065 Ἐπιστολὴν,
1022 3997 1344 4067 ἑρμηνεύων
1376 3999 1493 4062 πῶς
1549 4001 1805 4061 Θεοτόκος

224 4095 459 4159 λέγεται
492 4089 738 4152 πλατέως
769 4091 1021 4161 ἐξήτασε.
1049 4091 1303 4144 Φαίνεται
1333 4092 1514 4145 τοίνυν
1545 4094 1572 4145 6
1604 4092 1805 4146 Νεστό-

226 4204 355 4256 ριος
384 4189 657 4258 ἀγνοήσας
689 4187 786 4248 τὰς
822 4185 1211 4254 πραγματείας
1236 4186 1347 4237 τῶν
1374 4186 1653 4239 παλαιῶν·
1704 4186 1805 4253 διὸ,

227 4281 424 4343 καθὼς
455 4283 612 4351 ἔφην,
639 4281 739 4351 τὴν
766 4278 915 4342 λέξιν
942 4279 1109 4349 μόνην
1135 4278 1505 4348 περιίσταται.
1536 4278 1612 4334 Οὐ
1647 4282 1808 4350 μόνον

228 4377 294 4429 δὲ
329 4378 430 4432 τὴν
486 4373 650 4436 λέξιν,
704 4372 841 4425 ἀλλὰ
894 4371 985 4424 καὶ
1023 4371 1303 4433 παντελῶς
1351 4372 1485 4424 Θεὸν
1528 4371 1671 4426 εἶναι
1719 4375 1810 4427 τὶν

227 4465 573 4535 γεννηθέντα
623 4464 925 4533 ἠρνήσατο.
981 4462 1042 4514 '0
1102 4463 1209 4532 γὰρ
1264 4462 1550 4533 γεννηθεὶς
1601 4467 1664 4517 ἐκ
1712 4466 1810 4532 τῆς

1890 1974 2107 2036 doctus,
2142 1982 2196 2026 ct
2222 1981 2465 2027 veterum
2500 1974 2861 2041 interpretum
2911 1974 3081 2027 libros
3116 1988 3336 2026 versare
3372 1987 3469 2025 no-

1892 2069 1993 2121 luit
2024 2086 2036 2119 :
2064 2066 2334 2134 siquidem
2383 2064 2622 2134 expetita
2656 2065 2853 2135 lingute
2885 2064 3235 2118 volubilitate
3262 2064 3466 2123 elatus,

1892 2159 2137 2213 animum
2172 2157 2237 2210 ad
2270 2157 2488 2210 iilorutn
2515 2156 2714 2223 scripta
2746 2170 2853 2207 non
2885 2164 3140 2210 accurate
3202 2155 3467 2216 intendit,

1892 2251 1985 2306 sed
2019 2250 2259 2319 scipsuin
2308 2248 2568 2301 euntibus
2626 2248 3063 2315 praestantiorem
3113 2262 3237 2300 esse
3288 2246 3467 2300 duxit.

1893 2344 2079 2409 itaque
2111 2341 2246 2394 illud
2293 2341 2477 2394 statim
2510 2354 2577 2393 ex
2617 2339 2885 2392 Catholica
2941 2339 3170 2393 Joannis
3198 2338 3467 2408 Epistola,

1894 2435 2039 2505 quod
2065 2434 2117 2486 in
2143 2433 2373 2487 vetustis
2392 2430 2809 2500 cxctnplaribns
2840 2430 3105 2495 scriptum
3133 2439 3218 2484 est
3251 2432 3469 2500 ignora-

1895 2528 1975 2580 vit
2016 2526 2205 2590 :Quod
2236 2525 2454 2593 spiritus
2485 2525 2674 2588 omnis,
2716 2523 2805 2591 qui
2841 2522 3019 2575 Jcstmt
3052 2521 3231 2586 solvit,
3270 2538 3333 2574 ea:
3365 2523 3471 2575 Deo

1899 2619 2185 2673 nonest‘.
2222 2618 2356 2672 Natu
2399 2616 2727 2671 sententiam
2795 2616 2955 2679 hanc,
3007 2615 3100 2683 qui
3155 2615 3222 2668 ab
3298 2614 3473 2669 admi-

1897 2712 2221 2765 nistratione
2271 2709 2512 2763 hominis
2546 2710 2598 2762 in
2624 2708 2845 2762 Christo
2890 2708 3236 2768 divinitatem
3291 2724 3472 2779 segre-

1898 2818 2027 2873 gare
2058 2803 2370 2868 voluerunt,
2403 2818 2471 2856 ex
2513 2796 2756 2871 antiquis
2786 2802 3191 2871 exemplaribus
3234 2803 3471 2857 sustule—

1899 2904 2048 2950 runt.
2088 2895 2436 2966 Quapropter
2469 2907 2525 2951 et
2564 2897 2733 2965 prisci
2768 2898 3103 2964 interpretes
3130 2899 3232 2951 hoc
3285 2899 3465 2965 ipsum

1901 2988 2234 3054 indicarunt,
2260 2987 2433 3043 fuisse
2462 2988 2721 3042 nimirum
2752 2989 3046 3057 quosdam,
3102 2990 3198 3058 qui
3254 2991 3476 3059 Episto-

1901 3078 2009 3132 lam
2045 3094 2165 3135 eam
2222 3080 2598 3149 depravarint,
2662 3080 2937 3135 hominem
3003 3097 3033 3138 a
3103 3082 3215 3137 Deo
3262 3084 3478 3140 solvere

1901 3175 2171 3229 volentes.
2212 3177 2501 3245 Assumpta
2533 3184 2716 3229 antem
2760 3185 2844 3229 est
2878 3191 2908 3229 a
2961 3175 3247 3241 divinitate
3282 3177 3479 3240 huma-

1902 3267 2069 3331 nitas,
2100 3268 2286 3338 etjam
2316 3283 2421 3321 non
2459 3267 2568 3321 duo
2593 3277 2761 3329 sunt.
2792 3269 2887 3322 sed
2926 3284 3092 3322 unum
3135 3286 3150 3322 :
3182 3282 3307 3338 quo
3328 3259 3477 3325 vetc-

1903 3373 1992 3414 res
2038 3359 2184 3421 freti,
2234 3358 2455 3411 Mariam
2514 3357 2795 3423 Θεοτόκον,
2838 3361 2943 3415 hoc
2969 3370 3074 3426 est,
3118 3360 3206 3415 Dei
3236 3362 3479 3416 Genitri-

1902 3466 2020 3505 cem
2044 3451 2231 3503 dicere
2264 3465 2372 3503 non
2405 3450 2745 3504 dubitarunt.
2804 3451 2895 3505 Sic
2932 3454 3079 3507 cnim
3111 3463 3166 3507 et
3208 3453 3479 3509 Eusebius

1903 3543 2170 3611 Pamphili
2206 3543 2258 3595 in
2296 3542 2567 3608 tertiode
2604 3541 2724 3596 Vita
2753 3542 3101 3598 Constantini
3164 3546 3332 3611 libro,
3380 3548 3482 3602 hac

1904 3638 1971 3690 de
1997 3651 2055 3689 re
2083 3635 2151 3689 ad
2174 3634 2400 3689 verbum
2433 3635 2611 3704 inquit
2642 3651 2656 3687 :
2683 3634 2817 3689 Nam
2836 3647 2892 3691 et
2914 3638 3249 3692 nativitatem
3269 3640 3363 3709 qui
3393 3650 3483 3694 est

1907 3729 2191 3783 nobiseum
2244 3729 2410 3793 Deus,
2446 3739 2630 3783 nostra
2667 3743 2828 3783 causa
2874 3730 3059 3785 subire
3093 3733 3374 3797 sustinuit,
3423 3743 3483 3788 et

1906 3822 2057 3877 locus
2116 3822 2418 3875 nativitatis
2480 3822 2597 3891 ejus
2658 3821 2908 3875 in‘carne
2964 3824 3287 3878 nominatim
3336 3825 3480 3893 apud

1909 3913 2167 3967 llebrmos
2180 3914 2459 3968 Bethleem
2480 3913 2773 3982 praedictus
2791 3924 2896 3968 est.
2919 3915 3284 3980 Quamobrem
3310 3918 3478 3970 etiatn

1865 4004 2005 4058 .Dei
2054 4006 2428 4058 amantissima
2484 4005 2689 4059 Helena
2762 4005 3035 4073 Augusta,
3111 4009 3477 4075 gestationem

1910 4096 2052 4149 uteri
2089 4096 2179 4149 Dei
2201 4096 2494 4151 Genitricis
2523 4096 2863 4151 admirandis
2912 4100 3282 4153 monumentis
3316 4101 3486 4154 coho-

1909 4191 2167 4256 nestavit,
2201 4199 2258 4243 et
2291 4205 2506 4244 sacrum
2541 4190 2672 4244 illud
2707 4202 2926 4243 antrum
2963 4191 3321 4246 multifariam
3384 4209 3483 4246 ex-

1910 4280 2147 4333 ornavit.
2180 4280 2339 4350 507
2375 4280 2631 4349 Origenes
2661 4297 2789 4334 vero
2813 4289 2869 4334 et
2907 4281 3022 4349 ipse
3059 4282 3112 4335 in
3146 4282 3303 4336 tertio
3326 4282 3486 4337 Com—

1913 4374 2347 4439 mentariorum,
2414 4373 2467 4425 in
2514 4372 2755 4441 Epistula
2808 4373 2873 4425 ad
2933 4371 3212 4428 Romanos
3244 4417 3257 4440 ,
3311 4385 3483 4440 tomo,

1912 4466 2189 4534 quomodo
2220 4467 2311 4519 Dei
2375 4464 2623 4519 Genitrix
2661 4466 2877 4519 dicatur
2902 4459 3201 4535 exponens,
3265 4470 3485 4535 copiose

231 4556 405 4621 ἁγίας
436 4553 714 4624 Παρθένου
743 4556 889 4604 ἐστὶν
921 4553 1363 4621 ἐσταυρωμένος,
1406 4552 1556 4615 ὅστις
1605 4554 1808 4622 Κύριός
1840 4558 1868 4617 Ι

1875 4562 1890 4613 ι
1918 4560 1971 4612 id
2004 4560 2260 4628 explicat.
2298 4563 2538 4628 Apparet
2568 4560 2754 4628 igitur,
2788 4559 3100 4613 Nestorium
3136 4550 3486 4616 lucubratio-

229 4651 359 4701 ἐστι
406 4646 507 4714 τῆς
560 4646 740 4713 δόξης,
805 4645 1073 4713 ὦςιφησιν
1111 4646 1137 4695 ὁ
1180 4645 1549 4707 Ἀπόστολοςο
1580 4649 1649 4698 El
1701 4646 1810 4713 γὰρ

230 4742 539 4809 ἔγνωσαν,
590 4739 701 4791 οὐκ
734 4737 811 4789 ἂν
847 4738 951 4790 τὸν
983 4736 1203 4804 Κύριον
1240 4733 1349 4804 τῆς
1388 4735 1573 4803 δόξης
1599 4737 1813 4790 ἐσταύ·

227 4850 467 4905 ρωσην.
493 4834 786 4901 Νεστόριος
816 4830 872 4883 δὲ
890 4830 1040 4898 λέγει
1067 4843 1081 4859 ⁸
1116 4848 1134 4881 ι
1178 4830 1268 4898 Μή
1309 4831 1523 4899 καυχῶ,
1553 4829 1773 4882 ’Ῑουδαίε
1795 4844 1809 4857 ο

235 4926 379 4979 Θεὸν
403 4925 503 4975 οὐκ
522 4923 923 4989 ἐσταύρωσας,ι
956 4923 1033 4985 ὡς
1065 4922 1157 4975 τοῦ
1190 4924 1395 4988 Κυρίου
1422 4923 1518 4991 τῆς
1534 4921 1689 4990 δόξης
1715 4924 1816 4974 οὐκ

236 5014 690 5083 ἐσταυρωμένον.
729 5013 885 5065 Ἐπεὶ
915 5014 996 5066 ὅτι
1041 5015 1198 5083 ψιλὸν
1226 5015 1287 5066 οὐ
1334 5015 1482 5080 λέγει
1528 5014 1816 5082 ἄνθρωπον

234 5109 337 5160 τὸν
364 5104 623 5174 Χριστὸν,
649 5104 723 5167 ὡς
749 5105 1018 5166 Φωτεινὸς
1051 5106 1084 5171 ἢ
1147 5106 1355 5167 Παῦλος
1383 5108 1409 5157 ὁ
1444 5107 1815 5175 Σαμοσατεὺς,

234 5200 341 5253 καὶ
393 5198 451 5249 αἱ
485 5196 795 5251 ὲκδοθείσαι
827 5196 990 5249 αὐτοῦ
1028 5198 1384 5267 προσομιλὶαι
1432 5198 1814 5251 διδάσκουσινο

236 5295 323 5355 ὡς
353 5289 589 5358 οὐδαμοῦ
617 5292 715 5358 τήν
748 5291 838 5342 τοῦ
871 5289 1009 5342 Θεοῦ
1044 5291 1219 5359 Λόγου
1259 5292 1558 5343 ὑπόστασιν
1582 5292 1817 5361 ἀναιρεῖ,

236 5381 387 5435 ἀλλὰ
448 5381 727 5451 πανταχοῦ
779 5383 1143 5436 ἐνυπόστατον
1206 5385 1369 5436 αὐτὸν
1415 5384 1688 5451 ὁμολογεῖ,
1724 5386 1820 5436 καὶ

238 5473 517 5528 ἐνούσιον.
563 5476 635 5526 Οὐ
669 5476 798 5542 μὴν,
830 5473 903 5534 ὠς
931 5475 1194 5536 Φωτεινὸς
1238 5476 1332 5527 καὶ
1374 5476 1817 5543 ὁ,Σαμοσατεὺς,

234 5570 465 5638 ἀναιρεί
506 5567 673 5620 αὐτοῦ
718 5568 814 5637 τὴν
847 5568 1115 5638 ὓπαρξινο
1163 5569 1321 5620 τοῦτο
1358 5570 1467 5637 γὰρ
1516 5571 1608 5622 καὶ
1651 5570 1821 5621 Μανι-

238 5664 390 5734 χαίοι
422 5659 515 5711 καὶ
550 5661 596 5711 οἱ
630 5660 739 5711 ἀπὸ
773 5660 1056 5712 Μοντανοῦ
1096 5661 1446 5729 δογματίζειν
1482 5663 1815 5738 ἐτόλμησαν.

316 5848 335 5878 ¹
364 5846 523 5902 Joan.
572 5862 649 5911 Iv,
682 5846 734 5899 3.
814 5846 832 5874 ³
876 5844 1042 5900 lCor.
1084 5859 1147 5907 ιι,
1176 5844 1228 5896 8.

576 5946 849 6004 Ριτικιτ..
896 5946 938 6002 (ἱ
954 5964 986 6001 n
1063 5944 1154 6007 CX
1170 5942 1282 6003 LVI

1918 4665 2017 4704 nes
2048 4660 2294 4703 veterum
2328 4652 2629 4720 ignorasse.
2660 4649 2919 4715 Proinde,
2955 4650 3120 4705 sicuti
3170 4652 3306 4710 dixi.
3336 4653 3487 4709 locu-

1921 4744 2122 4796 tionem
2153 4745 2321 4797 solatn
2358 4751 2658 4811 oppugnat.
2686 4742 2849 4811 (Quin
2876 4743 2969 4799 ille
3008 4759 3116 4797 non
3156 4744 3482 4799 vocabulum

1920 4828 2099 4896 ipsum
2154 4829 2338 4894 modo,
2396 4829 2489 4882 sed
2517 4845 2741 4898 prorsus
2779 4831 2943 4884 etiam
2981 4832 3151 4886 Deum
3183 4848 3325 4898 esse,
3390 4840 3484 4903 qui

1917 4922 2133 4990 genitus
2154 4931 2258 4984 est,
2294 4923 2532 4991 negavit.
2590 4923 2692 4988 Qui
2734 4924 2879 4976 enim
2912 4940 2978 4978 ex
3034 4924 3257 4995 Virgine
3303 4939 3489 4981 sancta

1918 5022 2076 5067 natus
2158 5024 2263 5080 est,
2344 5016 2487 5069 idem
2568 5016 2863 5070 crucifixus
2942 5032 3157 5088 quoque
3236 5031 3339 5082 est,
3395 5022 3488 5095 qui

1917 5105 2139 5174 quidem
2212 5107 2475 5161 Dominus
2564 5119 2648 5162 cst
2723 5110 2944 5177 εισι-ιω,
3024 5112 3487 5182 quemadmodum

1918 5197 2214 5265 Apostolus
2286 5199 2359 5250 ait
2418 5213 2433 5251 :
2499 5198 2557 5252 Si
2635 5203 2772 5253 enirn
2846 5204 3222 5270 cognovissent,
3308 5203 3491 5255 Domi-

1919 5307 2043 5343 num
2095 5289 2275 5360 utique
2316 5290 2497 5359 gloria:
2546 5307 2647 5344 non
2691 5292 3068 5359 cruciﬁxissent
3119 5296 3159 5345 ’.
3197 5294 3491 5347 tNestorius

1920 5396 2103 5438 autem
2174 5384 2353 5451 inquit
2386 5401 2397 5433 :
2444 5402 2459 5431 ι
2497 5383 2573 5435 l‘ie
2602 5383 2883 5451 glorieris,
2923 5384 3128 5447 Judace,
3174 5385 3342 5447 Donni
3378 5402 3488 5438 non

1921 5474 2241 5529 crueilixisti
2272 5492 2284 5526 :
2315 5492 2333 5524 ι
2370 5474 2598 5543 perinde
2625 5486 2786 5543 atque
2820 5476 3076 5531 Dominus
3105 5477 3288 5545 gloria-
3315 5478 3489 5529 cruei-

1922 5570 2062 5623 fixus
2116 5581 2224 5619 non
2265 5577 2429 5620 esstet.
2474 5567 2929 5634 Quandoquidem
2993 5569 3137 5637 quod
3187 5568 3490 5631 Christum,

1924 5677 2031 5714 non
2070 5675 2267 5730 purum
2303 5658 2583 5713 hominem
2645 5652 2812 5724 dicat,
2847 5662 2990 5715 sicut
3060 5661 3353 5722 Photinus,
3397 5668 3490 5712 aut

2945 5932 3014 5992 37
