4250 6440
1233 397 1818 464 ECCLESIASTICE
1860 406 2242 468 IIISTOlU/E
2281 411 2421 470 LIB.
2460 414 2608 475 XIV.

328 496 715 601 πρεσσυτὲρας
760 499 975 601 Ῥωμης
1037 505 1317 579 ἑπισκόπῳ
1385 513 1690 587 Κελεστίνῳ
1753 521 1870 573 ἀνέ-
1901 529 1941 582 Α
1975 539 2006 591 ρ

1839 521 1870 572 E—
1901 529 1941 582 Α
1975 539 2099 591 pum
2149 524 2505 579 leestinum
2557 527 2726 583 misit.
2788 529 2865 583 Ad
2931 529 3238 585 Nestorium
3295 532 3517 601 insuper

326 601 534 652 πεμπε.
567 588 769 659 Τρίτην
811 591 853 644 δ’
894 593 1060 663 ἀλλην
1090 598 1377 669 επιστολὴν
1420 604 1702 676 Νεστορίῳ
1745 610 1870 660 ιπέ-

327 678 580 730 στελλεν’
609 681 666 732 ιν
767 686 858 736 καὶ
912 686 979 736 τὰ
1021 688 1428 761 πολυθρύλλητα
1481 697 1546 764 ιβ’
1602 700 1869 768 κεφάλαια

326 771 443 837 μετ’
482 773 934 844 ἀναθεματισμῶν
966 784 1429 851 συμπαρέζευξεν.
1469 789 1534 842 ’Δ
1586 791 1649 856 δὴ
1675 793 1768 844 καὶ
1792 793 1869 862 τῷ

323 863 549 929 παρόντι
605 866 838 919 ἐκθεῖναι
868 868 1075 923 δίκαιον
1125 874 1362 944 ἥγημαι,
1391 877 1534 934 οῦτω
1565 883 1828 948 διεξιόντα
1848 903 1864 920 ο

326 971 345 1002 ε
382 953 448 1005 Εἴ
467 972 546 1015 τις
576 956 674 1025 οὐχ
700 959 951 1026 ὁμολογεῖ
980 963 1111 1014 Θεὸν
1132 963 1286 1034 ,εἶναι
1323 973 1462 1024 κατά
1492 974 1748 1043 ἀλήθειαν
1777 981 1865 1032 τὸν

330 1043 692 1116 Ἐμμανουὴλ,
722 1051 924 1106 καὶ.δώ
953 1052 1106 1107 τοῦτο
1133 1055 1388 1112 Θεοτόκον
1415 1064 1514 1132 την
1537 1067 1696 1131 ἁγίαν
1725 1068 1865 1138 Παῤ-

315 1133 466 1185 θένον
522 1137 839 1207 (γεγέννηκε
899 1145 1003 1212 γὰρ
1069 1151 1345 1217 σαρκικὼς
1392 1153 1568 1223 σάρκα
1608 1133 1866 1225 γεγονότα

313 1225 497 1320 τὸν-ὲκ
524 1226 657 1282 Θεοῦ
685 1229 815 1284 Θεὸν
853 1234 1071 1301 Λόγον),
1109 1239 1358 1310 ἀνάθεμα
1383 1243 1546 1300 ἔστω.
1578 1248 1641 1300 Εἰ
1661 1267 1740 1310 τις
1768 1253 1864 1320 οὐχ

309 1311 563 1383 ὂμολογεῖ
588 1324 751 1391 σαρκὶ
785 1324 905 1376 καθ’
933 1329 1230 1383 ὑπόστασιν
1253 1334 1491 1400 ἡνῶσθαι
1515 1340 1605 1392 τὸν
1640 1343 1700 1393 ἐκ
1730 1343 1861 1396 Θεοῦ

315 1410 526 1501 [ιατρὸς
573 1414 765 1501 Λόγον,
799 1415 893 1468 ἕνα
922 1435 978 1470 τε
1010 1417 1149 1474 εἶναι
1182 1425 1416 1492 Χριστὸν
1446 1432 1581 1498 μετά
1605 1432 1702 1501 τῆς
1730 1435 1863 1499 ίδίας

311 1497 532 1565 σαρκὸς,
563 1499 652 1551 τὸν
682 1501 844 1553 αὑτὸν
872 1503 1112 1572 δηλονότι
1134 1508 1266 1567 Θεὸν
1288 1497 1503 1580 ὁμοίῗτε
1534 1519 1627 1570 καὶ
1649 1497 1857 1590 ἀνθρωέ

309 1606 431 1653 πον,
493 1591 739 1660 ἀνάθεμα
770 1594 930 1650 ἔστω.
978 1598 1044 1650 Ei
1074 1617 1155 1664 τις
1191 1604 1280 1656 ἐπὶ
1332 1605 1426 1659 τοῦ
1476 1608 1594 1672 ἑνὸς
1626 1612 1860 1682 Χριστοῦ

304 1681 505 1748 διαιρεῖ
531 1683 627 1744 τάς
659 1685 977 1750 ὑποστάσεις
1007 1696 1146 1759 μετὰ
1181 1693 1280 1763 τὴν
1325 1697 1537 1764 ἕνωσιν,
1565 1702 1698 1777 μόνῃ
1733 1724 1856 1759 ουν-

305 1775 493 1828 ἀπτων
526 1777 694 1840 αὐτάς
742 1796 1004 1852 συναφεεᾳ
1057 1787 1122 1854 τῇ
1160 1789 1297 1840 κατά
1340 1790 1438 1859 τὴν
1471 1793 1648 1861 ἀξίαν,
1673 1775 1858 1864 ήῆγουν

1974 615 2186 668 tertiam
2219 616 2366 671 dedit
2390 619 2694 686 epistolam,
2726 622 2810 674 cui
2846 622 3072 676 multum
3107 625 3380 677 celebrata
3426 625 3516 678 illa

1968 705 2250 759 duodecim
2275 711 2471 776 capita,
2498 726 2602 764 una
2622 725 2743 770 cum
2761 711 3511 781 anathematismis‘adjunxit:

1968 812 2087 866 qua:
2113 808 2169 851 ut
2203 799 2290 854 hic
2325 803 2647 866 insererem,
2692 819 2902 872 aequum
2949 819 3067 858 esse
3098 805 3250 858 duxi.
3303 803 3374 857 Ea
3432 808 3510 858 sic

1969 890 2166 944 habent
2197 909 2209 943 :
2249 909 2266 942 ι
2306 891 2357 945 Si
2389 892 2508 961 quis
2537 893 2960 963 nonproﬁtetur
2987 909 3171 966 verum
3205 897 3366 948 Deum
3392 913 3509 949 esse

1966 981 2393 1049 Emmanuelem,
2444 984 2776 1052 proindeque
2834 987 3093 1055 virginem
3144 986 3363 1040 Marium
3412 989 3507 1040 υυί

1964 1069 2292 1130 Genitricem
2337 1076 2545 1145 (genuit
2577 1077 2718 1130 enim
2753 1078 2841 1130 illa
2871 1077 3186 1132 ‘carnaliter
3238 1095 3361 1130 eum
3416 1079 3508 1146 qui

1965 1181 2090 1220 caro
2133 1167 2308 1221 factus
2338 1167 2449 1234 cst),
2500 1168 2666 1221 Deum
2714 1169 2921 1222 scilicet
2967 1185 3032 1222 ex
3079 1170 3184 1222 Deo
3234 1168 3510 1232 Verbum)

1964 1259 2253 1314 anathema
2286 1260 2374 1314 sit.
2411 1259 2466 1314 Si
2508 1261 2631 1328 quis
2661 1276 2766 1314 non
2795 1263 3080 1330 profitetur
3109 1262 3260 1316 carni
3309 1278 3498 1315 secun-

1962 1352 2088 1406 dum
2111 1351 2509 1426 subsistentiam
2544 1354 2749 1410 unitum
2780 1369 2896 1430 esse
2925 1354 2976 1409 id
3009 1355 3151 1423 quod
3183 1367 3265 1409 est
3302 1370 3364 1408 ex
3399 1355 3507 1408 Deo

1961 1442 2402 1518 patre.Verbum,
2438 1459 2712 1512 unumque
2745 1459 2873 1500 εδει
2890 1443 3168 1499 Christum
3205 1460 3328 1497 cum
3377 1460 3505 1512 prn-

1960 1533 2078 1601 pria
2146 1549 2342 1600 carne,
2401 1535 2654 1589 eumdem
2717 1536 2926 1591 scilicet
2989 1537 3156 1590 Deum
3215 1535 3374 1589 simul
3449 1549 3505 1588 et

1961 1625 2254 1690 hominem,
2297 1627 2584 1681 anathema
2615 1627 2706 1681 sit.
2742 1627 2798 1681 Si
2835 1628 2955 1697 quis
3004 1629 3058 1681 in
3122 1640 3230 1680 uno
3286 1625 3503 1680 Christo

1958 1717 2337 1772 subsistentias
2369 1717 2558 1772 dividit
2583 1727 2704 1788 post
2734 1719 3008 1780 unionem,
3037 1719 3150 1772 sola
3181 1733 3276 1773 eas
3295 1733 3503 1772 cmine-

1959 1817 2111 1864 ctens
2136 1809 2540 1878 conjunctione,
2568 1823 2684 1876 qua:
2712 1807 3008 1862 secundum
3033 1789 3350 1876 dignitatem
3381 1809 3501 1861 sive

302 1869 591 1921 αὐθεντίαν
633 1871 666 1941 ἢ
698 1871 1012 1926 δυναστείαν
1036 1914 1054 1938 ,
1093 1881 1186 1930 ita).
1216 1881 1334 1951 οὐχὶ
1371 1884 1569 1950 μᾶλλον
1596 1863 1855 1944 συνειδότι
1885 1863 1931 1922 Β
1958 1917 1980 1955 a

1820 1908 1855 1944 τι
1885 1863 1931 1922 Β
1958 1900 2337 1955 auctoritatem
2390 1912 2483 1955 aut
2527 1911 2851 1971 potestatem
2904 1911 3008 1964 est,
3067 1911 3120 1955 et
3163 1917 3268 1955 non
3315 1900 3498 1970 potius

303 1960 428 2012 καθ’
461 1961 652 2015 ἑνωσιν
688 1965 940 2036 φυσικὴν,
972 1969 1219 2039 ἀνάθεμα
1251 1972 1409 2028 Ertio.
1441 1975 1507 2028 Εἴ
1531 1994 1613 2040 τις
1640 1980 1856 2049 προσώ-

303 2067 426 2113 ποις
451 2053 620 2118 δυσὶν,
645 2055 811 2124 ἤγουν
851 2058 1196 2126 ὑποστάσεσι,
1225 2064 1321 2126 τάς
1368 2081 1426 2118 τε
1460 2068 1518 2119 έν
1545 2071 1654 2130 τοῖς
1689 2071 1854 2138 εὐαγ-

300 2144 537 2210 γελικοῖς
593 2147 687 2200 καὶ
738 2150 1113 2215 ἀποστολικοῖς
1160 2159 1558 2228 συγγράμμασι
1607 2162 1854 2233 διανέμει

301 2240 485 2307 φωνάς
533 2241 621 2292 ἐπὶ
651 2241 873 2312 Χριστῷ
928 2247 1074 2313 παρά
1105 2248 1211 2300 τῶν
1255 2251 1427 2318 ἀγίων
1469 2257 1784 2325 λεγομένας,
1819 2259 1851 2328 ἢ

303 2335 437 2402 παρ’
471 2335 647 2396 αὐτοῖς
675 2339 804 2406 περὶ
839 2339 1028 2393 ἑαυτοῦ
1056 2357 1070 2372 ο
1103 2344 1198 2397 καὶ
1231 2347 1326 2409 τὰς
1361 2346 1457 2414 μὲν
1487 2349 1562 2412 ὡς
1584 2351 1852 2419 ἀνθρώπῳ

295 2429 454 2495 παρά
478 2426 570 2478 τὸν
606 2430 667 2480 ἐκ
705 2428 841 2482 Θεοῦ
888 2433 1098 2504 [ἰατρὸς
1129 2437 1301 2505 Λόγον
1337 2428 1535 2504 ίδικῶς
1561 2445 1852 2512 νοουμέιας

297 2522 627 2587 προσάπτει,
655 2523 753 2585 τάς
785 2524 839 2576 δὲ
889 2525 961 2586 ὠς
994 2527 1312 2598 θεοπρεπεῖς
1345 2534 1494 2604 μόνῳ
1524 2536 1602 2604 τῷ
1626 2539 1687 2588 ἐκ
1714 2536 1848 2592 Θεοῦ

297 2612 511 2698 ῌατρὸς
543 2614 716 2682 Λόγῳ,
749 2616 994 2686 ἀνάθεμα
1045 2619 1206 2674 ἔστω.
1244 2623 1311 2675 Εῖ
1352 2642 1433 2687 τις
1462 2627 1633 2698 τολμᾷ
1671 2630 1849 2696 λέγειν

294 2697 556 2766 θεοφόρον
597 2701 881 2769 ἄνθρωπον
932 2706 1021 2756 τὸν
1048 2707 1303 2776 Χριστὸν,
1346 2713 1440 2764 καὶ
1472 2697 1679 2786 οὐχὶγδὴ
1710 2718 1848 2784 μᾶλ-

292 2789 384 2842 λον
426 2791 556 2843 Θεὸν
587 2788 724 2844 εἶναι
756 2797 894 2845 κατὰ
926 2795 1201 2865 ἀλήθειαν,
1233 2799 1316 2862 ’ὡς
1344 2802 1472 2857 Υίὸν
1502 2806 1594 2858 ἕνα
1624 2812 1714 2860 καὶ
1744 2811 1848 2879 φύ-

293 2899 378 2935 σει
412 2883 532 2934 καθ’
583 2882 610 2936 ὃ
665 2885 851 2952 γέγονε
891 2887 1024 2956 οάρξ
1074 2890 1103 2942 ὁ
1135 2890 1325 2958 Λόγος,
1357 2896 1454 2948 καὶ
1483 2899 1847 2972 κεκοινώνηκε

291 2974 690 3043 παραπλησίως
725 2977 854 3045 ἡμῖν
911 2980 1140 3047 αἵματος
1197 2985 1289 3035 καὶ
1324 2987 1544 3056 σαρκὸς,
1601 2992 1846 3063 ἀνάθεμα

283 3067 452 3119 ista).
485 3066 553 3120 Εἴ
578 3083 658 3129 τις
691 3067 838 3136 λέγει
875 3071 1003 3124 Θεὸν
1032 3073 1062 3143 ἢ
1095 3075 1369 3146 Δεσπότην
1408 3075 1545 3134 εἶναι
1590 3081 1686 3137 τοῦ
1714 3087 1848 3156 Χριο

1957 1991 2157 2046 unione
2201 1993 2458 2055 naturali,
2509 1993 2791 2046 anathema
2851 1994 2941 2046 sit.
2994 1991 3048 2046 Si
3109 1991 3231 2060 quis
3288 1991 3500 2044 duabus

1956 2085 2204 2154 personis
2251 2085 2366 2139 sine
2415 2085 2784 2139 subsistentiis
2825 2085 2887 2138 in
2944 2083 3184 2149 Christo,
3236 2098 3398 2138 voces
3443 2087 3496 2136 in

1954 2176 2280 2244 evangelicis
2317 2185 2370 2228 et
2399 2176 2722 2243 apostolicis.
2741 2172 2983 2244 scriptis,
3016 2177 3097 2229 vel
3135 2192 3163 2229 a
3205 2176 3332 2228 viris
3373 2191 3499 2228 san-

1953 2266 2073 2329 etis,
2110 2268 2193 2319 vel
2224 2268 2289 2320 ab
2319 2267 2437 2334 ipso
2468 2267 2534 2319 de
2561 2268 2739 2335 seipso
2756 2268 2996 2321 tributas
3041 2267 3256 2328 dividit,
3283 2275 3337 2321 et
3363 2268 3499 2335 alios

1952 2357 2169 2426 quidem
2220 2367 2279 2411 ut
2327 2333 2561 2421 homini,
2604 2333 2756 2414 citra
2804 2361 2855 2413 id
2889 2363 3033 2430 quod
3081 2377 3147 2415 ex
3192 2360 3299 2415 Deo
3339 2361 3388 2413 l’:
3416 2333 3496 2413 t‘re

1950 2462 2034 2503 est
2058 2450 2312 2512 Verbum,
2342 2452 2562 2520 propri.
2581 2453 2986 2529 convenientes,
3011 2453 3144 2508 alias
3176 2470 3304 2508 vero
3330 2454 3493 2506 veluti

1949 2541 2062 2594 Deo
2096 2552 2456 2610 congruentes
2489 2544 2539 2597 ei
2584 2539 2698 2604 soli
2752 2545 2897 2612 quod
2928 2559 2992 2596 ex
3047 2546 3155 2599 Deo
3193 2547 3351 2600 Patre
3412 2558 3497 2600 est

1953 2631 2126 2685 Verbo
2155 2633 2546 2698 accommodat,
2589 2638 2875 2690 anathema
2921 2639 3008 2690 sit.
3053 2636 3108 2690 Si
3152 2638 3275 2705 quis
3315 2638 3496 2692 dicere

1949 2723 2112 2777 audet
2135 2724 2404 2778 hominem
2436 2725 2704 2779 Deiferum
2737 2727 3036 2792 Christum,
3081 2737 3134 2782 et
3175 2743 3282 2782 non
3315 2730 3497 2798 potius

1949 2830 2137 2869 verum
2176 2816 2342 2869 Deum
2371 2831 2510 2879 esse,
2553 2826 2736 2886 utpote
2762 2833 2929 2871 unum
2969 2828 3022 2870 et
3049 2819 3271 2887 quidem
3305 2832 3496 2875 natura

1948 2909 2170 2973 Filium,
2201 2921 2468 2978 quatenus
2483 2910 2717 2965 Verbum
2746 2924 2871 2964 caro
2888 2911 3089 2967 factum
3114 2923 3217 2977 est,
3246 2921 3300 2970 et
3319 2916 3502 2969 nobis-

1945 3018 2068 3057 cum
2101 3003 2380 3072 aqualiter
2420 3003 2485 3057 de
2517 3004 2778 3082 sanguine
2807 3013 2861 3057 et
2898 3020 3061 3060 carne
3099 3006 3270 3078 (extra
3307 3024 3494 3078 pecca-

1947 3096 2082 3166 tum)
2108 3095 2467 3164 participavit,
2495 3097 2779 3151 anathema
2802 3097 2894 3151 sit.
2921 3097 2975 3151 Si
3007 3101 3130 3167 quis
3158 3099 3291 3153 dicit
3322 3101 3492 3154 Deum

281 3157 421 3209 erat)
448 3158 538 3209 τὸν
566 3162 629 3211 ὲκ
659 3160 792 3213 Θεοῦ
830 3162 1037 3232 [ἰατρὸς
1071 3167 1263 3233 Λόγον,
1286 3173 1378 3222 καὶ
1407 3173 1527 3244 οὐχὶ
1551 3175 1615 3244 δὴ
1641 3178 1843 3246 μᾶλλον
1867 3207 1913 3270 c
1945 3203 1959 3240 ε

1819 3196 1843 3232 ν
1867 3207 1913 3270 c
1945 3196 2038 3241 aut
2065 3157 2367 3242 'Dominum
2397 3188 2596 3243 Christi
2632 3204 2775 3255 esse,
2807 3191 2949 3259 quod
2984 3206 3051 3244 ex
3087 3190 3200 3246 Deo
3234 3193 3497 3248 Patre'est

286 3250 380 3339 τὸν
413 3252 597 3316 αὐτὸν,
633 3251 767 3306 Θεὸν
804 3257 1058 3324 ὁμολογεῖ
1083 3261 1179 3312 καὶ
1211 3262 1516 3332 ἄνθρωπον,
1566 3270 1641 3331 ὡς
1684 3287 1844 3340 γεγο.

285 3343 440 3404 νότος
470 3346 666 3412 σαρκὸς
696 3346 788 3399 τοῦ
820 3349 991 3415 Λόγου
1037 3353 1178 3405 κατά
1207 3355 1301 3417 τάς
1336 3357 1574 3427 Γριφὰς,
1596 3363 1844 3432 ἀνάθεμα

285 3435 446 3488 ἔστω.
491 3436 550 3486 Εἰ
575 3452 657 3498 τις
698 3439 860 3504 φησὶν
887 3438 960 3521 ὡς
983 3439 1271 3517 ἄνθρωπον
1310 3447 1647 3518 ἐνηργῆσθαι
1690 3452 1843 3520 παρὰ

284 3526 379 3582 τοῦ
421 3528 553 3581 Θεοῦ
589 3530 761 3596 Λόγου
793 3530 885 3582 τὸν
932 3531 1158 3597 Ἰησοῦν,
1208 3535 1302 3587 καὶ
1335 3538 1433 3606 τὴν
1462 3537 1556 3590 τοῦ
1602 3540 1843 3609 Μονογε-

283 3622 409 3682 νοῦς
439 3622 680 3686 εὐδοξίαν
709 3623 1007 3693 περιῆφθαι
1042 3626 1116 3689 ὡς
1143 3627 1316 3698 ἑτέρῳ
1345 3631 1472 3698 παρ’
1498 3620 1644 3702 adeo}
1669 3633 1843 3702 ὑπάρ-

279 3732 452 3785 χοντι,
487 3715 734 3785 ἀνάθεμα
763 3716 921 3770 ἔστω.
970 3719 1034 3771 Et
1057 3736 1141 3783 τις
1174 3721 1360 3793 τολμᾷ,
1380 3723 1559 3791 λέγειν
1585 3726 1674 3778 τὸν
1710 3729 1839 3780 ἀνα-

280 3805 556 3875 ληφθέντα
593 3806 875 3875 ἄνθρωπον
912 3814 1447 3879 συμπροσκυνεῖσθαι
1476 3815 1586 3870 δεῖν
1620 3817 1696 3890 τῷ
1722 3820 1840 3891 Θεῷ

277 3897 439 3967 Λόγῳ
469 3898 561 3950 καὶ
587 3898 1024 3965 συνδοξάζεσθαι,
1052 3904 1146 3957 καὶ
1190 3908 1650 3975 σνγχρηματίζειν
1681 3911 1834 3976 Θεὸν,

265 3989 354 4053 ,ὡς
386 3990 573 4058 ἕτερον
596 3991 766 4060 ἑτέρῳ
789 3991 869 4060 (τὸ
890 3993 997 4062 γὰρ
1020 3994 1143 4047 σὺν
1171 3996 1256 4049 ἀεὶ
1278 4001 1698 4070 προστιθέμενον
1717 4005 1839 4058 τοῦ-

276 4099 340 4136 το
371 4084 512 4134 νοεῖν
545 4083 889 4152 ἀναγκάσει),
931 4086 1027 4138 καὶ
1062 4087 1184 4156 οὐχὶ
1203 4087 1268 4157 δὴ
1301 4089 1501 4158 μᾶλλον
1535 4095 1636 4163 μιᾷ
1667 4112 1838 4166 προσ-

277 4175 501 4242 κυνήσει
547 4176 710 4244 τιμᾷν
753 4177 841 4228 τὸν
884 4177 1250 4250 Ἐμμανουήλ,
1276 4183 1371 4234 καὶ
1404 4182 1530 4251 μίαν
1560 4187 1711 4255 αὑτῷ
1736 4187 1834 4257 τὴν

263 4263 586 4329 (δοξολογίαν
611 4267 867 4318 ἀνάπτειν
893 4267 1026 4320 καθὸ
1059 4270 1248 4336 γέγονε
1278 4273 1412 4341 σάρξ
1442 4275 1469 4325 ό
1488 4275 1682 4342 Λόγος,
1705 4279 1835 4332 ἀνά-

274 4355 421 4424 θεμα
458 4355 617 4408 ἔστω.
644 4356 709 4410 Et
731 4373 815 4418 τις
842 4361 974 4425 φησι
996 4359 1087 4412 τὸν
1108 4359 1434 4432 ἒναδιίύριον
1481 4363 1686 4432 Ἰησοῦν
1705 4368 1835 4438 Χρι-

273 4447 405 4499 στὸν
433 4445 747 4512 δεδοξάσθαι
776 4450 924 4518 παρά
953 4449 1045 4503 τοῦ
1077 4449 1419 4520 Πνεῦματος,
1457 4453 1532 4517 ὡς
1578 4457 1832 4529 ἀλλοτρίᾳ

1950 3278 2209 3344 Verbum,
2237 3295 2300 3334 ac
2333 3296 2440 3334 non
2492 3281 2675 3350 potius
2705 3282 2956 3335 eumdem
2991 3282 3158 3337 Deum
3206 3285 3495 3353 profitetur

1943 3382 1999 3425 ct
2033 3371 2330 3435 hominem,
2364 3388 2485 3426 cum
2521 3373 2753 3426 Verbum
2777 3388 2904 3433 caro
2933 3373 3134 3428 factum
3168 3375 3258 3436 sit.
3291 3392 3487 3432 secuno

1945 3463 2070 3513 dum
2102 3461 2435 3531 Scriptores,
2468 3464 2757 3517 anathema
2789 3465 2888 3518 sit.
2921 3464 2974 3517 Si
3010 3466 3129 3533 quis
3155 3465 3288 3520 dicit
3320 3469 3488 3522 veluti

1943 3554 2219 3608 hominem
2238 3554 2422 3608 desum
2453 3570 2480 3607 a
2517 3554 2627 3609 Deo
2659 3555 2830 3611 Verbo
2857 3555 3136 3625 agitatum,
3173 3559 3332 3628 eique
3355 3577 3492 3630 pm-

1942 3646 2144 3702 cltram
2177 3646 2451 3716 Unigeniti
2501 3648 2726 3718 gloriam
2779 3651 3169 3705 circumdatam
3231 3668 3370 3719 esse,
3434 3665 3494 3709 ut

1942 3739 2033 3807 qui
2066 3738 2205 3793 alius
2228 3739 2296 3794 ab
2327 3741 2447 3810 ipso
2482 3741 2802 3807 exsisteret,
2846 3742 3134 3798 anathema
3164 3745 3254 3798 sit.
3288 3746 3341 3799 Si
3371 3748 3491 3814 quis

1942 3833 2123 3887 dicere
2156 3833 2339 3898 audet,
2375 3833 2649 3888 hominem
2687 3844 3023 3904 assumptum
3077 3852 3181 3890 una
3208 3853 3332 3891 cum
3380 3839 3491 3893 Deo

1952 3923 2137 3981 Verbo
2178 3924 2390 3978 adorari
2443 3935 2497 3979 et
2547 3926 2836 3995 glorificari
2883 3935 2940 3981 et
2985 3927 3227 3990 laudari,
3274 3929 3491 3997 dicique

1939 4017 2106 4073 Deum
2141 4015 2365 4082 debere,
2429 4017 2592 4072 sicuti
2642 4019 2872 4075 alterum
2921 4036 3045 4075 cum
3092 4022 3263 4076 altero
3334 4022 3492 4093 510

1938 4109 2222 4179 (particula
2257 4110 2402 4162 enim
2435 4110 2549 4167 Con
2581 4111 2810 4181 adjecta,
2869 4128 3083 4184 semper
3140 4115 3193 4168 id
3247 4118 3487 4186 cogitare

1935 4210 2097 4270 atque
2127 4201 2427 4270 intelligere
2456 4202 2644 4272 cogit),
2676 4218 2738 4258 ac
2769 4218 2877 4258 non
2926 4206 3108 4274 potius
3152 4207 3488 4263 Emmanue-

1937 4291 2039 4345 lem
2065 4293 2514 4362 adorationtguna
2543 4295 2948 4359 honorandum,
2978 4307 3032 4350 et
3070 4314 3229 4352 unam
3269 4301 3319 4354 ei
3368 4300 3487 4369 glo-

1935 4382 2286 4436 rifrcationem
2341 4383 2686 4438 tribuendam
2734 4399 2873 4448 esse,
2927 4396 3198 4454 quatenus
3247 4387 3483 4443 Verbum

1934 4488 2062 4526 caro
2092 4473 2289 4527 factum
2325 4485 2428 4536 est,
2453 4474 2740 4528 anathema
2773 4475 2863 4529 sit.
2899 4474 2954 4530 Si
3002 4476 3126 4549 quis
3149 4477 3281 4532 dicit
3315 4495 3480 4534 unum

259 4539 502 4608 δυνάμει
548 4542 614 4610 τῇ
648 4539 712 4592 δι’
736 4539 900 4592 αὐτοῦ
933 4539 1237 4610 χρώμενον,
1263 4545 1356 4598 καὶ
1383 4544 1514 4615 παρ’
1544 4549 1707 4601 αὑτοῦ
1738 4551 1832 4603 λα-
1866 4556 1906 4610 D
1935 4612 1937 4617 γ

1805 4580 1832 4594 ⁶
1866 4556 1906 4610 Ι)
1935 4564 2219 4619 Dominum
2247 4562 2430 4620 Jesum
2465 4565 2743 4620 Christum
2766 4539 3126 4636 glorificatum
3159 4583 3276 4623 esse
3305 4586 3334 4624 a
3360 4570 3481 4638 Spi-

271 4633 438 4687 6όντα
479 4635 538 4687 τὸ
569 4635 812 4702 ἐνεργεῖν
862 4634 1119 4688 δύνασθαι
1153 4638 1294 4691 κατά
1325 4642 1650 4710 πνευμάτων
1692 4643 1832 4698 ἀχα-

272 4725 508 4793 οάρτων,
546 4725 639 4778 καὶ
667 4724 725 4778 τὸ
757 4724 997 4794 πληροῦν
1026 4726 1122 4788 -είς
1153 4727 1468 4797 ἀνθρώπους
1494 4733 1592 4795 τὰς
1635 4731 1828 4806 θεοση-

272 4820 426 4888 μίας,
471 4818 565 4870 καὶ
621 4818 741 4887 οὐχὶ
777 4817 840 4887 δὴ
874 4818 1073 4888 μᾶλλον
1133 4820 1265 4874 ῖδιον
1315 4823 1481 4876 αὑτοῦ
1516 4829 1576 4880 τὸ
1609 4828 1830 4900 Πνεῦμα

268 4908 428 4977 φησὶ,
449 4907 528 4960 δι’
558 4905 618 4962 οῦ
669 4908 759 4961 καὶ
789 4907 1057 4978 ἐνήργηκε
1096 4914 1193 4971 τὰς
1233 4912 1548 4986 θεοσημίας,
1580 4916 1829 4989 ἀνάθεμα

266 5001 430 5056 ἔστω.
462 5001 529 5055 Et
552 5018 634 5065 τις
669 5001 924 5074 ἀρχιερέα
956 5003 1051 5055 καὶ
1083 5003 1380 5059 ἀπόστολον
1407 5008 1506 5077 τῆς
1531 5011 1828 5080 ὁμολογίας

265 5093 429 5165 ἡμῶν
472 5095 797 5167 γεγενῆσθαι
827 5095 1084 5168 Χριστὸν,
1230 5099 1263 5167 ἠ
1310 5099 1429 5151 θεία
1457 5099 1606 5169 λέγει
1635 5103 1826 5176 Γραφὴ

267 5186 695 5254 (προσκεκόμικε
725 5186 832 5255 γάρ
887 5181 1076 5239 ἑαυτὸν
1134 5184 1270 5255 ὑπὲρ
1316 5187 1606 5256 ήμῶν“εὶς
1651 5193 1827 5263 ὀσμὴν

265 5275 500 5357 εὐωδίας
553 5275 630 5345 τῷ
681 5275 798 5346 Θεῷ
851 5278 944 5328 καὶ
1001 5276 1234 5347 Πατρί)·
1287 5280 1339 5332 ετ
1386 5298 1468 5344 τις
1505 5285 1683 5340 τοίνυν
1730 5289 1826 5357 ἁρ-

265 5354 454 5436 χινερὲα
532 5367 629 5421 καὶ
692 5369 990 5424 ἀπόστολον
1059 5372 1213 5439 ἡμῶν
1277 5373 1528 5438 γενέσθαι
1581 5378 1680 5432 οὐκ
1730 5354 1824 5432 αῦ-

263 5459 355 5510 τὸν
405 5461 496 5511 τὸν
554 5459 648 5513 τοῦ
706 5461 842 5515 Θεοῦ
907 5464 1096 5531 Λόγον,
1147 5465 1233 5517 ὅτε
1285 5465 1476 5534 γέγονε
1533 5469 1669 5539 σὰρξ
1733 5476 1823 5526 καὶ

265 5549 388 5603 καθ’
437 5554 582 5623 ἡμᾶς
639 5553 943 5625 ἅνθρωπος,
994 5559 1107 5612 ἀλλ’
1136 5557 1211 5622 ὡς
1269 5561 1454 5632 ἕτερον
1497 5562 1679 5628 ίδικὼς
1735 5567 1823 5619 ἇν-

263 5642 483 5712 θρωπον
533 5647 661 5714 παρ’
713 5641 871 5718 αῦτὸν
915 5653 1297 5724 ὲκκγυναικός·
1340 5637 1391 5708 εί
1420 5671 1502 5719 τις
1554 5657 1700 5725 λέγει
1730 5663 1837 5712 χιιι

263 5735 404 5807 ὑπὲρ
439 5738 630 5791 ἑαυτοῦ
681 5747 1067 5811 προσενεγκεῖν
1123 5747 1287 5801 αὐτὸν
1340 5750 1439 5819 τὴν
1483 5743 1817 5822 προσφορὶν,

260 5834 355 5884 καὶ
405 5831 525 5902 οὐχὶ
590 5831 652 5903 δὴ
709 5835 906 5902 μᾶλλον
963 5839 1098 5911 ὑπὲρ
1143 5843 1316 5910 μόνων
1370 5843 1525 5914 ἡμῶν
1581 5844 1660 5914 (οὔ
1711 5848 1817 5916 γὰρ

1935 4658 2065 4720 ritu,
2095 4657 2318 4728 perinde
2355 4668 2517 4728 atque
2549 4659 2725 4714 aliena
2770 4660 2972 4715 virtute
3012 4677 3143 4717 usus
3169 4664 3275 4729 sit,
3324 4673 3380 4718 et
3408 4666 3478 4718 ab

1933 4750 2027 4804 illo
2050 4752 2343 4820 acceperit,
2378 4758 2435 4804 ut
2482 4749 2667 4805 efﬁcax
2713 4763 2901 4805 contra
2953 4753 3198 4822 impuros
3248 4756 3479 4823 spiritus

1928 4847 2092 4899 esset,
2128 4845 2180 4890 et
2204 4837 2386 4890 divina
2423 4832 2680 4891 miracula
2714 4838 2855 4892 inter
2883 4841 3131 4895 homines
3157 4843 3322 4898 edere
3353 4860 3478 4913 pos-

1929 4938 2029 4991 set,
2069 4945 2132 4983 ac
2165 4944 2270 4984 non
2289 4930 2472 4998 potius
2491 4931 2770 4999 proprium
2803 4931 2974 4999 ipsius
3006 4930 3271 5001 Spiritum
3305 4939 3474 5002 proli-

1931 5032 2094 5087 tetur,
2134 5021 2228 5092 per
2273 5037 2432 5092 quem
2464 5020 2806 5084 divinafecit
2856 5021 3143 5087 miracula,
3183 5026 3472 5081 anathema

1926 5115 2016 5168 sit.
2060 5113 2115 5169 Si
2166 5114 2289 5182 quis
2323 5111 2630 5183 pontificem
2673 5121 2727 5167 et
2762 5114 3067 5181 apostolqu
3114 5115 3476 5169 confessionis

1927 5213 2125 5259 nostrae
2157 5205 2359 5261 factum
2385 5219 2506 5260 esse
2534 5205 2835 5268 Christum,
2869 5203 3031 5260 sicuti
3079 5205 3262 5260 divina
3308 5209 3477 5264 refert

1927 5293 2206 5364 Scriptura
2239 5295 2457 5364 (obtulit
2487 5296 2632 5349 enim
2658 5297 2898 5362 seipsum
2930 5309 3030 5362 pro
3065 5294 3222 5349 nobis
3253 5296 3306 5349 in
3342 5296 3476 5350 odo-

1926 5402 2037 5440 rem
2068 5387 2351 5444 suavitatis
2378 5387 2487 5442 Deo
2511 5387 2700 5456 Patri),
2736 5386 2778 5441 si
2807 5386 2955 5456 quis,
2992 5386 3229 5456 inquam,
3255 5389 3474 5455 pontifi-

1924 5495 2040 5533 cem
2067 5489 2120 5533 et
2143 5481 2448 5549 apostolum
2481 5493 2726 5536 nostrum
2756 5480 2955 5534 factum
2989 5485 3125 5543 esse,
3163 5495 3270 5533 nou
3296 5481 3472 5548 ipsum

1932 5572 2026 5626 Dei
2055 5573 2314 5641 Verbum,
2346 5591 2471 5630 cum
2502 5590 2628 5630 caro
2660 5584 2716 5628 et
2738 5572 2882 5629 sicut
2930 5588 3031 5628 nos
3074 5588 3259 5626 sumus
3313 5573 3476 5629 homo

1924 5665 2124 5718 factum
2147 5679 2252 5731 est,
2276 5667 2371 5721 sed
2399 5677 2654 5735 tanquam
2686 5666 2852 5720 alium
2881 5665 3097 5736 propria
3125 5672 3179 5718 et
3212 5665 3473 5733 peculiari

1922 5756 2153 5825 quadam
2189 5757 2399 5813 ratione
2432 5759 2498 5812 ab
2529 5772 2594 5811 eo
2648 5758 2739 5826 qui
2769 5772 2836 5811 ex
2872 5755 3097 5810 muliere
3136 5765 3240 5822 est,
3295 5756 3473 5808 homi-

1926 5866 2044 5903 uem
2084 5866 2095 5901 :
2128 5859 2392 5919 prieterca
2438 5850 2481 5904 si
2523 5849 2644 5919 quis
2673 5864 2798 5904 eum
2827 5847 2991 5902 etiam
3046 5863 3144 5919 pro
3177 5847 3375 5919 seipso,
3412 5859 3467 5907 et
