4250 6440
790 428 926 491 1187

2005 429 2427 490 NICEPUORI
2471 431 2818 493 CALLISTI

3925 425 4060 490 Γιὃὸ

786 556 895 591 nun
933 537 1114 606 potius
1150 545 1358 589 tantum
1399 551 1496 605 pro
1539 537 1696 591 nobis
1723 535 2060 592 oblationem
2094 539 2358 592 obtulisse
2389 553 2434 600 Α

2389 553 2434 600 Α
2468 542 2532 594 ἂν
2562 543 2756 611 ἐδεήθη
2785 541 3104 610 προσφορᾶς
3129 543 3155 594 ὁ
3180 541 3256 611 μη
3274 539 3425 602 εἰδὼς
3455 540 3775 609 ἁμαρτίαν),
3805 539 4056 608 ἀνάθεμα

783 631 917 683 dicit
945 630 1143 697 (neque
1173 629 1318 681 enim
1354 628 1636 683 oblatione
1663 645 1801 699 opus
1841 630 2056 695 habuit,
2091 631 2182 698 qui
2236 646 2360 699 pee-

783 730 961 774 catum
995 718 1333 787 non'novit),
1375 719 1664 773 anathema
1695 723 1788 773 sit.
1824 720 2020 789 Siquis
2047 738 2152 773 non
2191 724 2359 790 proli-

785 827 930 868 tctur
956 828 1175 867 carnem
1212 812 1418 866 Christi
1457 813 1728 867 vivificam
1763 826 1818 868 et
1850 817 2122 883 propriam
2161 815 2358 883 ipsius,

783 909 930 979 quod
965 925 1027 964 ex
1065 909 1174 962 Deo
1201 909 1359 964 l'atre
1395 917 1498 969 est,
1538 909 1723 968 Verbi.
1764 909 1856 961 sed
1897 909 2126 962 alterius
2173 909 2358 977 cujus-

783 1006 904 1056 dam
943 1001 1011 1054 ab
1044 1002 1156 1070 ipsa
1189 1016 1328 1063 esse,
1365 1001 1533 1054 veluti
1565 1002 1611 1053 ei
1676 1001 1828 1070 juxta
1861 1000 2182 1067 dignitatem
2233 1015 2363 1054 con-

780 1094 975 1166 juncti,
1006 1095 1121 1147 sive
1171 1093 1324 1162 quasi
1380 1093 1548 1146 solam
1601 1094 1837 1146 divinam
1875 1093 2268 1148 habitationem
2305 1092 2358 1144 in

780 1204 842 1240 ea
868 1186 1144 1247 habuerit,
1174 1197 1227 1240 et
1251 1202 1355 1238 non
1386 1188 1567 1253 potius
1590 1185 2076 1253 (quemadmodum
2100 1185 2358 1253 diximus)

784 1278 1076 1337 vivificam,
1108 1292 1227 1344 qua:
1266 1275 1434 1328 Verbi
1465 1276 1681 1344 propria
1711 1274 1849 1327 facta
1882 1274 1970 1339 sit,
2005 1277 2189 1327 omnia
2222 1273 2356 1326 vivi-

786 1370 949 1423 ficare
980 1368 1233 1429 valentis,
1263 1369 1552 1421 anathema
1578 1371 1666 1430 sit,
1702 1367 1754 1420 Si
1781 1367 1902 1435 quis
1935 1373 2041 1419 non
2070 1365 2357 1434 profitetur

782 1461 877 1515 Dei
906 1461 1146 1516 Verbum
1181 1475 1344 1513 carne
1390 1475 1606 1527 passum
1643 1474 1787 1522 esse,
1824 1469 1878 1512 et
1915 1474 2079 1512 carne
2142 1457 2361 1511 crucifi-

781 1569 932 1615 xum,
962 1562 1017 1606 et
1048 1568 1212 1605 carne
1246 1563 1476 1605 mortem
1513 1561 1785 1621 gustasse,
1825 1561 1991 1620 atque
2021 1551 2360 1620 primogeni-

785 1659 894 1699 ttlltt
929 1661 992 1700 es
1027 1647 1257 1698 mortuis
1293 1645 1492 1698 factum
1525 1660 1664 1706 esse,
1695 1655 1967 1712 quatenus
1998 1645 2105 1698 vita
2138 1653 2189 1699 et
2226 1646 2361 1698 vivi-

783 1741 951 1794 ticans
980 1749 1083 1802 est,
1110 1749 1298 1806 utpote
1329 1739 1490 1800 Dens,
1525 1738 1818 1791 anathema
1849 1738 1939 1800 sit.
1982 1756 1998 1787 ι
2025 1737 2358 1792 leeslinus

781 1837 962 1888 autem
1017 1832 1299 1884 Rmnanus
1351 1830 1670 1898 episcopus,
1725 1829 1898 1883 divini
1929 1830 2114 1897 Cyrilli
2156 1830 2357 1884 litteris

2466 634 2628 685 ἔστω.
2652 633 2718 685 Εί
2736 651 2818 696 τις
2846 633 2942 702 οὐχ
2973 633 3228 700 ὁμολογεί
3255 636 3352 702 τὴν
3373 631 3465 684 τοῦ
3494 636 3698 697 Κυρίου
3724 635 3901 703 σάρκα
3921 635 4060 697 ζωο-

2470 725 2619 776 ποιδν
2655 720 2813 788 εἶναι,
2843 725 2935 777 καὶ
2974 725 3108 777 ἰδίαν
3137 725 3302 778 αὑτοῦ
3331 724 3423 776 τοῦ
3450 727 3512 776 ἐκ
3533 727 3671 776 Θεοῦ
3705 725 3919 794 Πατρὶς
3951 727 4056 779 A6-

2466 833 2585 883 γου,
2620 817 2737 869 ἀλλ’
2764 816 2838 878 ὡς
2869 816 3056 887 ἐτέρου
3099 817 3246 878 τινὸς
3275 818 3406 886 παρ’
3443 816 3636 868 αὐτόν’
3695 818 4052 886 συνημμένου

2470 909 2570 978 μὲν
2601 909 2749 978 αὐτῷ
2780 908 2922 962 κατὰ
2949 911 3045 980 τὴν
3091 911 3273 974 ἀξίαν,
3335 911 3506 978 ἦγουν
3555 911 3630 972 ὠς
3686 912 3856 978 μόνην
3901 911 4054 964 θείαν

2466 1002 2747 1073 ἐνοίκησιν
2784 1002 3103 1071 ἐσχηκότος,
3135 1003 3230 1054 καὶ⁵
3263 1004 3380 1072 οὐχὶ
3410 1004 3473 1070 δὴ
3514 1003 3716 1070 μᾶλλον
3763 1005 4055 1068 ζωοποιδν,

2463 1095 2536 1158 ῶς
2570 1095 2800 1163 ἔφημεν,
2838 1095 2919 1146 ὅτι
2972 1097 3188 1163 γεγόνει
3247 1096 3342 1148 τοῦ
3393 1097 3568 1162 Λόγου
3621 1094 3719 1147 τοῦ
3777 1098 3844 1149 τὰ
3878 1097 4058 1148 πάντα

2465 1187 2750 1255 ζωογονεῖν
2784 1188 3076 1257 ἰσχύοντος,
3105 1189 3350 1257 ἀνάθεμα
3382 1189 3542 1242 ἔστω.
3571 1189 3637 1240 Εἴ
3672 1206 3756 1251 τις
3791 1189 3887 1256 οὐχ
3921 1192 4058 1256 όμο-

2465 1280 2614 1346 λογεῖ
2636 1282 2726 1333 τὶν
2763 1281 2855 1333 τοῦ
2880 1281 3016 1333 Θεοῦ
3038 1283 3211 1344 Λόγον
3242 1283 3482 1334 παθόντα
3507 1283 3671 1348 σαρκὶ
3694 1321 3707 1343 ,
3739 1283 3832 1332 καὶ
3863 1285 4062 1332 ἐσταυ-

2468 1377 2712 1445 ρωμένον
2751 1377 2939 1444 capaci,
2977 1377 3072 1427 καὶ
3101 1375 3334 1428 θανάτου
3371 1375 3712 1442 γευσάμενον
3739 1375 3925 1444 σαρκὶ,
3957 1391 4057 1440 γε·

2465 1467 2662 1535 γονότα
2689 1486 2747 1520 τε
2777 1449 3230 1537 πρωτότοκοείὲκ
3257 1468 3364 1520 τῶν
3396 1467 3629 1536 νεκρῶν,
3663 1467 3798 1518 καθ’)
3845 1467 3957 1533 ζωή
3988 1466 4055 1519 τέ

2464 1561 2698 1613 ἐστικαὶ
2732 1561 2996 1623 ζωοποιδς
3021 1560 3096 1623 ὡς
3131 1560 3282 1622 Θεὸς,
3317 1560 3567 1627 ἀνάθεμα
3623 1558 3783 1611 ἔστιν).
3827 1578 3844 1609 ι
3885 1560 4060 1610 Κελε-

2465 1656 2640 1716 στῖνος
2669 1653 2712 1705 δ’
2749 1654 2896 1722 ὁτῆς
2945 1653 3165 1721 Ῥώμης
3195 1654 3493 1712 ἐπίσκοπος
3529 1652 3594 1704 τέι
3619 1652 3713 1704 τοῦ
3759 1650 3903 1703 θείου
3938 1652 4059 1702 Κυ-

2468 1746 2646 1813 ρίλλου
2690 1745 2984 1812 δεξάμενος
3023 1745 3349 1814 γράμματα,
3378 1743 3458 1796 ἔτι
3495 1744 3672 1796 δὲκαὶ
3703 1743 3802 1794 τὰς
3846 1744 4061 1808 δυσφη-

2468 1837 2594 1904 μίας
2627 1837 2946 1905 Νεστορίου,
2984 1837 3191 1904 γράφει
3225 1834 3505 1903 Νεστορίῳ
3547 1835 3684 1902 μετά
3713 1834 3846 1884 δέκα
3881 1848 4060 1900 παραυ

780 1923 1051 1993 αοςθριὶς,
1095 1933 1148 1976 ct
1183 1923 1404 1976 sinistra
1442 1909 1705 1990 [περιεινῇ
1765 1921 1832 1974 de
1891 1921 2152 1976 Nestorio
2210 1922 2355 1975 fama
2393 1895 2432 1949 Β

2393 1895 2432 1949 Β
2461 1931 2669 2000 δρομὴν
2705 1931 2950 1999 ἡμερῶν,
2978 1932 3026 1982 εί
3059 1929 3140 1983 ἔτι
3189 1933 3254 1999 τῇ
3285 1930 3376 1998 ἴσῃ
3427 1927 3720 1998 δυσσεϐείᾳ
3775 1928 4058 1996 ἐπιμένοι,

779 2018 987 2078 audita,
1020 2015 1085 2068 ad
1119 2031 1243 2069 enm
1280 2015 1500 2082 scripsit
1537 2031 1548 2064 :
1580 2013 1768 2067 decem
1802 2015 2011 2068 exactis
2057 2015 2275 2078 diebus,
2311 2019 2354 2069 si

779 2110 960 2164 adhuc
991 2110 1040 2161 in
1070 2109 1259 2162 eadem
1291 2107 1572 2175 impietate
1607 2115 2018 2174 perseveraret,
2067 2124 2174 2161 non
2238 2123 2354 2162 am-

781 2204 924 2270 plius
975 2216 1102 2255 eum
1155 2200 1222 2253 ad
1276 2199 1723 2253 communionem
1776 2198 2204 2262 admittendum,
2261 2203 2355 2255 sed

779 2295 962 2364 potius
1051 2294 1276 2347 omnino
1357 2291 1703 2345 sacerdotum
1798 2290 2007 2345 Christi
2104 2295 2354 2364 catalogo

777 2387 1125 2442 eximendum
1188 2404 1201 2439 :
1252 2386 1485 2454 illosque
1557 2387 1696 2439 adeo
1753 2387 1817 2439 ad
1878 2389 2334 2441 communionem

779 2481 1125 2550 recipiendos
1155 2494 1302 2544 esse,
1341 2479 1434 2547 qui
1471 2488 1762 2547 propterea
1814 2479 1882 2531 ab
1918 2495 2006 2536 eo.
2053 2480 2199 2548 quod
2255 2495 2356 2549 pro

778 2575 883 2628 fide
945 2583 1088 2626 recta
1169 2571 1474 2632 stetissent,
1559 2571 2028 2625 excommunicati
2114 2571 2356 2625 fuerant.

777 2665 947 2719 Porro
975 2679 1096 2723 non
1127 2661 1382 2716 Nestorio
1432 2661 1595 2714 modo
1631 2662 1870 2730 Cyrillus
1905 2671 1958 2715 et
2000 2661 2355 2728 Caelestinus,

776 2758 868 2812 sed
903 2757 1066 2810 etiam
1097 2755 1293 2810 Joanni
1322 2755 1689 2817 Antiocheno,
1713 2754 1986 2808 Theodoti
2022 2755 2354 2818 successori,

777 2860 834 2904 et
887 2848 1136 2904 Juvenali
1212 2846 1739 2916 llierosolymitano,
1791 2846 2040 2900 hmresim
2116 2845 2356 2900 Nestorii

776 2949 1138 3012 exponentes,
1177 2940 1538 3007 scripserunt.
1575 2937 1731 3006 511
1770 2937 1890 3006 ipse
1923 2952 2144 3006 quoque
2191 2937 2361 2992 Joan-

776 3054 873 3093 nes
894 3037 958 3091 ad
989 3037 1300 3091 Nestorium
1325 3035 1612 3103 epistolam
1646 3033 1818 3094 dedit,
1851 3033 2152 3088 admonens
2181 3032 2357 3088 homi-

775 3145 920 3194 nem,
959 3144 1026 3182 ne
1066 3145 1093 3181 a
1135 3128 1308 3196 patria
1341 3127 1464 3180 tidei
1504 3125 1847 3195 professione
1898 3122 2182 3188 deficeret,
2243 3124 2352 3178 sed

2468 2023 2664 2092 μηκέτι
2701 2017 2840 2075 εἶναι
2871 2024 3209 2087 κοινωνικὸν,
3243 2023 3275 2091 ἢ
3303 2021 3438 2083 ὅλως
3477 2021 3566 2073 τοῦ
3595 2021 3907 2086 καταλόγου
3944 2019 4058 2072 τῶν

2466 2114 2657 2181 ἱερέων
2687 2114 2924 2184 Χριστοῦ
2948 2131 2962 2145 ·
2998 2115 3244 2176 ἐκείνους
3279 2115 3334 2167 δὲ
3369 2114 3573 2182 μᾶλλον
3623 2108 3765 2165 εῖναι
3813 2113 4063 2181 παραδε-

2463 2208 2654 2267 κτέους
2684 2208 2760 2270 εἰς
2780 2207 3086 2272 κοινωνίαν,
3108 2207 3156 2259 οἳ
3180 2205 3257 2274 τῷ
3291 2208 3388 2275 τῆς
3416 2206 3581 2275 όρθῆς
3613 2205 3853 2267 πίστεως
3884 2207 4060 2274 ὑπερ-

2465 2298 2736 2360 ίστασθαι,
2774 2299 3128 2366 ἀκοινώνητοι
3181 2298 3275 2350 ὑπ’
3329 2300 3539 2351 ἐκείνου
3572 2300 3940 2363 κατέστησαν.
3975 2299 4060 2352 Οὐ

2467 2386 2627 2452 μόνον
2674 2387 2730 2438 δὲ
2786 2386 3069 2456 Νεστορίῳ
3133 2385 3401 2454 Κύριλλός
3462 2404 3520 2439 τε
3581 2387 3677 2438 καὶ
3730 2387 4061 2447 Κελεστῖ-ιος

2463 2480 2734 2547 ἔγραψαν,
2768 2478 2905 2531 ἀλλά
2940 2481 3032 2531 καὶ
3076 2480 3297 2548 Ἰωάννῃ
3333 2480 3412 2548 τῷ
3457 2481 3812 2549 Ἀντιοχείας,
3841 2481 3899 2542 ὃς
3923 2479 4062 2532 Θεό-

2463 2570 2611 2622 δοτον
2663 2571 2957 2636 διεδέξατο,
2993 2573 3083 2623 καὶ
3125 2572 3470 2640 Ὶουὸεναλίῳ
3504 2572 3581 2640 τῷ
3626 2571 4052 2640 Ἱεροσολύμων,

2461 2666 2530 2716 τὰ
2583 2666 2680 2730 τῆς
2735 2666 3002 2732 αἱρέσεως
3067 2664 3367 2731 Νεστορίου
3416 2664 3830 2732 παραδιδόντες.
3886 2663 4056 2715 Ἀλλά

2467 2753 2574 2824 μὴν
2611 2755 2704 2807 καὶ
2751 2755 3003 2822 Ἰωάννης
3036 2755 3128 2806 καὶ
3186 2755 3350 2815 uini);
3407 2756 3697 2825 Νεστορίῳ
3756 2755 4058 2822 ἐπιστολὴν

2463 2848 2717 2915 ἔπεμπε,
2781 2847 3090 2915 παραινῶν,
3152 2846 3227 2915 μὴ
3263 2848 3372 2901 τῶν
3431 2847 3678 2916 πατρίων
3710 2848 4063 2912 ἐξίστασθαι,

2462 2942 2636 3011 ὀρθῶς
2671 2943 2714 2994 δ’
2754 2944 3040 3011 ὁμολογεῖν
3065 2944 3155 2996 τὸν
3201 2943 3329 2994 Υίὸν
3365 2940 3461 2992 τοῦ
3490 2940 3627 2993 Θεοῦ
3657 2943 3722 2992 ἐκ
3757 2941 3856 3008 τῆς
3885 2940 4060 3007 ἁγίας

2461 3032 2791 3103 γεννηθῆναι
2816 3033 3081 3087 Θεοτόκου
3115 3034 3357 3102 Μαρίας,
3402 3033 3496 3083 καὶ
3524 3034 3624 3084 οὐκ
3659 3034 3736 3093 είς
3761 3031 3856 3084 δύο
3887 3033 4057 3084 αὑτὸν

2466 3126 2835 3195 μερισθῆναι,
2890 3127 3007 3180 ἀλλ’
3063 3125 3184 3178 οὐδὲ
3244 3125 3384 3178 κατὰ
3435 3126 3722 3194 προκοπὴν
3779 3125 4060 3192 θεωθῆναι

775 3231 923 3276 recte
972 3221 1168 3277 Filium
1209 3220 1303 3274 Dei
1346 3233 1412 3272 ex
1467 3227 1666 3272 sancta
1717 3217 1809 3270 Dei
1853 3216 2134 3271 Genitrice
2184 3217 2353 3270 Maria
2385 3241 2426 3297 ο

2385 3241 2426 3297 C
2462 3215 2779 3270 ὑποϐάλλων
2828 3217 2921 3268 καὶ
2968 3217 3066 3282 τὴν
3125 3215 3496 3282 ἀποστολικὴν
3549 3217 3708 3283 ῥῆσιν
3859 3231 4053 3282 ςησιν,

774 3313 1018 3382 genitum
1053 3325 1172 3366 esse
1204 3307 1576 3379 profiteretur,
1611 3322 1790 3378 neque
1834 3310 1888 3363 in
1925 3307 2034 3362 duo
2073 3323 2195 3362 eum
2228 3323 2355 3376 par-

777 3408 992 3470 tiretur,
1025 3418 1202 3473 neque
1227 3404 1392 3456 etiam
1419 3401 1575 3471 juxta
1611 3417 1958 3471 progressum
2012 3417 2108 3456 seu
2166 3403 2353 3469 profe-

777 3507 924 3551 ctum
1011 3495 1328 3550 deiticatum
1392 3508 1514 3549 esse
1577 3495 1812 3558 diceret,
1885 3493 2242 3562 apostolicam
2277 3493 2355 3546 illi

775 3589 942 3641 etiam
994 3568 1186 3641 vocem
1247 3584 1588 3654 subjiciens,
1641 3598 1761 3653 qua:
1819 3591 1906 3637 est
1959 3601 1973 3638 :
2029 3583 2170 3636 Misit
2221 3583 2356 3637 Deus

778 3680 980 3734 Filium
1004 3697 1161 3733 suum
1193 3682 1394 3748 [actum
1424 3693 1486 3730 ea:
1513 3678 1733 3731 muliere
1757 3679 1796 3732 ί.
1833 3678 1902 3732 Et
1931 3679 2095 3733 simul
2124 3678 2199 3732 illi
2236 3693 2361 3731 sua-

777 3775 869 3837 sit,
900 3790 967 3828 ne
1007 3773 1343 3828 sententiam
1383 3771 1500 3841 ipse
1553 3786 1710 3825 suam
1744 3780 1804 3824 ut
1831 3781 2035 3825 rectam
2062 3779 2117 3826 et
2145 3783 2354 3825 certam

779 3866 1066 3928 retineret,
1101 3864 1195 3918 sed
1248 3862 1436 3932 potius
1475 3863 1622 3932 quod
1662 3863 1717 3916 in
1756 3878 2053 3916 commune
2107 3854 2356 3916 eommoi

777 3961 908 4010 dum
942 3966 1105 4027 atque
1138 3956 1272 4010 utile
1326 3965 1492 4018 esset,
1531 3964 1882 4022 sequeretur.
1929 3953 2073 4008 Misit
2129 3953 2357 4021 insuper

777 4048 845 4102 ad
891 4063 1017 4102 cum
1049 4064 1209 4116 _quas
1249 4045 1584 4117 Caelestinus
1634 4056 1688 4098 et
1735 4045 1972 4114 Cyrillus
2021 4045 2359 4112 scripserant

779 4145 1013 4197 litteras.
1074 4143 1362 4196 Nestorius
1428 4143 1533 4197 sibi
1595 4140 1698 4209 ipsi
1761 4140 2065 4193 obsecutus
2125 4149 2231 4191 est.
2291 4137 2359 4190 Et

778 4236 1038 4304 quoniam
1091 4237 1301 4290 sciebat
1355 4235 1718 4289 ecclesiarum
1791 4234 2055 4302 pra:sules
2113 4229 2357 4286 Ecclesia

780 4331 857 4382 ita
911 4329 1133 4382 turbata
1179 4328 1606 4396 haudquaquam
1658 4325 1946 4391 tacituros,
1980 4323 2356 4379 Theodosium

779 4423 1075 4492 permovit,
1109 4433 1170 4476 ut
1211 4437 1424 4477 sacram
1462 4423 1526 4474 ad
1555 4421 1816 4490 Cyrillum
1851 4420 2117 4481 mitteret,
2158 4417 2212 4470 in
2247 4432 2355 4486 qua

780 4517 950 4570 multa
987 4516 1062 4568 illi
1097 4516 1414 4584 objiciebat,
1446 4525 1499 4568 et
1537 4515 1706 4566 multa
1755 4512 2086 4573 minabatur,
2143 4510 2252 4564 nisi
2300 4510 2353 4562 in

2475 3308 2942 3371 Ἐξαπέστειλεν
2976 3310 3007 3360 d
3037 3307 3182 3372 Θεὸς
3215 3306 3321 3359 τὸν
3343 3307 3476 3360 Υἱὸν
3502 3305 3690 3360 αὐτοῦ
3720 3308 4062 3373 γενόμενον

2460 3401 2528 3453 ἐκ
2560 3399 2868 3469 γυναικός.
2905 3399 3191 3466 Είσηγεῖτό
3217 3415 3275 3450 τε
3307 3400 3440 3467 αμα,
3473 3397 3546 3468 μὴ
3581 3399 3640 3450 τὸ
3671 3397 3832 3462 δόξαν
3857 3399 4062 3467 ἐκείνῳ

2461 3495 2535 3555 ῶς
2578 3493 2825 3560 ἀσφαλὲς
2859 3494 3132 3562 κατέχειν,
3167 3492 3298 3544 ἀλλὰ
3327 3493 3386 3544 τὸ
3419 3495 3568 3562 κοινῇ
3608 3493 3894 3561 συμφέρον
3922 3493 4063 3559 pii-

2461 3587 2550 3638 λον
2581 3585 2873 3655 αίρεῖσθαι.
2899 3585 3331 3638 Συναποστέλλει
3357 3585 3541 3653 μέντοι
3563 3585 3759 3654 ἐκείνῳ
3785 3586 3881 3637 καὶ
3904 3587 4059 3653 ἆπερ

2462 3679 2784 3741 Κελεστῖνός
2835 3695 2891 3729 τε
2929 3679 3028 3729 καὶ
3059 3678 3343 3747 Κύριλλος
3373 3678 3752 3746 διεπέμψαντο
3786 3681 4060 3747 γράμμα-

2461 3789 2547 3824 τα.
2579 3773 2671 3834 Εἰς
2701 3771 2894 3824 ἑαυτὸν
2935 3771 2988 3823 δὲ
3018 3771 3312 3838 γενόμενος
3347 3774 3373 3821 ὁ
3407 3770 3728 3840 Νεστόριος,
3755 3773 3854 3824 καὶ
3887 3774 4060 3839 γνοὺς

2462 3867 2535 3926 ὼς
2571 3866 2617 3915 οί
2655 3865 2765 3917 τῶν
2801 3863 3114 3933 ἐκκλησιῶν
3146 3865 3417 3933 ἡγεμόνες
3451 3865 3550 3916 οὐκ
3586 3866 3881 3933 ἀνέχονται
3924 3882 4059 3917 σιω-

2464 3959 2570 4026 πᾷν
2597 3956 2737 4008 οὕτω
2756 3956 3204 4024 τῆςἜκκλησίας
3235 3957 3668 4025 ταραττομένης,
3699 3958 4062 4024 παρεσκεύα-

2464 4049 2520 4112 ζε
2553 4048 2854 4111 Θεοδόσιον,
2903 4048 3119 4115 σὰκραν
3159 4049 3397 4116 πέμπειν
3438 4049 3713 4118 Κυρίλλῳ,
3739 4052 3795 4101 ἐν
3898 4054 4059 4102 nis?-

2464 4155 2566 4191 στα
2601 4139 2880 4208 ἐμέμφετο
2924 4141 3018 4190 καὶ
3051 4139 3364 4207 διηπείλει,
3397 4142 3443 4191 εἰ
3481 4140 3556 4209 μὴ
3588 4143 3702 4202 τοῖς
3751 4142 3902 4210 ὅροις
3947 4142 4059 4193 Νε-

2465 4231 2679 4299 στορίου
2712 4232 2965 4300 ἐμμένοι.
2996 4232 3107 4284 Καὶ
3149 4235 3529 4285 κατακτυπεῖν
3565 4234 3820 4286 ἐντεῦθεν
3848 4236 4058 4300 δοκῶν,

2462 4323 2667 4374 ἐκεῖνον
2692 4324 2894 4390 μᾶλλον
2913 4323 3175 4392 ἐρεθίζων
3201 4325 3442 4394 διήγειρε
3463 4342 3478 4356 ο
3517 4325 3742 4394 Πνεῦμα
3769 4328 3879 4396 γὰρ
3909 4329 4062 4380 θεῖον

2462 4411 2746 4464 ἀναλαϐὼν
2789 4412 3078 4483 Κῦριλλσς,
3105 4414 3254 4485 αὑτῷ
3284 4433 3343 4466 τε
3376 4415 3588 4484 βασιλεῖ
3627 4419 3721 4468 καὶ
3754 4420 3874 4479 ταῖς
3898 4418 4060 4482 βασι-

2461 4503 2678 4567 λίσσαις
2706 4505 2987 4572 γενναίους
3045 4507 3190 4576 μάλα
3228 4509 3422 4576 λόγους
3459 4509 3832 4578 συντεταχὼς,
3873 4512 4062 4580 ἐπεμ-

779 4607 1018 4663 Nestorii
1049 4607 1285 4660 decretis
1313 4606 1681 4675 aquiesceret.
1721 4604 1789 4658 Et
1819 4619 1943 4657 cum
1977 4603 2184 4657 talibus
2215 4602 2359 4656 litte-
2393 4574 2439 4633 υ

2393 4574 2439 4633 D
2476 4617 2594 4664 πεν,
2627 4602 2680 4652 ὲν
2715 4594 2792 4661 οἷς
2824 4603 2882 4653 τό
2934 4618 2991 4654 τε
3156 4574 3324 4672 ὀρθῆς
3361 4603 3598 4666 πίστεως
3646 4574 3876 4672 ἀκριϐὲς
3911 4574 4058 4658 ὑπο-

782 4703 860 4755 ris
914 4715 971 4754 se
1024 4699 1178 4752 illum
1233 4698 1713 4766 pessumdata-nm
1764 4694 2145 4759 existimaict,
2187 4694 2359 4763 magis

782 4795 948 4847 etiam
985 4800 1320 4846 commotum
1358 4789 1640 4843 excitavit.
1675 4785 1918 4856 Accepto
1970 4801 2208 4854 namque
2235 4785 2360 4856 Spi-

783 4888 894 4940 ritu
939 4886 1130 4939 divino
1180 4883 1436 4954 Cyrillus,
1490 4881 1558 4935 ad
1613 4883 1793 4950 ipsum
1862 4881 2252 4949 imperatorem
2303 4888 2360 4935 et

780 4981 1056 5048 Augustas
1091 4978 1309 5030 libellos
1356 4975 1516 5029 docte
1551 4979 1889 5043 compositos
1934 4973 2105 5038 misit,
2154 4972 2360 5042 quibus

2472 4694 2731 4759 δείκνυσι,
2760 4695 2851 4746 καὶ
2876 4696 2934 4747 τὸ
2966 4695 3064 4764 τῆς
3090 4696 3389 4765 Νεστορίου
3422 4697 3851 4766 φρενοϐλαῦείας
3885 4703 4061 4751 κακό-

2472 4785 2666 4850 δοξον⁶
2729 4787 2844 4856 ἅμα
2909 4787 2964 4840 δὲ
3031 4789 3124 4840 καὶ
3191 4789 3410 4840 σύνοδον
3472 4791 3864 4859 οίκουμενικὴν
3932 4793 4060 4861 ᾔτει

2474 4880 2968 4950 συνγκροτηθῆναι,
2995 4880 3067 4943 ὡς
3096 4881 3160 4934 ἂν
3187 4883 3254 4936 τὰ
3285 4882 3426 4935 κατά
3459 4883 3755 4953 Νεστόριον
3792 4886 4061 4951 ἀσφαλῶς

2471 4973 2832 5042 γυμνασθςίη.

782 5080 944 5134 simul
972 5089 1178 5132 certam
1221 5086 1381 5141 recta:
1450 5073 1574 5128 ﬁdei
1622 5072 2050 5142 professionem,
2116 5081 2172 5125 et
2249 5086 2564 5139 perversam
2614 5069 2850 5124 Nestorii
2902 5069 3172 5124 vecordiae
3207 5069 3526 5139 opinionem
3591 5068 3880 5123 ostendit:
3940 5081 4058 5124 tum

783 5187 988 5239 autem,
1025 5183 1084 5228 ut
1116 5171 1360 5242 synodus
1398 5171 1724 5225 universalis
1767 5178 2125 5238 cogererctur
2171 5168 2349 5237 petiit,
2395 5176 2452 5221 ut
2487 5166 2723 5222 Nestorii
2757 5181 2844 5221 res
2878 5177 3030 5222 certo
3059 5167 3111 5220 in
3152 5175 3401 5235 apertum
3438 5164 3845 5235 proferrentur.

1313 5293 1536 5348 CAPUT
1591 5291 1806 5345 XXXIV

786 5392 864 5446 De
898 5395 1050 5445 tertio
1081 5399 1262 5442 sancto
1294 5386 1579 5439 universali
1625 5386 1847 5450 Ephesio
1880 5384 2126 5449 concilio,
2158 5385 2214 5437 in
2254 5399 2357 5453 quo

1035 5463 1285 5514 Nestorio
1316 5459 1646 5528 episcopatus
1685 5466 1758 5510 es:
1795 5457 2110 5526 abrogatas.

857 5575 1201 5628 Theodosius
1228 5570 1836 5640 imperialibuslitteris
1879 5571 1993 5624 suis
2045 5571 2098 5622 in
2152 5577 2356 5623 metro-

787 5671 889 5740 poli
923 5669 1140 5736 Epheso
1172 5666 1420 5718 locorum
1451 5664 1696 5717 omnium
1736 5665 2026 5732 episcopos
2060 5664 2356 5716 convenire

781 5762 962 5833 jussit,
995 5774 1204 5812 sacram
1240 5758 1592 5812 Pentecostes
1629 5758 1799 5824 diem,
1829 5771 1937 5824 qua
1965 5756 2353 5819 convenirent,

858 5906 873 5933 ⁸
912 5904 1083 5958 Galat.
1122 5917 1196 5967 iv,
1240 5902 1292 5957 4.

3059 5289 3312 5342 ΚΕΦΑΛ.
3345 5291 3464 5342 ΛΔ’.

2473 5384 2613 5450 Περὶ
2647 5383 2750 5450 τῆς
2783 5383 2852 5435 ἐν
2903 5381 3140 5450 Ἐρέσῳ
3175 5382 3348 5448 ἁγίας
3389 5382 3592 5449 τρίτης
3631 5381 3724 5433 καὶ
3780 5385 4058 5452 claret-ys-

2539 5454 2716 5522 νικῆς
2744 5454 3014 5507 συνόδου
3038 5469 3049 5481 ·
3076 5456 3173 5506 καί
3201 5454 3280 5517 ὡς
3302 5453 3602 5519 καθῃρέθη
3628 5454 3990 5520 Νεστίριος.

2541 5571 2650 5622 Καὶ
2680 5570 2744 5640 δὴ
2789 5570 3094 5638 βασιλικοῖς
3155 5572 3482 5640 γράμμασιν
3513 5570 3614 5622 ἀνὰ
3642 5569 3740 5637 τὴν
3791 5570 4058 5636 Ἐφεσίων

2473 5662 2807 5732 μητρόπολιν
2833 5663 3120 5731 ἁλισθῆναι
3153 5665 3278 5724 τοὺς
3302 5661 3620 5730 ἁπανταχοῦ
3642 5661 3822 5725 ἱερέας
3848 5665 4056 5731 ἔγραφε

2468 5757 2771 5822 Θεοδόσιος,
2810 5759 3101 5828 ἀποφήνας
3139 5761 3232 5808 καὶ
3259 5757 3354 5826 τῆς
3388 5756 3754 5819 συνελεύσειυς
3785 5758 3886 5825 τὴν
3918 5761 4054 5827 ἡμὶ-
