4250 6440
301 387 445 456 1169

1217 402 1822 465 ΕΟΕΙιΕὸΙΑΒΤΙΟᾸί
1860 403 2253 467 ΙΙΙΞΤΟΒΙίΕ
2289 405 2434 468 LIB.
2481 410 2629 470 XIV.

3316 473 3317 476 η
3419 410 3564 476 1170"

302 522 404 574 ραν
430 501 571 560 εἶναι
606 507 705 578 τὴν
741 509 904 575 ἁγίαν
929 511 1328 585 Πεντηκοστὴν,
1368 511 1479 589 ὲνῇ
1521 519 1583 568 τὸ
1615 516 1878 580 ζωοποιὸν
1908 526 1957 579 Α.

1875 539 1878 559 ι
1908 526 1957 579 Α.
1982 509 2346 574 constituens.
2384 521 2440 573 ln
2475 537 2537 585 ea
2569 507 2772 590 quippe
2817 521 2904 576 die
2951 522 3191 591 Spiritus
3246 524 3553 579 vivificator

295 600 414 661 τοῖς
469 603 634 670 ίεροῖς
696 603 1017 671 ἀποστόλοις
1066 609 1401 677 ἒπεφοίτησε
1461 608 1720 678 Πνεῦμα·
1783 613 1878 664 καὶ

296 690 474 744 ταῦτα
504 693 618 755 τοῖς
665 694 960 766 γράμμασι
1015 698 1369 767 προστιθείς·
1428 720 1446 752 ι
1488 699 1584 766 Ὠς
1615 701 1876 771 οὐδεμίαν

297 783 413 849 ἔξει
452 789 589 856 πρὸς
619 788 774 852 θεὸν,
822 789 942 842 οὐδὲ
982 791 1120 859 πρὸς
1173 793 1322 861 ἡμᾶς
1378 793 1697 860 ἀπολογίαν,
1735 797 1763 847 ό
1802 794 1879 864 μὴ

298 880 646 948 παραχρῆμα
670 880 790 935 κατ’
813 883 984 953 αὐτὴν
1003 884 1101 954 τὴν
1133 886 1348 954 ἡμέραν
1371 888 1468 955 τῆς
1495 887 1657 955 ἀγίας
1675 888 1880 954 Πεντη-

301 971 502 1037 κοστῆς
535 971 961 1041 εὑρισκόμενος·
996 976 1024 1028 ό
1053 975 1390 1044 καλούμενος
1424 979 1553 1047 γὰρ,
1587 980 1774 1046 φησὶν,
1799 981 1881 1041 εις

302 1060 590 1131 ἱερατικὴν
642 1062 860 1116 σύνοδον
915 1071 1009 1122 καὶ
1071 1068 1144 1136 μὴ
1192 1068 1488 1138 προθύμως
1547 1071 1878 1141 συντρέχων,

298 1155 401 1207 οὐκ
435 1155 602 1224 ὀρθῆς
646 1156 922 1212 δείκνυται
955 1161 1337 1231 συνειδήσεως.
1373 1181 1392 1214 ι
1447 1163 1505 1216 '0
1533 1164 1632 1228 μὲν
1656 1163 1747 1218 οὖν
1772 1165 1878 1218 Νε-

301 1247 520 1315 στόριος
551 1249 647 1302 an
682 1250 746 1318 δὴ
777 1251 835 1302 οὺ
875 1253 1067 1321 πόρρω
1095 1253 1197 1321 τῆς
1233 1255 1502 1322 Ἐφεσίων
1525 1255 1878 1325 ἀφεστηκὼς,

304 1342 406 1391 σὺν
430 1338 574 1410 δχλῳ
619 1343 798 1412 πολλῷ
827 1344 988 1406 εὐθὺς
1017 1347 1158 1414 μετά
1198 1346 1294 1416 τὴν
1335 1347 1528 1417 ἑορτὴν
1558 1346 1652 1401 τοῦ
1691 1349 1881 1419 Πάσχα

300 1433 404 1484 ἀνὰ
432 1433 530 1502 τὴν
561 1434 796 1501 Ἔφεσον
823 1436 1080 1503 ἔφθανεν,
1116 1437 1347 1504 πολλοὺς
1379 1442 1563 1492 ὲκεῖσε
1597 1441 1881 1504 συνιόντας

298 1525 412 1577 τῶν
435 1527 756 1579 ἐπισκόπων
779 1527 976 1598 εὑρών.
1013 1530 1258 1601 ’Δπήντα
1288 1532 1344 1584 δὲ
1371 1534 1465 1584 καὶ
1491 1532 1759 1601 Κύριλλος
1783 1534 1881 1586 σὺν

300 1620 414 1678 τοῖς
450 1620 567 1686 μετ’
597 1620 764 1672 αὑτοῦ
797 1624 905 1690 πρὸ
940 1623 1038 1690 τῆς
1077 1624 1440 1694 ἀγγελθείσης
1473 1626 1706 1694 ἡμέρας.
1749 1627 1881 1679 Ἰου-

299 1710 552 1774 6ενάλιος
577 1713 634 1765 δὲ
669 1715 808 1782 μετά
836 1716 1096 1785 πέμπτην
1124 1719 1342 1787 ἡμέραν
1367 1721 1463 1787 τῆς
1497 1720 1880 1789 Πεντηκοστῆς

301 1801 507 1870 ἔφθανε
563 1805 783 1873 σύναμα
823 1811 934 1871 τοῖς
971 1809 1358 1871 Παλαιστινοῖς
1413 1811 1766 1873 ἐπισκόποιςο
1799 1806 1880 1874 οἷς

300 1895 713 1966 ἀθροιζομένοις
748 1902 776 1952 ό
829 1902 1160 1971 περιϐόητος
1215 1904 1310 1955 καὶ
1374 1905 1550 1970 μέγας
1605 1904 1878 1972 Εὑθύμιος

303 1986 500 2058 Πέτρῳ
531 1989 608 2058 τῷ
639 1991 747 2043 τῶν
771 1992 1104 2061 Σαρακηνῶν
1135 1994 1424 2063 ὲπισκόπῳ
1453 1995 1668 2047 ἀπιόντι
1694 1999 1878 2049 ἐνεκε-

301 2079 511 2146 λεύετο,
546 2082 800 2152 Κυρίλλῳ
833 2083 909 2154 τῷ
953 2084 1054 2152 τῆς
1099 2084 1457 2150 Ἀλεξάνδρου
1491 2086 1739 2156 προέδρῳ
1787 2088 1879 2140 καὶ

315 2170 558 2239 Ἀκακίφ
587 2170 664 2239 τῷ
692 2171 986 2241 Μελιτινῆς
1025 2174 1310 2244 έπισκόπῳ
1337 2173 1596 2238 καθάπαξ
1624 2174 1876 2241 ἕπεσθαι,

301 2261 573 2326 ἐπειπὼν,
631 2263 713 2316 ὅτι
764 2263 948 2316 στύλοι
993 2266 1089 2316 καὶ
1135 2264 1323 2334 δροφοι
1384 2267 1483 2335 τῆς
1516 2267 1684 2336 ὀρθῆς
1733 2266 1879 2320 οὗτοι

301 2355 613 2424 ὑπάρχουσι
670 2354 926 2418 πίστεως.
985 2356 1310 2420 Κελεστῖνοςη
1357 2358 1405 2409 δ⁹
1452 2361 1480 2411 ό
1522 2359 1621 2428 τῆς
1659 2358 1880 2430 Ῥώμης

299 2450 602 2510 ἐπίσκοπος
653 2449 742 2500 διὰ
797 2451 866 2503 τὰ
928 2451 1071 2504 κατὰ
1131 2450 1406 2504 θάλατταν
1457 2452 1880 2522 προσδοκώμενα

303 2542 606 2609 παρῃτεῖτο
637 2539 702 2592 δι’
724 2539 920 2593 ἑαυτοῦ
945 2542 1011 2610 τῇ
1041 2541 1244 2609 συνόδῳ
1272 2542 1631 2612 παραὸαλεῖν.
1671 2545 1880 2616 Ἐγραο

302 2649 374 2700 φε
402 2633 459 2684 δὲ
491 2634 764 2700 Κνρίλλῳ,
813 2634 1142 2703 προτρέπων
1193 2637 1289 2690 καὶ
1339 2636 1430 2688 τὸν
1479 2636 1688 2690 ἐκείνου
1719 2639 1883 2691 τόπον

301 2725 550 2791 ἐπέχεινο
585 2725 644 2791 ἐξ
674 2718 736 2776 οὗ
766 2725 922 2792 λόγος
948 2727 1042 2778 καὶ
1068 2725 1130 2778 τὺ
1158 2726 1258 2794 τῆς
1312 2725 1510 2797 μίτρας
1537 2727 1776 2798 ἐπίθεμα
1806 2729 1883 2780 εἰ·

301 2815 555 2885 ληφέναι,
621 2817 716 2870 καὶ
754 2817 854 2887 τὴν
886 2816 981 2870 τοῦ
1016 2818 1220 2870 πάππα
1262 2820 1642 2889 προσηγορίαν
1672 2820 1880 2888 λαϐεῖν,

304 2909 400 2960 καὶ
438 2910 534 2977 τῆς
581 2909 908 2977 οἰκουμένης
935 2909 1129 2979 κριτὴν
1156 2911 1520 2980 ὀνομάζεσθαι
1559 2927 1574 2943 ·
1627 2912 1884 2966 κάκεῖθεν

1912 1861 1958 1919 Β

1980 609 2047 663 ad
2082 621 2300 664 sanctos
2331 612 2622 679 Apostolus
2657 613 2925 673 pervenit.
2952 612 3179 669 Litteris
3230 615 3368 684 ipsis
3416 615 3553 670 illud

1981 715 2194 768 quoque
2224 701 2448 767 adjecit,
2487 703 2764 756 nemiuem
2811 719 2870 757 se
2933 705 3017 760 vel
3071 708 3216 774 apud
3255 706 3428 762 Deum
3467 710 3551 763 vel

1974 791 2124 859 apud
2176 792 2427 847 homines
2451 807 2843 849 cxcusaturum
2878 812 3027 861 esse,
3060 801 3152 866 qui
3205 815 3315 854 non
3368 801 3554 855 statim

1979 883 2046 938 ad
2070 884 2404 953 designatam
2438 897 2641 944 sancte
2671 888 3029 944 Pentecostes
3063 890 3210 945 diem
3239 904 3442 962 praesto
3479 893 3557 947 ibt

1978 984 2144 1029 esset.
2180 973 2339 1044 512
2379 993 2396 1026 ι
2429 977 2531 1042 Qui
2574 994 2825 1048 namque,
2859 980 3058 1049 inquit,
3089 982 3157 1034 ad
3191 983 3554 1053 episcopalem

1979 1081 2196 1121 sacrum
2222 1079 2551 1122 conventum
2595 1081 2821 1126 vocatus
2855 1087 2964 1126 non
2983 1071 3239 1128 alacriter
3289 1075 3551 1134 accurrit.

1981 1173 2092 1212 non
2126 1159 2280 1214 bona:
2311 1161 2356 1215 is
2384 1161 2736 1216 conscientia:
2757 1179 2880 1219 esse
2901 1174 3148 1234 apparet.
3184 1183 3202 1217 ι
3239 1165 3552 1227 Nestorius.

1979 1251 2074 1321 qui
2099 1267 2211 1307 non
2233 1253 2394 1321 longe
2427 1255 2495 1308 ab
2528 1255 2744 1324 Epheso
2770 1256 3007 1320 abesset,
3037 1243 3161 1311 cum
3193 1258 3355 1312 turba
3383 1259 3555 1313 multa

1980 1344 2162 1398 statim
2193 1355 2316 1413 post
2374 1346 2575 1400 festum
2630 1347 2855 1403 Pascha:
2886 1348 3031 1403 diem
3069 1348 3343 1418 Ephesum
3382 1344 3552 1413 v’enit,

1986 1436 2188 1490 multos
2220 1436 2293 1490 ibi
2337 1438 2448 1508 jam
2494 1451 2859 1509 congregatos
2893 1443 3188 1510 episcopos
3245 1441 3552 1512 reperiens.

1983 1524 2222 1594 Cyrillus
2255 1542 2476 1597 quoque
2529 1545 2658 1584 vero
2705 1547 2826 1585 cum
2865 1535 2983 1586 suis
3023 1542 3150 1586 ante
3217 1533 3553 1587 destinatum

1981 1617 2128 1671 diem
2157 1618 2337 1674 aﬂuit.
2373 1620 2577 1687 Quinta
2618 1632 2741 1692 post
2780 1625 3143 1678 Pentecosten
3181 1624 3293 1689 die,
3320 1623 3558 1679 Juvena-

1981 1707 2049 1763 lis
2100 1725 2225 1763 cum
2288 1709 2597 1765 Palaestinis
2638 1714 2916 1782 episcOpis
2986 1715 3157 1768 venit.
3217 1715 3427 1780 Quibus
3483 1715 3557 1768 ita

1983 1800 2471 1866 convenientibus,
2528 1805 2768 1859 celebris
2802 1815 2858 1860 et
2908 1821 3139 1874 magnus
3198 1807 3288 1860 ille
3353 1806 3596 1877 Eutliy-.

1987 1893 2131 1946 mius
2159 1893 2323 1947 Petro
2351 1894 2753 1950 Saracenorum
2781 1897 3045 1966 episcopo
3074 1898 3304 1952 abeunti
3352 1913 3557 1967 prace-

1983 1985 2082 2054 pit,
2116 1993 2174 2038 ut
2207 1984 2395 2056 Cyrilli
2449 1988 2807 2043 Alexandrini
2857 1999 2912 2044 et
2964 1990 3149 2046 Acacii
3188 1990 3572 2067 Melitinensis

1981 2077 2207 2132 omnino
2233 2081 2562 2133 sententiam
2591 2092 2942 2148 sequeretur.
2972 2083 3266 2138 columnas
3317 2094 3372 2138 et
3406 2083 3558 2138 fasti-

1982 2169 2067 2236 gia
2106 2178 2266 2223 recta:
2299 2170 2423 2224 ﬁdei
2455 2186 2553 2226 eos
2577 2186 2702 2227 esse
2736 2182 2984 2228 testatus.
3016 2173 3350 2229 leestinus
3374 2186 3556 2230 autem

1984 2259 2175 2314 Itonia;
2225 2260 2539 2330 episcoiius,
2586 2273 2815 2330 propter
2868 2263 3234 2332 navigationis
3274 2266 3554 2334 pericula.

1984 2355 2100 2424 ipse
2129 2355 2341 2425 synodo
2363 2355 2554 2409 adesse
2579 2355 2908 2410 detrectavit
2933 2373 2947 2409 :
2972 2356 3039 2409 ad
3061 2355 3324 2426 Cyrillum
3349 2366 3554 2418 tamen.

1985 2455 2045 2501 ut
2090 2447 2273 2500 locum
2330 2445 2408 2500 ibi
2459 2461 2621 2500 suum
2679 2447 2975 2512 obtineret,
3024 2449 3267 2519 scripsit.
3315 2449 3393 2503 Ex
3435 2451 3559 2518 quo

1987 2549 2255 2607 tempore,
2288 2539 2427 2593 fama
2456 2549 2564 2604 est,
2600 2541 2818 2594 mitram
2847 2541 2998 2594 illum
3025 2551 3082 2596 et
3115 2558 3267 2612 papae
3317 2543 3558 2613 appella-

1987 2631 2214 2693 tionem,
2247 2642 2412 2700 atque
2444 2640 2503 2685 ut
2551 2632 2703 2686 orbis
2753 2633 2997 2688 universi
3024 2635 3194 2703 judex
3251 2636 3558 2705 appellare-

1985 2733 2097 2786 tur,
2139 2724 2451 2792 accepisse;
2497 2739 2616 2789 qua:
2644 2723 2842 2778 deinde
2872 2725 3055 2778 omnia
3108 2741 3205 2794 per
3248 2727 3558 2780 successio-

1963 2829 2109 2888 ,nem
2164 2814 2230 2866 ad
2293 2829 2389 2869 eos
2458 2815 2626 2869 etiam
2684 2815 3080 2883 pervenerint,
3149 2815 3354 2884 quibus
3405 2825 3557 2869 sorte

1949 2905 2371 2960 -Alcxandrina::
2434 2907 2681 2960 ecclesiae
2730 2907 2962 2959 thronus
3014 2905 3255 2976 legitime
3300 2906 3582 2961 obvenis-v

304 3000 398 3052 ἐπὶ
424 2987 996 3071 διαδοχὴν’προελθεῖν
1023 3001 1220 3067 ταῦτα,
1247 3005 1343 3056 καὶ
1371 3005 1485 3067 τοῖς
1511 3005 1656 3058 κατά
1685 3008 1886 3077 κλῆρον

1880 3025 1886 3050 ι
1985 3008 2091 3060 set,
2122 3014 2311 3052 sacros
2360 2999 2667 3068 episcopos.
2710 2999 2871 3053 Solus
2901 2999 3140 3054 Joannes
3179 3001 3558 3055 Antiochenus

306 3092 553 3161 είληχόσι
585 3094 678 3146 τον
708 3094 806 3162 τῆς
850 3093 1204 3165 Ἀλεξάνδρου
1239 3096 1430 3166 θρόνον
1471 3098 1634 3166 ίεροῖς
1665 3098 1886 3151 ἐπισκό-

1991 3088 2229 3142 antistcs
2277 3083 2403 3142 'cum
2446 3087 2819 3144 Orientalibus
2863 3089 2980 3143 suis
3041 3091 3350 3160 episcopis,
3398 3092 3558 3161 longe

305 3201 452 3244 ποις.
490 3183 668 3246 Μόνος
717 3184 762 3235 δ’
807 3184 1062 3254 Ἰωάννης
1091 3189 1117 3239 ὁ
1161 3185 1258 3254 τῆς
1297 3187 1571 3256 Ἀντιόχου
1623 3188 1883 3257 πρόεδρος
1908 3215 1952 3277 C

1876 3207 1952 3277 ;C
1984 3181 2150 3234 etiam
2175 3191 2296 3249 post
2320 3181 2461 3235 diem
2495 3183 2888 3248 constitutum,
2919 3184 3130 3247 tardius
3183 3182 3339 3238 aﬂuit
3380 3203 3392 3237 :
3447 3199 3554 3238 non

307 3274 493 3341 πολλῷ
540 3277 638 3342 τῆς
674 3275 1016 3343 προθεσμίας
1035 3277 1325 3346 ὑστέρησε,
1359 3279 1454 3330 καὶ
1483 3282 1528 3332 o!
1555 3280 1694 3348 ἀμφ’
1720 3281 1882 3332 αὑτὸν

305 3367 436 3437 ἑῷοι
465 3366 788 3418 ἐπίσκοποι·
825 3366 945 3418 οὔτι
989 3367 1152 3432 ἑκών,
1198 3368 1273 3429 ὠς
1330 3369 1546 3430 πολλοῖς
1580 3370 1881 3437 ἀπολογού-

309 3477 471 3529 μενος
501 3459 686 3527 ἕλεγεν
708 3476 722 3489 ο
759 3461 872 3511 ἀλλ’
901 3463 984 3513 ὃτι
1015 3462 1088 3531 μὴ
1119 3463 1284 3530 τάχος
1314 3461 1568 3532 ἀθροῖσαι
1599 3462 1726 3524 τοὺς
1757 3463 1881 3532 περὶ

305 3553 474 3605 αὑτὸν
504 3554 834 3616 ἐπισκόπους
873 3554 1034 3621 αὐτῷ
1069 3554 1347 3618 ἐξεγένετο
1370 3571 1384 3586 ο
1419 3555 1597 3625 πολλῷ
1645 3557 1750 3624 γὰρ
1782 3557 1882 3609 διί-

309 3661 539 3697 στανται
588 3645 921 3714 διαστήματι
952 3647 1006 3698 al
1046 3646 1138 3698 ὑπ’
1174 3648 1340 3699 αὑτὸν
1371 3649 1558 3710 πόλεις
1578 3649 1682 3716 τῆς
1717 3648 1882 3702 πάλαι

311 3734 415 3802 μὲν
456 3734 812 3803 Ἀντιοχείας,
857 3738 976 3788 νυνὶ
1020 3736 1077 3788 δὲ
1101 3736 1505 3799 -Θεουπόλεωςο
1540 3737 1616 3798 ὡς
1658 3733 1884 3791 εἶναιτὸ

305 3825 587 3892 διάστημα
645 3823 870 3894 ἡμερῶν
919 3825 1072 3894 ἀνδρὶ
1125 3823 1344 3894 εὐζώνῳ
1408 3826 1734 3879 δυοκαίδεκα
1789 3830 1883 3881 καὶ

312 3917 522 3985 μικρόν,
551 3934 605 3968 τι
650 3918 786 3985 πρός
808 3934 822 3949 ο
857 3917 1061 3985 διέχειν
1095 3917 1152 3969 δὲ
1199 3919 1294 3969 καὶ
1323 3918 1423 3988 τὴν
1460 3919 1728 3988 Ἀντιόχου
1779 3921 1877 3989 τῆς

321 4010 590 4078 Ἐφεσίων
621 4011 1010 4078 μητροπόλεως
1033 4010 1151 4061 ὁδὸν
1179 4009 1402 4078 ἡμερῶν
1433 4012 1730 4079 τριάκοντα
1776 4015 1882 4081 μά-

308 4103 501 4156 λιστα*
539 4103 633 4155 καί
689 4119 753 4169 γε
781 4102 1185 4171 διισχυρίζετο,
1241 4104 1314 4170 μή
1349 4119 1478 4154 ποτε
1507 4102 1732 4168 ⁵φθάσαι
1784 4106 1884 4171 τὴν

309 4197 646 4264 ὡρισμένην,
699 4195 748 4246 εί
803 4196 903 4265 τὴν
951 4196 1076 4248 νέαν
1129 4196 1472 4264 καλουμένην
1504 4197 1790 4265 Κυριακὴν
1832 4198 1881 4249 oi

314 4286 446 4350 stt-:91
499 4284 660 4335 αὑτὸν
695 4285 799 4336 ἀνὰ
841 4285 966 4346 τοὺς
1005 4285 1241 4348 οἰκείους
1276 4287 1583 4338 διετέλεσαν
1635 4286 1878 4355 θρόνους.

320 4371 409 4432 ”Ω;
438 4372 492 4422 δὲ
538 4374 674 4439 μετὰ
715 4373 814 4440 τὴν
846 4371 1187 4440 προθεσμίαν
1216 4373 1306 4424 κα)⁸
1331 4362 1534 4442 η’μέραι
1557 4374 1883 4428 διίππευσαν

311 4463 731 4528 πεντεκαίδεκα,
766 4465 859 4514 καὶ
881 4464 930 4514 οί
953 4467 1082 4533 περὶ
1107 4465 1201 4516 τὸν
1244 4465 1572 4534 Ἀντιοχείας
1593 4470 1692 4517 οὑκ
1719 4466 1884 4536 ἔφθη-

1985 3273 2166 3325 dedita
2196 3273 2286 3325 ille
2316 3289 2484 3340 opera
2518 3288 2785 3335 moratus,
2826 3276 2989 3328 sicuti
3032 3290 3091 3332 se
3130 3275 3382 3344 pluribus
3419 3291 3543 3328 ver-

1984 3364 2069 3417 bis
2102 3364 2383 3417 excusavit
2415 3381 2428 3414 :
2457 3364 2551 3418 sed
2605 3365 2754 3432 quod
2811 3374 2919 3417 tam
2967 3365 3227 3418 celeriter
3268 3367 3561 3434 episcOpos

1984 3455 2077 3522 qui
2113 3454 2216 3507 sub
2245 3469 2311 3507 eo
2341 3465 2547 3515 essent,
2582 3470 2779 3524 cogere
2810 3471 2916 3508 non
2965 3456 3162 3524 potuit.
3201 3456 3370 3526 Magis
3409 3459 3554 3509 enim

1984 3545 2230 3598 locorum
2267 3545 2573 3600 intervallis
2600 3545 2832 3600 ditionis
2859 3546 2980 3614 ejus
3013 3547 3181 3600 urbes
3220 3546 3449 3610 distant,
3485 3548 3556 3600 ab

1984 3653 2048 3690 ea
2077 3652 2197 3704 quae
2227 3637 2358 3690 olim
2411 3637 2634 3706 quidem
2691 3638 2980 3692 Antiochia
3027 3639 3126 3707 (l),
3178 3654 3325 3693 nunc
3372 3651 3556 3694 autem

1984 3729 2284 3797 Theopolis
2315 3731 2460 3783 dicta
2490 3739 2598 3784 est.
2632 3729 2930 3785 Duodecim
2958 3746 3194 3800 namque
3226 3732 3440 3785 dierum
3473 3732 3560 3785 iti-

1986 3836 2136 3883 nere,
2171 3831 2226 3873 et
2253 3821 2438 3888 aliquo
2483 3834 2748 3890 praeterea
2782 3824 3000 3892 exiguo,
3040 3823 3248 3876 homini
3300 3825 3558 3893 expedito

1984 3923 2040 3965 et
2090 3912 2372 3964 succincto
2421 3913 2637 3966 absunt.
2671 3913 2824 3965 -Τυιη
2870 3924 3050 3967 autem
3093 3914 3385 3968 Antiochia
3441 3917 3558 3983 ipsa

1987 4004 2202 4071 Epheso
2237 4005 2460 4073 triginta
2492 4005 2705 4058 dierum
2743 4006 2829 4059 via
2855 3997 3092 4060 maxime
3121 4009 3305 4061 distat.
3342 4007 3558 4061 Confir-

1988 4098 2158 4148 inavit
2191 4096 2281 4148 ille
2309 4098 2498 4163 etiam,
2538 4098 2602 4151 ad
2636 4098 2982 4165 designatum
3017 4115 3074 4151 se
3109 4115 3220 4152 non
3261 4110 3558 4152 venturqu

1987 4187 2158 4241 fuisse
2210 4188 2377 4251 diem,
2435 4190 2480 4241 si
2541 4205 2681 4243 novo
2728 4191 2822 4257 qui
2881 4191 3085 4243 dicitur
3127 4190 3415 4246 Dominico
3471 4193 3559 4246 die

1985 4279 2206 4348 collegze
2253 4281 2337 4332 sui
2381 4281 2435 4333 in
2483 4282 2706 4336 sedibus
2745 4283 2863 4335 suis
2910 4298 3030 4336 esse
3078 4295 3555 4351 perseverassent.

1985 4371 2087 4426 Ubi
2119 4387 2249 4425 vero
2297 4380 2418 4441 post
2467 4372 2615 4426 diem
2659 4375 3023 4428 constitutum
3075 4375 3192 4428 dies
3237 4375 3557 4442 quindecim

1986 4463 2323 4531 praeteriere,
2377 4475 2434 4516 et
2473 4463 2853 4519 Antiochenus
2901 4466 3101 4533 prmsul
3157 4481 3265 4518 non
3313 4466 3555 4528 advenit,

313 4571 438 4614 σαν,
495 4553 706 4604 πολλῶν
749 4554 1066 4605 ἐπισκόπων
1113 4556 1284 4618 νόσοις
1325 4558 1421 4609 καὶ
1469 4557 1650 4619 ἄλλοις
1679 4560 1742 4627 δή
1774 4577 1882 4611 τισι
1917 4563 1991 4619 οῖ

1879 4599 1882 4609 .
1917 4563 1960 4619 ι)
1990 4554 2256 4623 multique
2286 4555 2528 4624 episcopi
2568 4556 2777 4609 morbis
2808 4566 2862 4609 et
2912 4556 3176 4609 a:ruinnis
3210 4556 3335 4610 aliis
3384 4560 3557 4625 pressi

311 4647 656 4714 πιεζομένων
702 4646 912 4709 δεινοῖς,
946 4647 1219 4710 άλίζονται
1248 4653 1398 4720 κοινῇ
1421 4650 1585 4721 ψήφῳ
1620 4655 1759 4704 κατὰ
1789 4652 1884 4722 τὴν

311 4740 569 4806 εἰκοστὴν
597 4738 695 4791 τοῦ
739 4739 960 4790 Ἰουνίου
1008 4739 1179 4807 μηνὸς
1227 4741 1520 4810 τριάκοντα
1567 4744 1660 4795 καὶ
1692 4745 1884 4797 ἑκατὸν

312 4835 627 4896 ἐπίσκοποι,
661 4831 771 4883 έτει
819 4832 917 4900 μὲν
949 4833 1058 4884 ἀπὸ
1089 4835 1321 4896 κτίσεως
1356 4835 1563 4903 κόσμου
1595 4853 1885 4888 πεντακισ-

313 4924 577 4994 χιλιοςτῴ
601 4922 1003 4991 ἐννακοσιοστῴ
1037 4925 1539 4994 πεντεκαιδεκάτῳ,
1571 4927 1676 4978 ἀπὸ
1704 4926 1760 4978 δὲ
1787 4927 1885 4993 τῆς

312 5018 577 5084 δευτέρας
636 5018 854 5070 συνόδου
909 5016 1028 5078 ένός
1081 5017 1234 5079 ἔτους
1285 5019 1382 5070 καὶ
1439 5019 1883 5085 τεσσαρακοστοῦ

314 5109 637 5169 διελθόντος·
711 5108 1073 5159 Ἰουδεναλίου
1132 5108 1398 5178 παρόντος
1451 5109 1544 5160 καὶ
1593 5109 1685 5161 τοῦ
1741 5110 1884 5161 θείου

321 5195 622 5265 Κυρίλλου,
654 5195 750 5247 καὶ
775 5197 866 5248 τὸν
894 5196 1052 5246 τόκον
1081 5196 1364 5264 ἐπέχοντος
1387 5213 1401 5225 ·
1438 5195 1758 5248 Κελεστίντιυ
1794 5195 1886 5247 τοῦ

317 5290 417 5358 τῆς
450 5288 830 5358 πρεσῦυτέρας
871 5288 1087 5358 Ῥώμης
1137 5291 1228 5340 τον
1277 5288 1483 5356 θρόνον,
1515 5287 1589 5349 ὡς
1647 5289 1885 5356 εἴρηται,

324 5379 780 5451 πρυτανεύοντος.
833 5382 942 5434 Καὶ
998 5381 1138 5432 κατὰ
1185 5361 1286 5449 μὲν
1317 5380 1414 5448 τὴν
1447 5380 1671 5447 πρώτην
1706 5380 1887 5447 παρῆν

324 5474 422 5526 καὶ⁵
452 5470 768 5538 Νεστόριος.
821 5473 928 5525 Καὶ
951 5487 954 5490 ’
981 5473 1101 5524 ἐπεὶ
1141 5473 1441 5522 ἁνεκινεῖτο
1474 5471 1532 5522 τό
1571 5470 1691 5522 κατ’
1727 5473 1888 5522 at.st

321 5565 565 5635 ζήτημα,
609 5564 874 5633 Κύριλλος
908 5564 936 5615 ό
975 5564 1071 5630 τῆς
1099 5562 1446 5632 Ἀλεξάνδρου
1473 5564 1735 5630 γενναίως
1763 5563 1889 5632 βάλ-

365 5700 472 5765 ρ(ι)
513 5699 858 5753 Justinianus
916 5697 1262 5752 Antiochiam
1325 5707 1446 5765 post
1514 5707 1885 5752 tcrrmmutuni

326 5781 692 5836 attsplt'atiore
730 5770 948 5821 nemine
983 5769 1303 5836 TheOpolini
1343 5769 1575 5820 vocavit.

396 5841 470 5908 t2,
509 5838 821 5894 Secundum
875 5851 1179 5892 neotericos
1227 5839 1399 5903 HW,
1447 5840 1543 5903 qui
1579 5840 1632 5892 in
1665 5853 1886 5900 compu-

1989 4653 2138 4708 sunt,
2170 4645 2235 4698 de
2263 4646 2543 4699 communi
2568 4649 2841 4700 sententia
2872 4647 3140 4715 vigesimo
3175 4649 3380 4702 mensis
3404 4649 3557 4702 Junii

1988 4735 2078 4790 die
2129 4736 2374 4804 episcopi
2423 4739 2736 4807 congregati
2789 4752 2917 4791 sunt
2958 4740 3191 4793 circiter
3242 4752 3461 4794 centum
3501 4753 3560 4794 et

1991 4827 2245 4895 triginta,
2293 4846 2321 4880 a
2384 4829 2606 4882 condito
2669 4830 2874 4883 mundo
2923 4832 3218 4899 quinquies
3264 4832 3557 4886 millesimo

1989 4917 2465 4986 noningentesimo
2486 4920 2700 4973 decimo
2728 4921 2919 4988 quinto
2947 4922 3224 4991 (‘2);513
3254 4938 3282 4976 a
3314 4925 3557 4977 secunda

1989 5019 2170 5063 autem
2198 5011 2406 5079 synodo
2435 5013 2857 5082 quadragesimo
2879 5023 2935 5067 et
2961 5030 3070 5067 uno
3097 5030 3262 5078 anno,
3287 5025 3557 5083 praesente

1987 5101 2238 5155 Juvenali
2273 5112 2327 5154 et
2371 5104 2556 5156 divino
2608 5103 2836 5173 Cyrillo,
2873 5106 2965 5171 qui
3029 5105 3313 5162 (Zmlestini
3374 5109 3556 5162 locum

1993 5195 2187 5257 tenuit,
2213 5196 2461 5249 seniores
2493 5196 2678 5249 Romae
2724 5196 3096 5267 (utdiximus)
3141 5201 3407 5270 episcopi.
3459 5202 3558 5255 Die

1992 5285 2172 5352 primo
2208 5284 2494 5338 Ncstorius
2522 5286 2687 5338 etiam
2725 5298 2923 5354 praesto
2956 5287 3081 5341 fuit.
3134 5292 3310 5357 Atque
3361 5289 3452 5343 ubi
3487 5291 3557 5343 de

1990 5377 2294 5446 quarstionc
2324 5379 2444 5446 ejus
2465 5381 2548 5448 agi
2581 5390 2819 5446 emptum
2847 5391 2950 5442 est,
2983 5380 3216 5450 Cyrillus
3236 5381 3557 5434 Alexandri-

1992 5484 2095 5520 nus
2143 5468 2195 5519 in
2251 5471 2425 5535 prima
2468 5470 2787 5523 velitatione
2831 5470 3011 5539 jacula
3056 5471 3278 5524 fortiter
3318 5473 3556 5540 jaciens,

1989 5559 2303 5612 Nestorium
2357 5559 2654 5613 admodum
2709 5561 3057 5629 perstrinxit.
3133 5561 3330 5615 Hostili
3409 5567 3558 5617 cnim

1993 5703 2195 5756 talione
2241 5717 2503 5755 annorum
2541 5702 2796 5756 secunda:
2826 5713 2880 5756 et
2917 5703 3087 5758 tertia:
3134 5703 3344 5773 synodo
3382 5701 3559 5756 inter-

1991 5773 2298 5826 ccdmtium
2350 5789 2471 5826 cum
2522 5775 2622 5826 hac
2670 5788 2890 5841 quoque
2947 5775 3157 5827 ratione
3199 5791 3305 5827 nun
3357 5789 3593 5828 cunvc-~

1991 5847 2168 5896 munt.
