4250 6440
725 361 855 429 1171

1942 376 2367 448 NICEPHOBI
2402 384 2488 449 CA
2498 382 2744 453 LLISTI

3843 387 3979 460 1172

722 479 1044 548 jamdudum
1076 500 1205 557 erga
1238 504 1363 547 eum
1395 501 1513 546 erat
1539 492 1745 550 animo.
1779 496 1847 552 Et
1892 515 2018 554 cum
2070 500 2293 556 Christo

2332 511 2372 565 Α
2401 506 2511 560 λων
2549 510 2664 569 τοῖς
2699 508 3144 577 ἀκροϐολισμοῖς,
3176 508 3389 561 ἐκείνου
3444 498 3591 575 μάλα
3622 509 3938 578 καθήπτετο
3961 530 3975 544 ·

723 579 1008 634 sententiis
1033 582 1149 637 suis
1176 583 1521 640 divinitatem
1550 588 1704 643 multi
1731 590 2061 657 tribuerent,
2098 594 2295 645 unum~

723 685 830 737 que
863 680 919 725 et
948 673 1201 728 eumdem
1227 691 1347 731 esse
1378 678 1597 744 Filium,
1630 695 1693 734 ex
1724 681 1885 736 Patre
1914 682 2136 751 quidem
2168 692 2295 738 ante

725 763 923 816 saecula
978 765 1244 833 genitum,
1297 771 1565 825 extremis
1613 783 1795 827 autem
1848 777 2188 844 temporibus
2227 791 2294 829 ex

728 863 995 922 perpetua
1026 857 1251 929 Virgine
1310 862 1585 917 hominem
1629 864 1855 930 factum,
1906 882 2081 936 neque
2126 868 2292 923 alium

688 941 691 944 ⁴
723 955 888 1016 atque
911 948 1098 1013 alium,
1128 952 1223 1005 sed
1252 968 1418 1007 unum
1448 965 1611 1025 atque
1639 957 1920 1023 eumdem,
1945 970 2000 1013 et
2028 956 2293 1030 virginem

724 1040 951 1096 Mariam
990 1046 1211 1115 proprie
1255 1056 1308 1101 et
1335 1063 1458 1104 vere
1495 1050 1760 1105 Θεοτύκον
1810 1053 1907 1108 Dei
1956 1055 2293 1113 Genitricem

723 1133 1014 1190 dicendam
1063 1153 1184 1194 esse
1232 1152 1567 1209 assererent,
1600 1160 1890 1216 assurgens
1940 1148 2231 1206 Nestorius
2278 1169 2292 1206 :

729 1244 748 1279 ι
812 1226 946 1298 Ego,
976 1230 1195 1298 :inquit,
1230 1231 1546 1288 bimestrem
1584 1236 1822 1307 aliquem
1870 1250 1926 1295 ct
1962 1242 2293 1297 trimestrem

722 1316 893 1373 Deum
925 1334 1032 1375 non
1070 1322 1323 1378 dixerim.
1355 1325 1588 1382 Proinde
1623 1344 1793 1397 purus
1816 1344 1935 1385 sum
1966 1346 1997 1385 ε
2029 1334 2294 1403 sanguine

722 1420 927 1475 vestro,
958 1423 1014 1467 et
1035 1415 1270 1483 amplius
1298 1418 1363 1470 ad
1395 1434 1495 1473 vos
1527 1434 1634 1474 non
1660 1422 1896 1475 veniam.
1940 1442 1957 1474 ›
1986 1422 2081 1478 llis
2106 1425 2292 1479 verbis

725 1502 908 1563 dictis.
932 1519 1056 1559 cum
1088 1521 1181 1561 sex
1208 1509 1484 1579 episc0pis
1516 1526 1770 1582 egressus
1801 1526 1906 1580 est,
1949 1523 2003 1570 et
2030 1518 2295 1586 deinceps

725 1610 847 1650 cum
902 1597 1009 1653 illis
1065 1602 1361 1657 convenire
1410 1605 1606 1660 solitus
1659 1607 1763 1661 fuit
1821 1625 1836 1662 :
1891 1610 2011 1665 aliis
2074 1626 2295 1681 quoque

724 1692 1042 1761 assumptis,
1091 1694 1184 1763 qui
1232 1711 1454 1764 pravam
1511 1697 1634 1766 ejus
1685 1699 1843 1755 ﬁdem
1896 1703 2290 1771 sequebantur.

724 1785 804 1837 Ita
841 1786 1081 1854 synodus
1127 1787 1391 1858 deinceps
1446 1789 1501 1844 in
1559 1802 1748 1859 partes
1794 1794 1930 1847 duas
1968 1796 2143 1849 divisa
2184 1808 2289 1850 est.

724 1878 983 1946 Cyrillus,
1028 1888 1084 1933 et
1126 1882 1219 1949 qui
1254 1895 1377 1937 cum
1414 1897 1477 1938 eo
1513 1894 1690 1949 erant,
1745 1887 2009 1954 postridie
2056 1890 2292 1944 concilio

724 1980 937 2034 coacto,
961 1980 1019 2027 ut
1048 1988 1165 2028 mos
1194 1986 1294 2035 est,
1327 1975 1501 2029 tribus
1525 1977 1795 2046 episcopis
1830 1979 2034 2044 missis,
2089 1980 2291 2035 Nesto-

726 2064 869 2116 rium
915 2076 977 2118 ut
1030 2064 1087 2119 in
1135 2075 1466 2121 conventum
1518 2068 1731 2124 veniret
1783 2071 2043 2126 citurunt.
2086 2072 2181 2127 Ille
2238 2073 2291 2127 id

726 2155 1058 2225 contempsit
1090 2164 1145 2211 et
1187 2158 1617 2230 haudquaquam
1657 2164 1990 2232 comparuit,
2023 2164 2310 2234 synodum-

726 2246 783 2299 in
819 2248 1145 2303 Antiocheni
1214 2252 1459 2320 episcopi
1548 2254 1841 2308 adventum
1892 2256 2175 2313 diﬁcrens.
2224 2258 2293 2313 Ut

728 2350 911 2393 autem
944 2340 1036 2394 ille
1070 2341 1269 2396 iterum
1300 2352 1465 2412 atque
1498 2348 1661 2401 tertio
1692 2357 1937 2411 vocatus,
1968 2364 2291 2418 responsum

727 2428 966 2492 nullum,
1023 2445 1133 2497 quo
1180 2446 1237 2485 se
1295 2432 1637 2499 defenderet,
1696 2437 1865 2501 dedit,
1918 2448 1974 2491 et
2029 2441 2293 2494 conviciis

726 2531 891 2589 atque
927 2522 1278 2578 contumeliis
1310 2540 1404 2579 eos
1435 2526 1525 2593 qui
1555 2528 1619 2580 ad
1651 2544 1709 2581 sc
1747 2530 1896 2583 missi
1936 2540 2095 2586 erant
2133 2533 2295 2586 remi-

727 2615 800 2667 sit
833 2628 848 2666 :
889 2612 1345 2683 synodus-sancta
1380 2626 1747 2674 trecentorum
1780 2622 1995 2677 illorum
2019 2634 2072 2677 et
2104 2626 2290 2679 decem

731 2715 857 2757 octo
887 2704 1198 2759 divinorum
1232 2707 1459 2762 Patrum
1490 2710 1796 2779 symbolum
1841 2714 1897 2767 in
1940 2715 2201 2775 medium.
2237 2726 2293 2771 et

728 2796 917 2865 Cyrilli
960 2805 1126 2866 atque
1181 2798 1446 2865 Nestorii,
1502 2817 1639 2871 quas
1699 2804 1855 2858 ultro
1921 2806 2170 2875 citroque
2225 2809 2293 2861 de

728 2891 982 2955 dogmate
1006 2888 1271 2943 dederant
1295 2891 1525 2958 litteras,
1555 2908 1764 2948 sacram
1793 2895 1920 2949 item
1948 2897 2093 2951 illam
2117 2898 2295 2953 Caele-

729 2979 861 3034 stini
895 2980 963 3034 ad
996 2981 1174 3049 ipsum
1208 2980 1520 3037 NeStorium
1553 2986 1813 3053 scriptam
1846 2987 2133 3055 epistolam
2169 3005 2295 3058 pro-

726 3074 873 3128 tulit.
906 3076 1083 3143 Atque
1119 3075 1210 3129 ubi
1252 3075 1573 3131 Theodotus
1625 3079 1944 3148 Ancyranus
1990 3089 2045 3133 et
2092 3079 2293 3134 Meliti-

729 3164 919 3218 nensis
971 3162 1205 3218 Aeacius
1259 3165 1574 3233 blasphema
1626 3167 1745 3236 ejus
1804 3168 1966 3221 verba
2003 3210 2016 3233 ,
2089 3168 2294 3237 quibus

731 3266 919 3325 aperte
961 3257 1163 3325 Ephesi
1230 3259 1419 3313 multis
1475 3260 1841 3327 presentibus
1894 3276 2027 3315 usus
2089 3260 2288 3323 fuerat,

733 3350 1075 3410 indicavere,
1124 3357 1180 3403 et
1242 3351 1425 3405 multae
1479 3352 1806 3405 eximiorum
1858 3361 1915 3407 et
1975 3363 2291 3407 sanctorum

731 3440 981 3495 virorum
1041 3454 1202 3495 voces
1242 3440 1464 3505 auditae,
1513 3442 1850 3511 insupcrque
1901 3443 2006 3497 alia
2055 3443 2294 3498 Nestorii

732 3533 899 3600 impie
927 3532 1067 3587 dicta
1095 3540 1352 3601 congesta
1385 3542 1533 3596 sunt,
1579 3534 1805 3602 impium
1848 3534 2002 3589 illum
2035 3548 2297 3591 exaucto-

730 3624 890 3687 ravit,
929 3616 1195 3677 sententia
1224 3623 1374 3678 hisce
1404 3623 1589 3678 verbis
1614 3634 1909 3693 concepta:
1946 3625 2105 3697 514
2131 3628 2294 3682 «Cum

732 3724 933 3785 prreter
978 3714 1084 3769 alia
1154 3714 1654 3769 reverendissimus
1724 3715 2053 3779 Nestorius,
2114 3730 2295 3785 neque

730 3805 1005 3861 vocationi
1050 3814 1250 3860 nostrae
1281 3804 1513 3859 audiens
1559 3820 1682 3860 esse
1721 3807 1979 3870 voluerit,
2029 3821 2211 3875 neque
2265 3821 2295 3860 a

733 3897 894 3953 nobis
931 3897 1131 3952 missos
1174 3897 1551 3951 sanctissimos
1581 3906 1636 3951 et
1686 3896 1963 3965 piissimos
2003 3898 2296 3967 episcopos

734 3989 1042 4053 admiserit,
1074 3988 1385 4042 necessario
1410 4002 1474 4043 eo
1499 3989 1903 4053 descendimus,
1933 3996 1991 4041 ut
2017 3990 2084 4043 de
2108 3989 2299 4056 impie-

734 4091 847 4136 tate
877 4081 995 4151 ejus
1025 4079 1453 4149 inquireremns.
1508 4080 1573 4133 Et
1603 4080 1859 4145 quoniam
1891 4094 2015 4134 cum
2054 4095 2122 4134 ex
2178 4079 2297 4147 epi-

732 4175 889 4229 stolis
916 4182 971 4229 et
1001 4173 1223 4242 scriptis
1255 4177 1395 4241 ejus,
1429 4187 1549 4241 qua:
1576 4172 1713 4225 lecta
1738 4172 1898 4225 etiam
1925 4180 2052 4226 sunt
2084 4188 2097 4223 :
2132 4181 2297 4241 atque

736 4268 866 4320 item
900 4279 967 4318 ex
986 4263 1193 4326 verbis,
1225 4263 1428 4331 quibus
1452 4263 1509 4316 in
1535 4263 1954 4329 metropolitana
2014 4262 2118 4317 hac
2164 4263 2298 4317 urbe

736 4373 867 4413 usus
895 4363 979 4411 est
1005 4374 1018 4410 :
1048 4365 1162 4410 tum
1194 4371 1259 4409 ex
1291 4354 1513 4409 testium
1545 4353 1728 4418 dictis,
1759 4353 1923 4422 impie
1946 4369 2071 4408 eum
2091 4363 2145 4407 et
2171 4367 2298 4408 sen-

735 4451 839 4503 tire
876 4457 934 4503 et
967 4447 1167 4502 docere
1202 4444 1671 4515 deprehendimus
1708 4462 1722 4497 :
1772 4446 2098 4499 necessitate
2134 4445 2296 4500 nobis

2399 601 2493 652 καὶ
2514 600 2623 668 γὰρ
2647 599 2901 670 ἀπεχθῶς
2926 601 3061 671 πρὸς
3082 602 3247 655 αὑτὸν
3273 604 3334 655 ἐκ
3367 601 3564 655 πολλοῦ
3595 598 3729 671 εἶχε.
3761 601 3982 656 Πολλῶν

2398 690 2455 743 δὲ
2485 691 2574 744 τὸν
2600 692 2837 761 Χριστὸν
2867 690 3286 761 θεολογούντων,
3323 694 3420 746 καὶ
3451 693 3547 746 ἕνα
3575 694 3667 745 καὶ
3695 693 3790 745 τὸν
3816 692 3980 744 αὑτὸν

2398 779 2539 836 εἶναι
2576 783 2724 847 Υίδν,
2758 784 2849 837 τὸν
2885 787 2949 837 ἐκ
2972 785 3185 854 Πατρὸς
3210 786 3311 855 μὲν
3335 786 3442 855 πρὸ
3468 786 3683 838 αίώνων
3710 786 3979 855 πρότερον

2398 874 2751 944 γεννηθέντα,
2777 876 2874 927 καὶ
2905 874 2993 928 ἐπ’
3023 876 3270 944 ἐσχάτων
3298 877 3353 929 δέ
3388 876 3495 928 τῶν
3523 878 3757 946 χρόνων,
3788 878 3852 928 ἐκ
3876 877 3976 944 τῆς

2410 965 2803 1035 Ἀειπαρθένου
2843 965 3138 1035 γενόμενον
3188 966 3499 1037 ἄνθρωπον,
3556 968 3651 1020 καί¹
3682 969 3782 1019 οὐκ
3812 966 3976 1019 ἄλλον

2397 1058 2494 1110 καὶ
2520 1057 2699 1123 ἄλλον,
2745 1059 2836 1110 καὶ
2894 1057 3163 1111 Θεοτόκον
3210 1059 3420 1128 κυρίως
3463 1060 3559 1111 καὶ
3613 1059 3828 1128 ἀληθῶς
3878 1058 3978 1127 τὴν

2399 1148 2671 1219 παρθένον
2716 1142 2939 1219 Μαρίαν
2975 1150 3441 1219 ἀποφηναμένων,
3485 1147 3679 1219 παρὼν
3715 1150 3744 1202 ό
3772 1149 3979 1203 Νεστό-

2400 1257 2541 1309 ριος,
2586 1259 2607 1292 r
2650 1240 2810 1309 Ἐγὼ,
2846 1241 3004 1310 φησὶ,
3057 1241 3149 1295 τὸν
3190 1242 3487 1311 γενόμενον
3518 1242 3831 1311 διμηνιαῑον
3876 1241 3975 1295 καὶ

2397 1335 2740 1403 τριμηνιαῖον
2776 1332 2876 1386 οὐκ
2906 1334 2971 1386 ἂν
3000 1332 3134 1386 Θεὸν
3170 1333 3535 1403 ὀνομάσαιμι·
3567 1336 3668 1387 καὶ
3696 1334 3782 1386 διὰ
3811 1334 3976 1385 τοῦτο

2398 1423 2638 1493 καθαρός
2669 1426 2785 1491 εἰμι
2837 1424 2945 1477 ἀπὸ
2976 1423 3070 1477 τοῦ
3101 1424 3333 1493 αἵματος
3371 1425 3563 1494 ὑμῶν’
3600 1428 3695 1479 καὶ
3730 1427 3835 1478 ἀπὸ
3873 1423 3971 1476 τοῦ

2399 1514 2493 1567 νῦν
2532 1515 2668 1586 πρὸς
2702 1517 2846 1585 ὑμᾶς
2878 1517 2978 1569 οὐκ
3007 1518 3320 1585 ἐλεύσομαι.
3361 1536 3381 1569 ι
3419 1517 3584 1570 Ταῦτ’
3612 1518 3801 1580 εἰπὼν,
3834 1520 3973 1585 μετὰ

2398 1609 2455 1674 ἓξ
2496 1610 2810 1663 ἐπισκόπων
2866 1608 3082 1676 ἐξῆλθε,
3128 1611 3222 1662 καὶ
3260 1610 3355 1662 τοῦ
3408 1608 3599 1663 λοιποῦ
3637 1608 3755 1678 μετ’
3788 1609 3972 1663 αὐτῶν

2399 1701 2806 1771 συνηθροίζετο,
2840 1704 2933 1755 καὶ
2971 1701 3165 1763 ἄλλους
3218 1702 3607 1772 προσειληφὼς
3648 1704 3714 1771 τῇ
3758 1703 3970 1755 ἐκείνου

2398 1794 2730 1864 κακοπιστίᾳ
2787 1795 3181 1863 ἐφεπομένους.
3250 1796 3361 1849 Καὶ
3426 1795 3553 1863 διχῆ
3591 1793 3652 1846 τὸ
3704 1794 3890 1847 λοιπὸν
3937 1794 3971 1862 ή

2325 1873 2363 1927 Β
2397 1886 2611 1949 σύνοδος
2643 1886 2897 1956 διῃρείτο.
2934 1888 2994 1939 Οἱ
3024 1886 3079 1938 δὲ
3109 1886 3236 1955 περὶ
3270 1886 3541 1955 Κύριλλον
3583 1889 3649 1955 τῇ
3681 1886 3809 1952 ἐξῆς
3842 1903 3970 1936 συν·

2399 1980 2576 2049 έδριον
2628 1977 3013 2046 ποιησάμενοι,
3048 1976 3121 2039 ὡς
3148 1977 3292 2041 ιθος,
3329 1980 3478 2047 τρεῖς
3512 1978 3621 2029 τῶν
3653 1976 3971 2030 ἐπισκόπων

2394 2069 2853 2139 διαπεμψάμενοι,
2904 2068 3325 2137 μετεστέλλοντο
3376 2068 3674 2135 Νεστόριον
3724 2069 3804 2128 εἰς
3868 2068 3970 2134 τὴν

2398 2162 2615 2215 σύνοδον
2664 2162 2934 2230 ἀπαντᾷν.
2972 2161 3040 2212 '0
3068 2160 3125 2213 δὲ
3157 2157 3533 2228 κατωλιγὼρει
3580 2160 3672 2211 καὶ
3714 2158 3969 2226 οὐδαμῶς

2396 2253 2745 2322 παρεγίνετο,
2802 2251 3150 2321 μετεωρίζων
3192 2250 3292 2320 τὴν
3339 2250 3560 2303 σύνοδον
3615 2251 3695 2312 είς
3742 2251 3849 2319 τὴν
3870 2250 3974 2301 τοῦ

2407 2346 2737 2416 Ἀντιοχείας
2766 2343 2925 2413 δῆθεν
2949 2345 3252 2398 ἐπέλευσιν.
3290 2343 3374 2405 Ὠς
3412 2343 3469 2396 δὲ
3497 2345 3589 2397 καὶ
3617 2344 3697 2405 δὶς
3728 2345 3821 2395 καὶ
3847 2343 3968 2412 τρὶς

2395 2436 2639 2507 κληθεὶς,
2671 2436 2825 2489 οὐδὲν
2881 2437 2977 2505 μὲν
3010 2437 3148 2505 πρὸς
3196 2435 3495 2502 ἀπολογίαν
3541 2434 3736 2498 ἐδίδου,
3776 2434 3966 2504 σκώμ-

2399 2548 2534 2600 μασι
2573 2531 2629 2583 es
2654 2532 2749 2583 καλ⁵
2783 2532 3029 2600 ἀτιμίαις
3064 2531 3157 2582 κα¹ι
3187 2532 3311 2592 τοὺς
3341 2529 3745 2591 ἀποσταλέντας
3791 2528 3969 2580 ὀπίσω

2394 2625 2745 2691 ἀνέπεμπεν⁹
2776 2626 2808 2693 ὴ
2858 2624 2991 2690 ἁγία
3037 2622 3255 2685 σύνοδος
3286 2624 3346 2674 τὸ
3377 2622 3486 2674 τῶν
3516 2621 3848 2687 τριακοσίων
3879 2620 3970 2672 δεο

2395 2713 2615 2767 καοκτὼ
2639 2714 2915 2784 θεοφὸρων
2972 2715 3229 2781 Πατέρων
3280 2712 3549 2781 σύμϐολον
3600 2712 3845 2780 προῆγεν
3887 2714 3969 2772 εἰς

2397 2807 2583 2877 μέσον,
2617 2807 2708 2858 καὶ
2735 2807 2831 2867 τὰς
2857 2807 3142 2867 ἐπιστολὰς
3160 2805 3432 2874 Κυρίλλου
3459 2807 3551 2857 καὶ
3580 2806 3878 2873 Νεστορίου
3902 2805 3969 2864 ἃς

2398 2895 2646 2964 ἀλλήλοις
2673 2912 2738 2947 πε
2750 2897 2801 2964 pl
2827 2894 2920 2946 τοῦ
2945 2894 3214 2963 δόγματος
3249 2895 3617 2964 διεπέμποντο
3637 2910 3650 2924 ·
3684 2896 3763 2945 ἔτι
3788 2893 3845 2944 δὲ
3875 2892 3970 2943 καὶ

2395 2990 2496 3059 τὴν
2543 2988 2693 3057 ἱερὰν
2747 2988 2963 3057 ἐκείνην
2990 2987 3084 3040 τοῦ
3122 2987 3448 3039 Κελεστίνου
3504 2986 3796 3054 ἐπιστολὴν
3831 2985 3969 3053 πρὸς

2397 3082 2559 3136 αὑτὸν
2594 3082 2913 3152 Νεστόριον.
2961 3079 3329 3133 Ἐπειπόντων
3377 3080 3433 3133 δὲ
3482 3078 3576 3131 τοῦ
3620 3095 3677 3130 τε
3711 3078 3968 3130 Θεοδότου

2410 3169 2680 3239 Ἀγκύρας
2705 3170 2798 3222 καὶ
2830 3168 2923 3221 τοῦ
2950 3172 3046 3236 τῆς
3075 3169 3366 3237 Μελιτινῆς
3410 3169 3667 3221 Ἀκακίου
3698 3171 3789 3219 καὶ
3822 3169 3971 3237 ἅπερ

2400 3261 2684 3329 παρρησία
2740 3261 2951 3313 πολλῶν
3000 3262 3091 3313 ἐπὶ
3123 3262 3219 3330 τῆς
3266 3260 3536 3329 Ἐφεσίων
3569 3260 3969 3326 ὲῢλασφήμησε

2398 3352 2809 3420 μητροπόλεως,
2844 3354 2938 3406 καὶ
2969 3354 3171 3423 ἐτέρων
3200 3352 3256 3405 δέ
3293 3354 3505 3407 πολλῶν
3533 3354 3743 3422 ῥήσεων
3777 3354 3973 3419 ἐκκρί-

2395 3460 2503 3496 των
2543 3444 2715 3508 ἁγίων
2744 3444 3106 3513 ύφανθεισῶν,
3143 3448 3231 3499 ναὶ
3263 3447 3369 3515 μὴν
3425 3449 3518 3498 καὶ
3552 3445 3729 3498 ἄλλων
3762 3448 3826 3499 ἐκ
3861 3448 3972 3499 τῶν

2396 3535 2695 3605 Νεστορίου
2732 3535 3097 3606 βλασφημιῶν
3157 3538 3643 3607 ἐπισωρευθέντων
3678 3538 3972 3605 ῥημάτων,

2397 3625 2429 3695 ἡ
2464 3624 2583 3678 θεία
2633 3626 2851 3687 σύνοδος
2890 3626 3109 3678 καθεῖλε
3144 3626 3237 3677 τὸν
3294 3626 3552 3694 δυσσεϐῆ,
3598 3624 3725 3677 τάδε
3754 3624 3976 3687 λέξεσιν

2398 3718 2588 3779 αὐταῖς
2618 3718 2738 3770 κατ’
2772 3716 2937 3769 αὐτοῦ
2996 3716 3349 3786 ἀποφήνασαο
3397 3734 3414 3766 ι
3449 3716 3591 3783 Πρὸς
3634 3718 3746 3776 τοῖς
3786 3714 3977 3776 ἄλλοις

2400 3813 2539 3882 μήτε
2573 3809 2882 3863 ὑπακοῦσαι
2915 3808 3269 3877 βουληθέντος
3289 3808 3383 3860 τοῦ
3410 3808 3742 3875 τιμιωτάτου
3766 3806 3979 3858 Νεστο-

2400 3903 2517 3973 ρίου
2564 3902 2631 3969 τῇ
2662 3899 2819 3969 ἡμῶν
2871 3899 3083 3966 κλήσει,
3121 3899 3255 3967 μήτε
3312 3899 3419 3966 μὴν
3460 3901 3586 3959 τοὶς
3641 3897 3774 3967 παρ’
3809 3896 3976 3965 ἡμῶν

2397 3988 2803 4050 ἀποσταλέντας
2848 3987 3190 4053 ἀγιωτάτους
3224 3986 3320 4039 καὶ
3353 3986 3804 4047 θεοσεὸεστάτους
3846 3988 3975 4038 ἐπι-

2399 4078 2634 4139 σκόπους
2663 4075 3125 4146 προσδεξαμένου,
3143 4075 3459 4141 ἀναγκαίως
3487 4077 3852 4145 ἐχωρήσαμεν
3877 4076 3975 4126 ἐπὶ

2396 4169 2495 4239 τὴν
2526 4168 2775 4233 ἐξέτασιν
2808 4169 2918 4221 τῶν
2947 4167 3390 4237 δυσσεὸηθέντων
3440 4169 3591 4238 αὐτῷ
3612 4184 3626 4200 ’
3653 4170 3747 4219 καὶ
3784 4170 3978 4235 φωρά-

2400 4279 2590 4323 σαντες
2631 4262 2794 4315 αὑτὸν
2828 4260 2891 4314 ἐκ
2942 4278 3001 4315 τε
3029 4260 3137 4312 τῶν
3194 4260 3494 4313 ἐπιστολῶν
3521 4260 3686 4314 αὐτοῦ
3739 4260 3975 4312 καὶτῶν

2402 4352 2854 4423 συγγραμμάτων
2910 4352 3020 4405 τῶν
3077 4351 3169 4404 καὶ⁵
3222 4352 3702 4420 ἀναγνωσθέντων,
3765 4354 3831 4403 ἐκ
3864 4352 3975 4403 τῶν

2397 4444 2599 4513 ἀρτίως
2629 4445 2759 4514 παρ’
2781 4441 2946 4496 αὐτοῦ
2978 4442 3253 4513 ῥηθέντων
3284 4445 3423 4496 κατά
3458 4445 3615 4514 τήνδε
3638 4444 3737 4510 τὴν
3768 4447 3977 4513 μητρό-

733 4559 760 4594 a
800 4541 1149 4605 canonibus,
1209 4547 1264 4594 et
1321 4538 1655 4595 sanctissimi
1723 4538 1899 4592 Patris
1964 4538 2293 4606 collegaeque

2327 4538 2371 4593 D
2400 4537 2575 4601 πολιν,
2603 4537 2695 4588 καὶ
2725 4537 2861 4606 πρὸς
2914 4536 3375 4606 μαρτυρηθέντων
3403 4534 3680 4598 δυσσεϐῶς
3714 4535 3979 4603 φρονοῦν-

730 4634 904 4687 nostri
945 4632 1177 4686 Romani
1211 4632 1470 4686 Ecclesiae
1507 4629 1751 4699 episcopi
1806 4628 2060 4698 epistola,
2117 4629 2294 4698 impo-

735 4726 860 4791 sita,
892 4725 985 4781 diu
1009 4724 1352 4793 multumque
1384 4723 1767 4793 lacrymantes,
1796 4721 1862 4775 ad
1898 4723 2106 4775 tristem
2149 4721 2289 4775 hanc

736 4819 1087 4888 pervenimus
1122 4817 1468 4872 sententiam.
1499 4816 1602 4881 Qui
1646 4814 1812 4885 igitur
1839 4813 1908 4867 ab
1937 4828 2003 4867 eo
2036 4812 2291 4881 blasphe-

733 4912 860 4966 miis
892 4912 1164 4980 expetitus
1189 4920 1293 4973 est,
1322 4909 1589 4963 Dominus
1618 4915 1806 4968 noster
1832 4905 1990 4960 Jesus
2018 4903 2292 4969 Christus,

734 5018 831 5073 per
861 5012 1185 5073 praesentem
1212 5013 1458 5058 sanctam
1491 5002 1758 5072 synodum
1791 5001 2056 5067 decrevit,
2092 4998 2293 5053 Nesto-

737 5095 876 5150 rium
904 5111 934 5150 a
962 5096 1223 5165 dignitate
1254 5095 1577 5165 episcopali,
1598 5105 1655 5151 et
1677 5094 2002 5150 sacerdotali
2023 5099 2298 5149 conventu

736 5191 882 5242 omni
913 5205 1033 5244 esse
1064 5190 1323 5243 alienum.
1360 5207 1378 5239 ι

2400 4647 2471 4683 τα
2501 4630 2594 4682 καὶ
2640 4629 3006 4698 κηρύττοντα,
3041 4630 3357 4696 ἀναγκαίως
3384 4628 3840 4696 κατεπειχθέντες
3866 4629 3977 4679 ὀ.πό

2400 4741 2459 4776 τε
2490 4723 2597 4776 τῶν
2626 4724 2888 4787 κανόνων,
2919 4724 3013 4775 καὶ
3040 4722 3139 4790 τῆς
3187 4721 3481 4790 ἐπιστολῆς
3528 4720 3623 4773 τοῦ
3657 4720 3975 4786 ἁγιωτάτου

2400 4817 2615 4887 Πατρὸς
2644 4816 2804 4886 ἡμῶν
2836 4816 2930 4873 καὶ
2962 4815 3379 4882 συλλειτουργοῦ
3410 4813 3505 4867 τοῦ
3536 4815 3841 4867 ἐπισκόπου
3868 4815 3980 4881 τῆς

2416 4908 2705 4977 Ῥωμαίων
2743 4906 3092 4978 Ἐκκλησίας,
3143 4908 3513 4975 δακρύσαντες
3561 4905 3847 4967 πολλάκις,
3877 4906 3980 4957 ἐπὶ

2402 5006 2609 5071 ταύτην
2633 5003 2732 5072 τὴν
2765 5001 3097 5072 σκυθρωπὴν
3145 5002 3510 5071 ἐχωρήσαμεν
3564 5000 3864 5067 ἀπόφασιν.
3912 4999 3980 5052 ’0

2407 5094 2826 5165 βλασφημηθεὶς
2854 5095 3033 5146 τοίνυν
3066 5094 3193 5163 παρ’
3234 5094 3399 5147 αὑτοῦ
3442 5092 3645 5162 Κύριος
3674 5091 3833 5160 ἡμῶν
3871 5089 3983 5157 ’1η-

2410 5182 2537 5245 σοῦς
2567 5184 2799 5254 Χριστὸς
2828 5182 2996 5254 ὥρισε
3040 5182 3127 5235 διά
3152 5183 3249 5252 τῆς
3288 5182 3575 5252 παρούσης
3620 5182 3782 5249 ἁγίας
3815 5182 3980 5233 συνό-

736 5289 825 5339 δου
859 5288 1139 5359 ἀλλότριον
1168 5283 1421 5343 εἷναιτδν
1459 5288 1623 5341 αὑτὸν
1653 5282 1943 5356 Νιστόριον
1972 5283 2063 5338 τοῦ
2128 5299 2189 5336 τε
2256 5280 2619 5335 ἐπισκοπικοῦ
2678 5280 2995 5350 ἀξιώματος
3065 5279 3159 5333 καὶ
3189 5278 3389 5342 παντὸς
3435 5279 3694 5348 συλλόγου
3763 5281 3981 5350 ἱερατι-

736 5380 851 5433 κοῦ.
889 5398 908 5432 ι
