4250 6440
704 237 841 302 1175

1929 257 1978 318 Ν
1990 258 2345 319 ICEPIIORI
2381 261 2721 325 CALIJSTI

3808 260 3949 327 1176

699 351 905 416 tirent,
955 365 1066 409 tum
1124 345 1354 427 uterque
1407 359 1574 415 latam
1628 363 1897 420 adversus
1953 368 2268 423 Nestorium
2302 375 2377 428 At

2265 391 2268 422 l
2302 375 2345 428 Α
2374 375 2428 427 δὲ
2463 378 2622 441 γνοὺς
2672 376 2772 446 τὴν
2819 375 3106 428 κοινωνίαν
3146 376 3227 436 είς
3265 374 3601 444 φιλονεικίαν
3636 374 3943 442 προϐάδην,

695 450 1163 504 ελσιιοιοναιίοηίε
1203 453 1530 507 sententiam
1557 457 1927 520 conﬁrmaret.
1960 469 2015 513 et
2037 460 2266 514 dissidio

695 537 843 591 omni
877 540 1136 594 ecclesias
1185 542 1280 596 Dei
1324 543 1607 601 liberaret.
1642 549 1812 603 Porro
1848 551 2137 606 Nestorius
2173 554 2261 607 ubi

694 632 1138 687 communionem
1162 678 1176 701 ,
1226 652 1346 704 qua:
1373 637 1476 691 sibi
1506 622 1636 693 cum
1675 640 1886 697 Joanne
1920 645 2266 701 Antiocheno

695 724 1107 786 intercesserat,
1160 728 1213 781 in
1271 733 1686 786 contentionem
1719 743 1772 787 et
1817 736 2106 790 dissidium
2138 754 2266 793 eva-

690 817 828 871 sisse
853 821 1130 886 cognovit,
1153 822 1472 889 pmnitentia
1498 824 1715 890 ductus,
1737 826 1960 882 Mariam
1979 829 2264 894 Θεοτόκον,

693 909 786 961 Dei
831 909 1164 968 Genitrieem
1202 917 1420 970 vocavit
1446 919 1746 984 :__Dic.atur,
1786 921 2062 989 inquiens,
2095 925 2260 978 etiam

693 1002 788 1055 Dei
829 1002 1078 1058 Gcnitrix
1127 1008 1289 1060 Maria
1313 1051 1325 1073 ,
1359 1021 1410 1064 et
1441 1015 1823 1069 contentiones
1870 1017 2053 1070 tristes
2087 1019 2262 1071 faces-

692 1101 836 1147 sant.
891 1095 1086 1149 Verum
1121 1114 1280 1152 nemo
1313 1115 1537 1167 prorsus
1584 1104 1636 1156 id
1686 1121 1811 1159 eum
1861 1123 1957 1176 per
1995 1109 2265 1174 pmniten-

695 1184 830 1236 tiam
865 1184 1069 1240 dixisse
1114 1190 1417 1246 arbitratus
1457 1204 1560 1248 est.
1607 1197 1847 1253 Joannes
1882 1200 2262 1255 Antioclienus

691 1276 980 1346 cpiscopus
1014 1280 1283 1349 imperiali
1314 1285 1552 1351 jussioni
1584 1289 1802 1355 cedens,
1841 1291 2066 1344 Paulum
2106 1292 2265 1346 Eme-

692 1384 886 1421 senum
923 1372 1237 1442 episcopum
1283 1377 1670 1433 Alexandriam
1709 1381 1775 1434 ad
1823 1383 2085 1451 Cyrillum
2134 1399 2259 1437 cum

693 1460 881 1516 libello
917 1464 1086 1531 misit,
1124 1467 1178 1519 in
1214 1465 1323 1536 quo
1353 1485 1610 1538 germana
1652 1482 1705 1526 et
1731 1473 1945 1528 sincera
1981 1475 2103 1529 ﬁdei
2137 1491 2263 1545 pro-

692 1551 876 1617 fessio,
905 1571 1117 1611 necnon
1148 1560 1399 1614 amicitia:
1431 1565 1760 1630 conciliatio,
1791 1575 1846 1619 et
1873 1569 2259 1622 scandalorum

695 1662 789 1699 seu
838 1648 1291 1705 oﬂ‘endiculorum
1340 1656 1587 1708 amolitio
1633 1672 1890 1726 expressa
1934 1667 2034 1713 est.
2082 1659 2261 1714 Vene-

698 1740 904 1793 randus
942 1751 1124 1796 autem
1172 1745 1260 1798 ille
1306 1744 1542 1815 Cyrillus
1583 1748 1773 1803 libello
1817 1762 2062 1820 accepto,
2096 1763 2262 1822 atque

701 1833 1039 1900 professione
1071 1835 1193 1890 ﬁdei
1231 1838 1298 1890 ei.
1322 1838 1527 1893 inserta
1563 1843 1935 1909 comprobata,
1970 1855 2024 1898 et
2048 1854 2263 1900 veteres

694 1937 911 1978 sanctos
935 1925 1141 1992 Patres,
1171 1941 1227 1982 et
1249 1932 1489 1998 seipsum
1515 1932 1587 1985 ita
1612 1932 1845 1987 sensisse
1873 1937 2217 1990 conﬁrmavit
2245 1957 2258 2004 ;

693 2029 854 2086 atque
882 2019 1110 2086 cpistola
1146 2036 1209 2075 ea
1257 2023 1617 2078 vehementer
1643 2024 1887 2090 laudata,
1919 2025 2085 2097 516
2114 2029 2262 2082 hisce

693 2111 877 2164 verbis
895 2112 1089 2167 Joanni
1125 2116 1412 2184 rescripsit
1445 2136 1458 2172 :
1506 2136 1523 2168 ι
1547 2117 1820 2172 ισειεηιυι·
1849 2121 1994 2185 coeli,
2014 2122 2265 2175 etexsul-

695 2212 771 2256 tet
802 2212 966 2257 terra.
1001 2204 1249 2260 Dirutnm
1287 2208 1433 2261 enim
1471 2219 1554 2264 est
1591 2210 1948 2264 interstitium
1977 2214 2259 2267 maceriae:

692 2305 749 2349 et
791 2299 933 2365 quod
980 2312 1266 2352 maerorem
1321 2301 1481 2366 l'ecit,
1534 2303 1896 2371 conquievit:
1954 2305 2262 2374 modusque

693 2391 982 2445 discordia:
1023 2393 1200 2446 omnis
1260 2378 1509 2448 sublatus
1549 2404 1664 2460 est,
1707 2411 1772 2472 eo
1805 2397 1951 2465 quod
2003 2397 2261 2452 Servator

692 2483 938 2536 omnium
992 2494 1242 2537 nostrum
1286 2484 1573 2548 Christus,
1622 2488 1868 2542 ecclesiis
1904 2489 2020 2542 suis
2070 2505 2256 2557 pacem

692 2577 1030 2640 conciliavit,
1064 2587 1117 2631 et
1148 2581 1212 2631 ad
1249 2593 1370 2632 eam
1402 2594 1502 2632 nos
1530 2579 1762 2648 piissimi
1791 2590 1846 2634 et
1878 2581 1968 2633 Dei
1998 2583 2263 2635 amantis-

692 2670 819 2723 simi
874 2671 1152 2740 prineipcs
1211 2680 1495 2725 vocarunt.
1559 2672 1662 2738 Qui
1719 2675 1986 2744 majorum
2038 2674 2258 2744 pietatis

690 2761 1036 2816 aemulatores
1082 2763 1310 2831 optimi,
1358 2779 1479 2817 cum
1508 2763 1610 2833 ipsi
1650 2764 1704 2817 in
1742 2773 1882 2818 statu
1925 2780 2024 2818 suo
2056 2775 2260 2821 certam

693 2861 860 2922 atque
909 2854 1189 2908 immotam
1251 2865 1578 2908 conservant
1627 2855 1789 2911 ﬁdam
1848 2868 2090 2925 rectam,
2144 2869 2261 2912 tum

691 2948 1023 3016 praecipuam
1067 2948 1134 3001 de
1175 2949 1381 3001 sanctis
1409 2948 1659 3003 ecclesiis
1707 2959 1906 3017 gerunt
1947 2966 2166 3014 curam,
2205 2961 2264 3006 ut

2373 468 2663 537 μεταμέλῳ
2721 467 3001 538 χρώμενος
3051 468 3314 520 Θεοτόκον
3352 467 3451 538 τὴν
3483 469 3702 538 Μαρίαν
3737 469 3947 527 ἐκάλει.

2371 561 2646 626 Λεγέσθω,
2681 559 2875 624 λέγων,
2899 560 2994 637 καὶ
3023 560 3284 622 Θεοτόκος
3313 562 3345 629 ἠ
3376 561 3584 628 Μαρία,
3615 560 3711 612 καὶ
3738 562 3949 612 παυσά-

2371 650 2482 702 σθω
2526 652 2593 703 τὰ
2623 651 2865 721 λυπηρά.
2911 650 3055 702 Ἀλλ’
3093 650 3269 711 οὐδεὶς
3305 648 3470 702 αὑτὸν
3515 649 3722 702 τοιαῦτ’
3756 651 3819 701 ὲκ
3854 665 3950 716 με·

2366 745 2586 803 τανοίας
2613 743 2842 809 λέγοντα
2865 743 3026 811 δῆθεν
3046 743 3108 795 τὸ
3144 743 3411 812 παράπαν
3450 742 3732 811 προσίετο.
3765 741 3952 795 Ἰωάν-

2367 851 2464 901 νης
2514 833 2568 886 δὲ
2616 836 2643 887 ὁ
2697 834 2798 902 τῆς
2863 834 3140 902 Ἀντιόχου
3173 834 3248 904 τῷ
3309 833 3578 904 βασιλικῷ
3611 832 3946 900 κελεύσματι

2367 927 2549 991 εἴκων,
2591 925 2800 978 Παῦλον
2827 927 2918 979 τὸν
2959 927 3197 996 Ἐμέσης
3231 926 3533 980 ἐπίσκοπον
3563 928 3647 986 είς
3691 926 3948 990 Ἀλεξάν-

2365 1019 2548 1084 δρειαν
2575 1017 2710 1086 πρὸς
2745 1017 3016 1087 Κύριλλον
3066 1018 3283 1086 ἔπεμπε
3323 1019 3532 1086 χάρτην
3567 1018 3844 1086 φέροντα’
3887 1019 3949 1067 ὲν

2363 1105 2406 1177 ᾧ
2435 1111 2469 1180 ἦ
2503 1128 2561 1162 τε
2597 1112 2695 1178 τῆς
2736 1109 2976 1173 πίστεως
3012 1109 3275 1179 ὁμολογία
3311 1111 3600 1171 ἁνόθευτος
3633 1111 3948 1178 ὲγκεχάραο

2341 1198 2479 1262 Χκτο,
2514 1201 2606 1254 καὶ
2634 1199 2780 1266 λόγοι
2817 1200 3001 1266 φιλίας
3057 1201 3152 1253 καὶ
3205 1201 3518 1258 σκανδάλων
3559 1201 3842 1260 ἀπόθεσις.
3887 1201 3948 1252 Ὀ

2363 1295 2417 1347 δὲ
2450 1293 2737 1355 Θεσπέσιος
2764 1293 3037 1361 Κύριλλος
3061 1295 3152 1346 τὸν
3176 1294 3388 1363 χάρτην
3413 1297 3494 1356 είς
3521 1297 3708 1362 χεῖρας
3741 1292 3948 1368 λαϐὼν,

2363 1385 2455 1436 καὶ
2489 1387 2553 1452 τῇ
2585 1385 2881 1455 ἐγκειμένη
2913 1387 3010 1451 τῆς
3046 1384 3284 1446 πίστεως
3328 1384 3593 1452 ὁμολογία
3623 1384 3946 1451 στοιχήσας,

2364 1479 2739 1533 διεϐεϐαιοῦτο
2790 1481 2987 1548 ἐπίσης
3041 1479 3243 1549 ταύτῃ,
3295 1481 3389 1532 καὶ
3457 1479 3584 1540 τοὺς
3644 1478 3707 1530 ὲκ
3773 1477 3948 1530 πάλαι

2365 1571 2555 1637 ἁγίους
2585 1570 2835 1642 Πατέρας
2872 1571 3280 1640 πεφρονηκέναι
3329 1572 3421 1624 καὶ
3478 1571 3691 1624 ἑαυτόν.
3729 1570 3948 1638 Σφόδρα

2365 1664 2409 1716 δ’
2441 1665 2735 1726 ἐπαινέσας
2765 1665 2865 1735 τὴν
2903 1667 3219 1735 ἐπιστολὴν,
3261 1668 3354 1719 ἐπὶ
3382 1665 3630 1733 ῥήματος
3654 1665 3748 1716 καὶ
3780 1662 3950 1722 αὐτὸς

2365 1753 2443 1822 τῷ
2488 1755 2716 1826 Ἰωάννῃ
2775 1755 2986 1824 ἔγραφε
3046 1756 3226 1825 τοιάδε
3251 1771 3265 1784 '
3304 1775 3323 1807 ι
3354 1755 3855 1824 Εὑφραινέσθωσαν
3894 1752 3946 1803 oi

2365 1845 2584 1915 οὐρανοὶ
2633 1847 2727 1899 καὶ
2758 1846 3112 1913 ἀγαλλιάσθω
3142 1848 3172 1916 Ι]
3203 1846 3278 1915 γῆ
3301 1864 3315 1878 ·
3353 1847 3571 1898 λέλυται
3620 1845 3726 1913 γὰρ
3753 1844 3813 1896 τὺ
3849 1861 3949 1911 με·

2367 1941 2611 2008 σότοιχον
2667 1940 2760 1992 τοῦ
2819 1940 3099 2008 φραγμοῦ,
3151 1941 3246 1992 καὶ
3301 1939 3577 1992 πέπαυται
3626 1939 3685 1990 τὸ
3717 1936 3945 1996 λυποῦν,

2365 2033 2456 2081 καὶ
2493 2031 2760 2099 διχονοίας
2815 2031 3018 2099 τρόπος
3055 2030 3322 2101 ἀνῄρηται
3353 2029 3556 2094 πάσης,
3595 2026 3688 2078 τοῦ
3725 2028 3948 2079 πάντων

2366 2124 2519 2192 ἡμῶν
2548 2123 2806 2192 Σωτῆρος
2834 2121 3075 2193 Χριστοῦ
3103 2125 3224 2182 ταῖς
3263 2121 3460 2174 ἑαυτοῦ
3491 2121 3812 2191 ἐκκλησίαις
3844 2118 3948 2187 τὴν

2366 2217 2587 2286 εἰρήνην
2619 2216 3024 2285 βραϐεύσαντος
3059 2233 3073 2248 ο
3126 2215 3477 2284 κεκληκότων
3527 2213 3584 2264 δὲ
3614 2213 3751 2282 πρδς
3786 2211 3951 2264 τοῦτο

2366 2309 2512 2377 ἡμᾶς
2541 2310 2633 2361 καὶ
2658 2309 2769 2360 ’τῶν
2793 2307 3202 2361 εὐσεϐεστάτων
3234 2308 3327 2360 καὶ
3364 2306 3808 2374 θεοφιλεστάτων
3843 2305 3946 2372 βα·-

2367 2401 2580 2464 σιλέων,
2641 2401 2689 2453 οἳ
2748 2402 3082 2470 προγονικῆς
3125 2399 3411 2460 εὐσεϐείας
3447 2398 3661 2467 ἄριστοι
3708 2395 3950 2466 ζηλωταὶ

2366 2495 2671 2562 γεγονότες,
2708 2494 2924 2563 ἀσφαλῆ
2989 2494 3085 2561 μὲν
3121 2494 3216 2545 καὶ
3245 2492 3650 2545 άκατάσειστον
3696 2492 3751 2540 ἐν
3785 2489 3948 2549 ἰδίαις

2342 2587 2559 2655 ’τύχαις
2600 2586 2699 2655 τὴν
2730 2585 2897 2654 ὀρθὴν
2952 2583 3288 2650 φυλάττουσι
3317 2581 3525 2644 πίστιν,
3576 2580 3863 2648 ἐξαίρετον
3889 2578 3947 2629 δὲ

2367 2677 2653 2730 ποιοῦνται
2683 2677 2941 2746 φροντίδα
2971 2676 3068 2746 τὴν
3098 2675 3240 2745 ὑπὲρ
3274 2675 3380 2726 τῶν
3413 2673 3585 2740 ἁγίων
3610 2670 3947 2738 ἐκκλησιῶν,

2370 2768 2455 2820 ἵνα
2488 2768 2581 2820 καὶ
2614 2767 2900 2836 διαϐόητον
2930 2765 3125 2836 ἔχωσιν
3183 2764 3264 2827 είς
3297 2762 3475 2815 αἰῶνα
3506 2761 3605 2829 τὴν
3636 2760 3822 2823 δόξαν,
3851 2760 3952 2812 καὶ

2368 2861 2763 2929 εὐκλεεστάτην
2796 2859 3138 2928 ἀποφαίνωσι
3169 2856 3266 2926 τὴν
3288 2855 3497 2908 ἑαυτῶν
3521 2853 3826 2922 βασιλείαν.
3851 2847 3948 2914 Οἷς

2368 2953 2652 3014 καὶαὺτδς
2705 2954 2730 3004 ὁ
2762 2951 2868 3003 τῶν
2920 2949 3204 3016 δυνάμεων
3255 2947 3460 3016 Κύριος
3523 2943 3761 3012 πλουσίᾳ
3803 2941 3954 3010 χειρὶ

695 3037 858 3090 simul
902 3047 956 3091 et
985 3039 1301 3107 pratelaram
1346 3039 1400 3092 in
1437 3054 1610 3092 :evum
1649 3039 1875 3109 gloriam
1910 3040 2166 3104 habeant,
2210 3047 2335 3101 etC
2367 3056 2373 3096 4

2293 3047 2335 3101 C
2367 3048 2611 3114 διανέμει
2644 3047 2710 3097 τὰ.
2766 3043 2948 3110 ἀγαθά
2976 3057 2988 3070 ⁸
3026 3043 3212 3095 δίδωσι
3256 3041 3354 3110 μὲν
3396 3037 3621 3114 κρατεῖν
3654 3036 3762 3088 τῶν
3793 3034 3953 3087 ἀνθε-

697 3145 857 3199 quam
895 3130 1312 3184 celeberrimam
1355 3130 1572 3201 imperii
1605 3135 1688 3186 sui
1727 3133 2260 3188 administrationem

693 3224 950 3278 reddant.
1011 3223 1224 3288 Quibus
1287 3226 1449 3278 etiam
1506 3227 1620 3295 ipse
1679 3228 1942 3282 virtutum
2003 3228 2264 3287 Dommus

695 3331 865 3369 manu
917 3315 1132 3369 liberali
1175 3315 1317 3368 bona
1372 3317 1606 3370 tribuit:
1642 3317 1917 3386 simulque
1954 3319 2074 3387 dati,
2123 3327 2178 3371 nt
2210 3328 2265 3373 et

699 3410 1032 3463 adversariis
1084 3410 1392 3479 imperent,
1425 3420 1480 3464 et
1519 3411 1803 3464 victoriam
1838 3411 1908 3463 al)
1948 3411 2029 3464 eis
2071 3426 2265 3479 repor-

698 3510 838 3555 tent.
882 3495 1176 3554 Non'enim
1217 3501 1355 3553 fallit
1399 3501 1444 3554 is
1482 3502 1576 3570 qui
1609 3500 1785 3554 dicit:
1828 3501 1947 3554 Vivo
1990 3517 2100 3568 ego,
2137 3501 2268 3554 dicit

693 3594 963 3649 Dominus
1010 3595 1050 3657 ¹,
1109 3594 1359 3664 quoniam
1412 3593 1767 3662 gloriﬁcantes
1828 3609 1907 3644 me
1939 3592 2262 3662 gloriﬁcabo.

695 3685 833 3736 Cum
883 3684 1050 3752 igitur
1075 3682 1461 3736 Alexandriam
1511 3686 1753 3737 venisset
1796 3682 2054 3737 dominus
2089 3699 2264 3749 meus,

698 3776 982 3845 piissimus
1012 3775 1182 3830 frater
1212 3783 1268 3829 et
1296 3776 1502 3846 collega
1535 3775 1756 3837 Paulus,
1789 3775 1958 3828 animi
1990 3777 2268 3840 voluptate

697 3881 754 3924 et
783 3871 980 3940 gaudio
1018 3870 1211 3937 repleti
1248 3884 1442 3924 sumus
1470 3887 1481 3922 :
1516 3884 1578 3922 ac
1611 3869 1812 3922 merito
1849 3868 2092 3936 quidem,
2122 3869 2266 3937 quod

699 3971 886 4015 tantus
916 3961 1126 4015 scilicet
1171 3960 1255 4014 vir
1286 3967 1469 4028 partes
1509 3974 1638 4013 suas
1678 3968 1736 4012 ut
1793 3959 2059 4013 mediator
2105 3966 2271 4014 inter-

697 4063 952 4125 poneret,
988 4063 1043 4107 et
1074 4069 1238 4122 supra
1269 4053 1413 4107 vires
1446 4062 1656 4106 tantum
1691 4053 1937 4107 laborem
1972 4053 2170 4115 adiret,
2213 4063 2271 4108 ut

703 4146 908 4200 diaboli
958 4145 1217 4200 invidiam
1264 4153 1586 4212 superaret,
1625 4161 1687 4200 ea
1733 4161 1855 4216 quae
1902 4146 2078 4200 divisa
2114 4155 2273 4200 erant

703 4241 1082 4311 conjungeret,
1151 4247 1207 4293 et
1240 4237 1468 4293 sublatis
1510 4254 1541 4292 e
1573 4239 1754 4293 medio
1802 4240 2075 4295 scandalis
2107 4249 2273 4310 atque

705 4334 1091 4395 tiﬁendiculis,
1142 4332 1453 4387 concordiae
1498 4340 1554 4388 et
1606 4334 1758 4401 pacis
1806 4348 2008 4387 corona
2063 4342 2275 4388 vestras

2376 3139 2673 3207 στηκότων,
2731 3137 3019 3208 χαρίζεται
3049 3135 3104 3186 δὲ
3159 3134 3219 3186 τὸ
3270 3133 3450 3201 νικᾷν,
3480 3109 3560 3182 0":
3584 3127 3694 3196 γὰρ
3735 3126 3798 3178 ἂν
3829 3125 3952 3176 δια-

2371 3234 2631 3301 ψεύσαιτο
2658 3234 2685 3284 ὁ
2711 3233 2915 3298 λέγων·
2951 3229 3042 3282 Ζῶ
3072 3228 3206 3297 ἐγὼ,
3241 3229 3404 3295 λέγει
3442 3225 3679 3289 Κύριος,
3702 3222 3791 3274 ὅτι
3808 3219 3954 3282 τοὺς

2374 3323 2733 3388 ὃοξάζοντάς
2749 3341 2825 3392 με
2854 3321 3116 3386 δοξάσω.
3149 3319 3514 3386 Ἀφικομένου
3542 3316 3720 3366 τοίνυν
3751 3314 3830 3369 είς
3853 3312 3955 3378 τὴν

2388 3417 2796 3486 Ἀλεξάνδρειαν
2851 3415 2946 3467 τοῦ
2996 3415 3188 3482 κυρίου
3224 3430 3330 3479 μου
3368 3409 3463 3462 τοῦ
3522 3405 3955 3460 θεοσεϐεστάτου

2377 3509 2605 3576 ἀδελφοῦ
2631 3509 2723 3562 καὶ
2761 3503 3181 3575 συλλειτουργοῦ
3213 3503 3451 3560 Παύλου,
3483 3498 3750 3567 θυμηδίας
3779 3499 3959 3564 ἐμπε-

2379 3601 2666 3671 πλήσμιθα
2695 3617 2731 3632 ἰ
2752 3600 2845 3652 καὶ
2869 3599 3068 3667 σφόδρα
3097 3598 3344 3657 εἰκότως,
3377 3595 3451 3655 ὡς
3483 3593 3673 3660 ἀνδρὸς
3707 3589 3956 3641 το;ούτου

2382 3690 2893 3762 μεσιτεύοντος,καὶ
2916 3689 3030 3748 τοῖς
3062 3687 3200 3754 ὑπὲρ
3227 3684 3459 3750 δύναμιν
3490 3681 3672 3740 πόνοις
3692 3677 3957 3745 ἑλομένου

2379 3782 2770 3854 ’προσομιλεῖν⁸
2797 3781 2885 3833 ἴνα
2936 3780 3028 3832 τὸν
3076 3778 3169 3830 τοῦ
3200 3777 3453 3829 διαϐόλου
3491 3776 3692 3842 νικήσῃ
3733 3768 3956 3836 φθόνον,

2380 3877 2475 3929 καὶ
2513 3874 2726 3944 συνάψῃ
2760 3872 2828 3924 τὰ
2862 3869 3192 3941 διῃρημένα;
3220 3871 3315 3921 καὶ
3345 3867 3411 3918 τὰ
3442 3864 3647 3933 μεταξὺ
3683 3860 3960 3913 σκάνδαλα

2381 3966 2670 4036 περιελὼν,
2692 3965 2916 4035 ὁμονοίᾳ
2942 3965 3035 4016 καὶ
3061 3963 3254 4033 εἰρήνῃ
3279 3958 3598 4027 στεφανὼσῃ
3620 3957 3717 4018 τάς
3747 3972 3805 4006 τε
3827 3953 3960 4022 παρ’

2380 4062 2513 4129 ἡμῖν
2540 4059 2632 4111 καὶ
2663 4057 2793 4127 παρ’
2826 4058 2954 4126 ὑμῖν
3007 4055 3324 4124 ἐκκλησίας.
3358 4070 3376 4103 ι
3439 4051 3549 4102 Καὶ
3582 4048 3700 4117 μεθ’
3750 4047 3917 4114 ἕτερα
3942 4062 3957 4075 ·

2389 4172 2406 4204 ι
2452 4152 2577 4208 ’Ὁτι
2605 4152 2661 4202 δὲ
2690 4148 2924 4219 περιττὴ
2976 4146 3296 4210 παντελῶς,
3358 4143 3587 4196 καὶούκ
3640 4140 3958 4206 εὐάφορμος

2382 4249 2477 4314 τῆς
2517 4243 2843 4312 Ἐκκλησίας
2878 4244 2911 4309 ἡ
2961 4239 3277 4309 διχοστασία
3308 4237 3520 4304 γέγονε,
3571 4232 3688 4284 νυνὶ
3722 4232 3959 4300 μάλιστα

2385 4335 2947 4405 πεπληροφορὴμεθα,
2982 4331 3078 4383 τοῦ
3116 4330 3307 4399 κυρὶου
3346 4343 3448 4397 μου
3476 4325 3572 4378 τοῦ
3603 4320 3958 4375 θεοσεϐεστά·

707 4428 868 4482 simul
909 4436 964 4480 et
1007 4435 1224 4480 nostras
1258 4426 1646 4479 cobonestaret
1673 4424 1956 4478 ecclesias.
1999 4443 2015 4476 ›
2056 4425 2121 4477 Et
2151 4434 2277 4493 post
2310 4402 2353 4456 D
2384 4455 2385 4464 ι

2310 4402 2353 4456 D
2384 4448 2474 4483 του
2520 4427 2729 4481 Παύλου
2761 4423 2855 4476 τοῦ
2895 4422 3198 4475 ἐπισκόπου
3247 4417 3462 4486 χάρτην
3517 4413 3959 4484 προκομίσαντος

707 4520 834 4572 alia.
880 4536 896 4569 ι
934 4517 1091 4582 Quod
1126 4530 1258 4571 vero
1305 4513 1582 4583 superﬂua
1614 4529 1836 4583 prorsus
1865 4522 1920 4567 ct
1965 4515 2279 4582 importuna

705 4613 1001 4672 Ecclesizn,
1053 4620 1360 4679 praeterque
1411 4623 1630 4662 causam
1684 4618 1938 4677 suscepta
1999 4607 2280 4662 discordia

706 4706 912 4767 fuerit,
971 4719 1121 4758 nunc
1174 4703 1409 4755 maxime
1461 4701 1724 4755 certiores
1778 4701 1906 4754 facti
1958 4716 2179 4763 sumus,
2211 4715 2277 4754 ex

710 4815 820 4868 quo
877 4798 1157 4868 piissimus
1209 4795 1675 4849 dominus'meus
1730 4792 1933 4846 Paulus
1987 4795 2279 4862 episcopus

707 4888 953 4943 libellum
1004 4895 1156 4941 extra
1210 4885 1500 4940 calumnia
1545 4885 1718 4938 aleam
1775 4884 2012 4953 positum
2067 4883 2274 4947 attulit,

707 4981 833 5034 ﬁdei
863 4979 1256 5050 professionem
1293 4979 1748 5046 complectentem
1776 4993 1789 5026 :
1817 4989 1978 5044 quem
2009 4990 2036 5027 a
2068 4973 2277 5028 sancti-

708 5082 822 5127 tate
869 5081 959 5126 tua
999 5082 1053 5127 et
1084 5070 1350 5141 piissimis
1390 5070 1555 5124 isthic
1599 5068 1875 5136 episcopis
1911 5067 2275 5133 compositum

709 5184 829 5224 esse
855 5167 1224 5223 conﬁrmavit.
1261 5186 1279 5217 ι
1321 5165 1568 5219 Libellus
1612 5165 1658 5218 is
1691 5163 1892 5233 quibus
1933 5164 2282 5232 conscriptus

710 5275 831 5318 erat
861 5264 1078 5325 verbis,
1108 5263 1355 5333 epistolae
1386 5261 1679 5331 adjunctus
1721 5259 1845 5314 fuit.
1882 5259 2053 5313 Porro
2089 5259 2154 5312 de
2189 5259 2281 5312 Dei

710 5355 1008 5418 Genitrice,
1043 5365 1098 5407 et
1129 5370 1248 5423 qure
1279 5362 1623 5422 sequuntur:
1661 5368 1677 5400 ι
1710 5349 1925 5404 Sanctis
1947 5350 2096 5402 hisce
2129 5351 2283 5402 voci-

713 5450 818 5502 bus
870 5448 1069 5501 vestris
1111 5447 1302 5507 lectis,
1342 5446 1415 5498 ita
1464 5459 1561 5497 nos
1610 5457 1829 5512 quoque
1883 5443 2030 5509 ipsos
2073 5443 2282 5495 sentire

715 5542 1046 5597 invenimus.
1095 5540 1247 5593 Unus
1297 5540 1442 5592 enim
1496 5546 1582 5591 est
1631 5535 1925 5597 Dominus,
1965 5548 2071 5586 una
2124 5532 2277 5596 ﬁdes,

790 5741 798 5762 '
838 5736 850 5787 I
888 5734 998 5803 Reg
1053 5751 1107 5788 ll.
1146 5730 1231 5786 30.

2384 4518 2728 4587 ἀδιάϐλητον,
2762 4515 2956 4584 ἔχοντα
2980 4513 3076 4579 τῆς
3113 4511 3350 4569 πίστεως
3382 4507 3479 4575 τὴν
3500 4505 3832 4572 ὁμολογίαν·
3865 4501 3960 4551 καὶ

2382 4612 2586 4678 ταύτην
2632 4605 2993 4675 συντετάχθαι
3027 4597 3569 4666 διαϐεϐαιωσαμένου
3601 4592 3754 4663 παρά
3771 4608 3829 4642 τε
3861 4591 3960 4658 τῆς

2384 4705 2482 4771 σῆς
2514 4703 2812 4768 ὁσιότητος,
2864 4698 2958 4750 καὶ
2985 4696 3095 4748 τῶν
3132 4693 3322 4745 αὐτόθι
3359 4686 3799 4742 θεοσεϐεστάτων
3838 4685 3957 4734 ἔπι-

2386 4795 2624 4846 σκόπων.
2667 4791 2819 4859 Ἔχει
2891 4788 2947 4840 δὲ
2983 4786 3156 4847 οὕτως
3187 4785 3221 4854 ἡ
3275 4778 3589 4850 συγγραφὴ,
3640 4777 3734 4829 καὶ
3769 4776 3961 4834 αὐταῖς

2383 4885 2592 4950 λέξεσιν
2641 4883 2939 4934 ὲντέθειται
2971 4879 3097 4949 τῇδε
3154 4880 3218 4946 τῇ
3258 4873 3536 4942 ἐπιστολῇ.
3597 4871 3732 4939 Περὶ
3762 4867 3820 4918 δὲ
3861 4870 3961 4934 τῆς

2386 4978 2644 5029 Θεοτόκου
2699 4977 2792 5027 καὶ
2822 4976 2888 5025 τὰ
2921 4973 3044 5041 ἑξῆς
3071 4987 3084 5000 ⁸
3121 4990 3137 5021 ι
3174 4969 3410 5029 Ταύταις
3444 4965 3597 5034 ὑμῶν
3644 4965 3962 5029 ἐντυχόντες

2386 5073 2504 5132 ταῖς
2535 5070 2700 5139 ἱεραῖς
2734 5069 2956 5134 φωναῖς,
2989 5064 3133 5118 οὕτω
3160 5080 3216 5115 τε
3247 5063 3339 5115 καὶ
3371 5059 3600 5120 ἑαυτοὺς
3628 5053 3960 5125 φρονοῦντας

2388 5158 2761 5230 εὑρίσκοντες·
2823 5153 2904 5220 εἷς
2956 5159 3061 5225 γὰρ
3099 5156 3326 5225 Κύριος,
3385 5154 3484 5222 μία
3513 5151 3718 5216 πίστις,
3777 5148 3835 5200 ἓν
3870 5147 3960 5216 βά·

2386 5271 2595 5322 πειτμα
2623 5270 2634 5282 ·
2671 5250 2998 5319 ἑδοξάσαμεν
3057 5250 3145 5301 τὸν
3205 5249 3310 5300 τῶν
3341 5248 3476 5299 ὅλων
3525 5243 3758 5312 Σωτῆρα
3797 5241 3958 5296 Θεὸν.

2386 5346 2631 5414 ἀλλήλοις
2667 5345 3074 5413 συγχαίροντες,
3124 5344 3206 5395 δτι
3241 5344 3360 5402 ταῖς
3409 5336 3791 5398 θεοπνεύστοις
3823 5336 3957 5404 Γρα-

2386 5440 2510 5504 φαῖς
2568 5437 2660 5487 καὶ
2722 5436 3020 5504 παραδόσει
3073 5433 3183 5486 τῶν
3241 5435 3412 5485 ἁγίων
3472 5431 3734 5497 Πατέρων
3798 5427 3959 5495 ἡμῶν

2389 5528 2790 5597 συμϐαίνουσαν
2813 5525 2997 5595 ἔχουσι
3031 5527 3212 5578 πίστιν
3259 5525 3321 5578 αἴ
3339 5542 3396 5577 τε
3430 5523 3560 5591 παρ’
3595 5524 3726 5589 ἡμῖν
3774 5521 3868 5571 καὶ
3907 5519 3960 5570 αἱ
