4250 6440
339 397 470 460 1177

1258 408 1864 468 ΕΠΟΙΕΞΙΛΒΤΙΟᾸΞ
1908 410 2291 470 HISTORLE
2329 409 2474 472 LIB.
2514 410 2668 470 XIV.

3449 407 3583 476 1178

334 514 464 578 παρ’
501 515 628 579 ὑμῖν
663 515 1004 585 ἐκκλησίαι.)
1056 517 1213 570 Ἀλλᾶ
1248 519 1416 571 ταῦτα
1455 522 1551 588 μὲν
1602 521 1902 586 φιλοπόνως
1936 539 1975 581 Α
2011 542 2012 551 π

1899 539 1975 581 τΑ
2011 537 2179 574 ttnuttt
2233 521 2523 589 baptisma.
2559 521 2905 588 Quapropter
2959 533 3141 574 rerum
3197 517 3577 574 universarum

332 607 512 673 εὑρεῖν
547 605 665 658 ἐστι
716 607 794 675 τῷ
827 608 1159 679 βουλομένῳ,
1203 614 1314 672 τοῖς
1355 611 1653 678 τηνικαῦτα
1687 628 1899 679 πεπρα-

331 701 552 762 γμένοις
584 700 874 769 ἐπιστῆσαι
902 701 1216 771 Θελησαντι.

2009 614 2354 669 Servatorem
2413 615 2580 668 Deum
2645 612 3119 682 gloriﬁcavimus,
3179 621 3372 666 mutuo
3423 613 3581 667 nobis

2003 706 2470 775 congratulantes,
2519 705 2664 774 quod
2705 713 3108 773 congruentem
3144 719 3268 756 cum
3315 705 3579 760 divinitus

329 792 614 860 iuspiratis
661 795 961 865 Scripturis
1021 807 1076 849 et
1124 796 1415 850 traditione
1465 806 1780 852 sanctorum
1845 797 2063 850 Patrum
2131 809 2447 854 nostrorum
2493 810 2693 854 nostra:
2761 800 2922 852 simul
2968 807 3025 852 et
3084 807 3277 854 vestra:
3333 798 3580 854 ecclesiae

329 887 566 944 habeant
601 889 818 943 ﬁdem.»
850 890 1009 960 517
1049 891 1244 944 Verum
1275 890 1388 944 haze
1420 890 1510 960 qui
1541 891 1820 959 inquirere
1856 892 1999 946 volet
2031 893 2359 959 studiosius,
2392 895 2445 949 in
2471 895 2660 965 synodi
2695 894 2817 964 ejus
2847 893 2984 948 actis
3013 895 3276 963 reperiet.

909 1098 1156 1152 ΚΕΦΑΛ.
1187 1098 1325 1166 Δεῖν.

326 1182 433 1239 Οἴα
488 1191 856 1242 πεπονθέναι
907 1191 1229 1255 Νεστόριος
1278 1189 1463 1253 αὐτὸς
1523 1188 1898 1258 περὶέαυτοῦ

402 1258 611 1344 redeas;
638 1275 651 1288 °
689 1259 900 1344 καὶ-ὠς
927 1263 1013 1344 εὶς
1050 1262 1269 1344 ’Θαίςιν
1287 1259 1896 1344 μυρίαηκαλεάιπαθιὲν,

402 1326 579 1410 τέλλρς
643 1329 915 1397 σκώληξι
946 1329 1058 1397 τὴν
1126 1326 1396 1399 γλῶτταν
1456 1331 1732 1399 βρωθεὶς,
1789 1328 1900 1382 διε-

403 1399 621 1465 φθὰρη.

414 1577 500 1640 Ὠς
529 1577 583 1630 δέ
623 1578 918 1648 Νεστόριος
951 1579 1294 1646 ἐξελήλαται,
1326 1579 1380 1631 τί
1401 1598 1458 1632 τε
1493 1580 1774 1633 είσέπειτα
1802 1581 1897 1632 αὑ-

327 1667 408 1737 τῷ
443 1668 708 1735 ἐγεγόνει,
760 1670 1000 1731 δπως”τε
1041 1671 1132 1735 τὸν
1179 1671 1306 1739 τῇδε
1367 1670 1481 1738 βίον
1535 1669 1896 1738 κατέστρεψε,

329 1750 519 1813 καῖ’τά
553 1760 751 1824 ἐπάξια
781 1761 890 1813 τῶν
919 1761 1285 1830 βλασφημιῶν
1313 1762 1347 1815 ἆ
1366 1761 1892 1831 κεκλήρωταίγέρα,

327 1853 442 1912 τοῖς
475 1851 827 1921 ἱστορήσασιν
858 1854 915 1905 ὲν
944 1853 1146 1922 ἀδήλῳ·
1181 1854 1272 1906 καί
1311 1871 1374 1920 γε
1413 1854 1478 1905 ἂν
1505 1854 1532 1905 ὁ
1577 1853 1764 1922 χρόνος
1804 1851 1898 1921 λή-

329 1939 432 2006 θης
460 1938 640 2007 βυθοῖς
668 1941 1002 2009 συνεκάλυψε
1029 1941 1221 2001 ταῦτα.
1253 1946 1298 1995 εί
1331 1944 1405 2012 μὴ
1457 1943 1624 2013 βίϐλῳ
1680 1943 1895 1995 ἐκείνου

328 2033 647 2099 περιτυχεῖν
678 2032 900 2102 συνέϐη·
931 2032 1009 2100 ἐξ,
1032 2028 1100 2103 ἧς
1128 2033 1228 2102 τὴν
1270 2035 1398 2102 περὶ
1429 2033 1632 2086 τούτων
1657 2033 1899 2102 ἱστορίαν

327 2120 692 2191 ἀνελεξάμην.
721 2125 829 2176 Καὶ
862 2125 1045 2177 τοίνυν
1092 2126 1254 2188 αὐτὸς
1312 2127 1339 2178 ὁ
1387 2125 1487 2192 τῆς
1546 2125 1897 2195 βλασφημίας

328 2206 537 2280 πατὴρ,
573 2215 600 2265 6
639 2213 712 2283 μὴ
741 2215 833 2266 ἐπὶ
857 2215 957 2284 τῆς
993 2214 1221 2283 πέτρας,
1255 2215 1369 2269 ἀλλ’
1399 2217 1489 2268 ἐπὶ
1524 2217 1623 2284 τῆς
1661 2219 1894 2286 ψάμμου

325 2304 420 2356 τὸν
444 2306 540 2372 τῆς
563 2305 772 2358 ἐκείνου
808 2308 1042 2369 πίστεως
1063 2308 1313 2377 θεμέλιον
1340 2310 1553 2372 κτίσας,
1583 2311 1718 2377 πρός
1745 2326 1896 2371 τινας

323 2393 752 2461 διεγκαλοῦντας
797 2399 1048 2467 μὴκατὰ
1099 2401 1159 2451 τὸ
1196 2400 1313 2452 δέον
1372 2416 1424 2452 τι
1474 2400 1894 2470 καινουργῆσαι,

328 2487 455 2556 μηδ’
477 2488 568 2540 ἐπὶ
594 2491 936 2559 συμφέροντι
968 2491 1067 2560 τὴν
1094 2492 1152 2543 ἐν
1201 2491 1413 2561 Ἐφέσῳ
1467 2492 1689 2560 αίτῆσαι
1742 2491 1896 2544 σύνο-

323 2577 669 2647 δον,,γράφει
698 2580 840 2650 ὑπὲρ
863 2581 965 2646 τῆς
991 2582 1134 2654 ἰδίας,
1192 2581 1542 2650 βλασφημίας
1595 2581 1896 2644 ἀπολογού-

326 2686 513 2739 μενος,
547 2675 623 2734 ὠς
649 2674 712 2726 δι’
736 2674 980 2742 ἀνάγκης
1013 2674 1093 2736 είς
1123 2674 1268 2726 τοῦθ’
1290 2691 1413 2744 ηκε,
1445 2675 1542 2743 τῆς
1575 2676 1732 2740 ἁγίας
1767 2676 1893 2727 Ἐκ-

325 2763 557 2833 κ).ησίας
591 2765 669 2826 είς
695 2765 789 2817 δύο
815 2765 1203 2834 διαιρεθείσης·
1258 2769 1352 2818 καὶ
1401 2766 1508 2817 τῶν
1537 2765 1636 2835 μὲν
1688 2766 1895 2834 ἀνθρω-

323 2857 556 2909 ποτόκον
594 2856 705 2909 δεῖν
730 2856 990 2923 λέγεσθαι
1017 2857 1116 2926 τὴν
1146 2858 1388 2924 Μαρίαν,
1437 2856 1544 2908 τῶν
1598 2856 1653 2908 δὲ
1707 2855 1895 2908 Θεοτόο

322 2964 441 3002 κον·
467 2948 630 3001 αὑτὸν
663 2950 836 3018 μέσην
862 2951 1149 3018 ἐπινοῆσαι
1179 2949 1324 3014 λέξιν
1356 2951 1450 3008 τὴν
1466 2950 1890 3017 Χριστοτόκον.

323 3035 696 3103 Διαλαμϐἀνει
725 3036 780 3087 δὲ
819 3038 882 3106 τῇ
944 3036 1236 3104 ἀπολογίᾳ,
1285 3036 1359 3094 ὼς
1394 3036 1461 3088 τὰ
1535 3036 1634 3104 μὲν
1698 3037 1892 3106 πρῶτα

2535 1096 2762 1153 CAPUT
2802 1097 3042 1152 XXXVI.

2008 1189 2202 1255 Qualia
2234 1207 2288 1244 se
2322 1205 2536 1259 passum
2572 1206 2681 1244 esse
2722 1189 2998 1244 Nestorius
3027 1191 3140 1258 ipse
3166 1191 3312 1247 de.se
3335 1191 3529 1244 scribat
3556 1210 3578 1260 ;

2082 1271 2131 1315 et
2155 1270 2211 1312 ut
2249 1263 2317 1314 ad
2344 1260 2522 1315 Oasim
2541 1260 3016 1314 innumerabilibus
3038 1262 3279 1314 toleratis
3303 1263 3574 1326 terumuis,

2076 1342 2338 1398 postremo
2370 1346 2584 1383 corrosa
2616 1339 2666 1383 et
2711 1340 3027 1401 consumpta
3078 1349 3111 1385 a
3160 1332 3419 1384 vermibus
3472 1332 3574 1386 lin-

2075 1418 2202 1470 gua,
2231 1401 2511 1454 interierit.

2070 1575 2364 1646 Postquam
2401 1577 2690 1632 Nestorius
2724 1579 2934 1648 ejectus
2972 1585 3091 1642 est,
3133 1575 3268 1646 quid
3299 1585 3490 1647 postea
3522 1577 3574 1632 ei

1998 1669 2324 1738 contigerit,
2364 1677 2420 1723 ut
2454 1671 2621 1724 vitam
2664 1683 2990 1739 praesentem
3033 1670 3274 1736 finierit,
3318 1681 3374 1724 et
3413 1670 3576 1740 digna

2001 1759 2476 1828 blasphemiarum
2516 1759 2738 1828 prmmia
2772 1760 2982 1822 tulerit,
3021 1759 3271 1814 historici
3309 1776 3421 1813 non
3449 1775 3576 1830 pro-

1998 1851 2282 1905 diderunt.
2320 1851 2386 1904 Et
2427 1851 2677 1921 profecto
2705 1851 2788 1905 vis
2823 1853 3086 1920 temporis
3119 1852 3418 1906 oblivionis
3449 1869 3576 1921 pro-

1999 1938 2167 1993 fundo
2201 1940 2314 1994 haec
2357 1941 2742 2003 immersisset,
2777 1939 2879 1994 nisi
2930 1941 2988 1994 in
3029 1939 3229 1995 librum
3264 1941 3388 2009 ejus
3432 1940 3571 1994 inci-

1998 2029 2231 2094 dissem,
2282 2045 2347 2083 ex
2393 2045 2501 2099 quo
2552 2030 2836 2084 historiam
2888 2030 3005 2100 ejus
3057 2030 3326 2099 decerpsi.
3383 2030 3574 2100 Itaque

2000 2120 2116 2190 ipse
2151 2122 2508 2190 blasphemia:
2557 2131 2733 2189 pater,
2777 2123 2871 2190 qui
2915 2137 3024 2176 non
3061 2137 3228 2191 super
3263 2132 3440 2190 petra,
3472 2121 3569 2177 sed

1998 2213 2052 2266 in
2094 2228 2260 2266 arena
2307 2213 2657 2268 fundamenta
2693 2213 2815 2267 fidei
2854 2229 2964 2267 suat
2994 2213 3253 2283 jecisset,
3289 2213 3354 2266 ad
3390 2228 3573 2282 quos-

1997 2304 2118 2358 dam
2154 2306 2245 2374 qui
2277 2305 2326 2358 ei
2357 2306 2682 2374 objecerant
2707 2347 2720 2371 ,
2762 2320 2870 2359 non
2909 2315 3059 2359 recte
3093 2306 3242 2359 illum
3279 2321 3366 2359 res
3401 2321 3569 2360 novas

1997 2397 2247 2450 molitum
2299 2411 2463 2459 esse,
2501 2412 2678 2465 neque
2721 2413 2789 2452 ex
2832 2398 3150 2466 reipublicae
3199 2398 3470 2463 utilitate,
3510 2409 3572 2454 ut

1996 2487 2195 2556 Ephesi
2253 2488 2495 2558 synodus
2549 2500 2839 2558 ageretur,
2887 2490 3149 2557 petiisse,
3186 2490 3566 2545 defensionem

1997 2579 2346 2648 blasphemia:
2391 2595 2506 2634 suae
2535 2581 2780 2649 scripsit,
2819 2580 2884 2633 ad
2917 2596 3036 2634 eam
3088 2581 3299 2636 scilicet
3330 2583 3570 2635 necessi-

1998 2681 2164 2726 tatem
2217 2689 2277 2736 εει
2328 2674 2678 2742 pervenisse,
2736 2663 2978 2728 Ecclesia
3035 2684 3223 2729 sancta
3272 2676 3324 2728 in
3385 2687 3568 2746 partes

1994 2765 2131 2819 duas
2187 2766 2386 2831 scissa,
2441 2765 2719 2820 dictitans.
2772 2767 2998 2821 Etcum
3048 2767 3137 2820 alii
3181 2769 3404 2835 quidem
3459 2769 3568 2823 Ma—

1994 2856 2130 2910 riam
2168 2856 2644 2926 Ἀνθρωποτόκον,
2688 2857 2740 2911 id
2775 2866 2878 2922 est,
2917 2860 3159 2911 Hominis
3213 2859 3568 2914 Genitricem:

1994 2949 2082 3002 alii
2119 2958 2298 3004 autem
2341 2949 2623 3014 Θεοτόκον,
2675 2950 2778 3004 hoc
2812 2959 2925 3013 est,
2953 2949 3046 3002 Dei
3088 2949 3430 3012 Genitricem,
3478 2951 3568 3003 di-

1995 3041 2222 3095 cendam
2257 3049 2585 3105 assererem,
2637 3057 2696 3096 se
2733 3041 2968 3095 mediam
3001 3043 3340 3111 excogitasse
3374 3057 3567 3096 vocem

322 3126 608 3189 Θεοδόσιος
642 3127 980 3196 προσπαθῶν
1037 3127 1206 3196 αύτῷ,
1272 3127 1371 3196 τὴν
1422 3128 1630 3192 ἐκείνου
1684 3126 1887 3180 ἀποϐο-
1919 3132 2000 3201 CI

1919 3144 1961 3201 (ς
1992 3131 2391 3200 Χριστοτόκον,
2423 3131 2473 3184 id
2507 3141 2622 3197 est,
2663 3132 2858 3185 Christi
2890 3133 3225 3190 Geuilricem.
3273 3133 3331 3187 ln
3377 3148 3440 3186 ea
3474 3133 3568 3186 de-

320 3219 424 3286 λὴν
473 3219 573 3271 οὐκ
615 3220 930 3288 ἐκύρωσεν,
965 3219 1284 3271 ἐπισκόπων
1336 3220 1390 3270 δέ
1444 3237 1603 3271 τινων
1681 3219 1890 3271 ἐκεῖθεν

321 3309 627 3370 ἐλθόντων,
697 3309 778 3371 εἰς
844 3310 906 3362 τὸ
964 3311 1166 3362 οἰκεῖον
1239 3308 1556 3362 ἐπανελθεῖν
1622 3310 1891 3379 μοναστή-

324 3417 440 3467 ριον
503 3401 788 3469 ἐπετράπη
840 3401 867 3453 ὃ
932 3402 1038 3467 πρὸ
1117 3403 1216 3470 τῆς
1287 3400 1636 3464 Θεουπόλεως
1690 3403 1888 3455 ἔκειτο·

319 3493 460 3562 ὅπερ
479 3494 740 3561 ὀνομαστὶ
763 3493 1014 3562 οὐδαμῶς
1046 3493 1444 3563 ἐμνημόνευσε·
1477 3495 1545 3547 τά
1574 3494 1888 3563 Εὑπρεπίου

318 3585 399 3648 δὲ,
428 3584 502 3646 ὡς
533 3585 727 3651 ἐγνων,
758 3585 1096 3654 ὠνόμασται·
1135 3586 1256 3638 δυσὶ
1311 3586 1563 3649 σταδίοις¹
1587 3587 1764 3656 διέχον
1793 3588 1890 3655 τῆς

321 3675 551 3737 πόλεως·
578 3677 713 3728 ὅπου
734 3677 799 3746 δὴ
831 3679 924 3729 καὶ
957 3677 1224 3746 τετραετῆ
1259 3677 1418 3740 αὑτός
1467 3695 1598 3746 φησι
1643 3677 1888 3731 διανῦσαι

319 3767 414 3820 τὸν
443 3768 638 3838 χρόνον
664 3769 844 3837 πάσης
877 3770 1170 3822 ἀπολαύων
1197 3768 1396 3838 τιμῆς.
1425 3769 1659 3823 Ἔπειτα
1689 3771 1893 3839 διηγεῖ-

318 3877 434 3925 ται,
473 3860 547 3922 ὡς
577 3860 861 3913 Θεοδοσίου
905 3860 1245 3928 θεσπίσματι
1323 3860 1504 3928 φυγὰς
1551 3862 1632 3923 εἰς
1697 3863 1891 3912 Ὄασιν

319 3954 550 4019 γίνεται.
580 3953 654 4004 Τὸ
681 3953 738 4005 δέ
770 3953 985 4024 καίριον
1013 3951 1386 4021 ἀπεκρύψατο·
1414 3954 1607 4021 ὅτιπερ
1651 3953 1761 4005 οὐδ’
1798 3953 1890 4004 οὓ-

317 4061 429 4106 τως
461 4043 599 4111 ἒχων
629 4048 730 4112 τῆς
757 4044 1076 4114 βλσφημίας
1105 4046 1326 4112 ἠρέμει.
1359 4045 1466 4096 Καί
1491 4061 1614 4097 τινα
1644 4044 1891 4110 δ’ἓτερον

317 4135 479 4200 λόγον
504 4133 964 4202 διαλογικώτερον
998 4133 1134 4201 πρός
1164 4149 1288 4185 τινα
1313 4132 1609 4198 Αίγύπτιον
1662 4129 1886 4200 γράφει,

319 4229 378 4278 ἐν
467 4227 536 4278 τὰ
594 4242 659 4277 πε
671 4229 725 4295 pi.
748 4226 846 4287 τῆς
873 4225 955 4286 είς
976 4224 1174 4276 Ὄασιν
1233 4222 1531 4289 φυγαδείας
1557 4222 1890 4289 πλατύτερον

317 4318 672 4387 διεξέρχεται.
707 4317 816 4369 Ναὶ
844 4316 952 4384 μὴν
983 4316 1077 4367 καὶ
1107 4315 1164 4380 ἐξ
1188 4314 1362 4368 ἄλλων
1382 4315 1725 4384 γραμμάτων
1750 4316 1889 4366 ἐλεῖν

317 4414 465 4465 ἔστιν
497 4406 568 4463 ὧν
591 4411 680 4463 διὰ
709 4409 805 4471 τὰς
859 4407 1211 4477 βλασφημίας
1265 4407 1570 4475 ἀπήλαυσε,
1631 4406 1722 4458 τὸν
1753 4408 1890 4459 πάν-

1993 3223 2236 3278 fensione
2279 3223 2480 3288 refert,
2521 3223 2920 3288 Theodosium,
2953 3233 3178 3293 prOpter
3205 3225 3568 3278 commisera-

1995 3316 2225 3377 tionem,
2271 3314 2507 3382 primum
2543 3316 2899 3385 rejectionem
2945 3317 3066 3385 ejus
3107 3317 3434 3370 auctoritate
3465 3331 3566 3370 sua

1991 3424 2099 3461 non
2129 3405 2479 3461 conﬁrmasse
2507 3427 2519 3472 ;
2567 3407 2660 3462 ubi
2701 3424 2832 3462 vero
2866 3408 3112 3477 episcopi
3151 3407 3376 3477 quidam
3410 3406 3565 3461 Con-

1992 3498 2347 3565 stantinopoli
2397 3498 2715 3560 venissent,
2764 3509 2822 3551 ut
2853 3499 2908 3552 itt
2961 3499 3358 3552 monasterium
3395 3513 3557 3552 suum

1993 3599 2378 3654 reverteretur,
2406 3590 2736 3658 permissum
2762 3590 2809 3642 ei
2846 3605 2989 3650 esse,
3022 3590 3167 3658 quod
3196 3599 3350 3644 extra
3379 3589 3562 3644 Theo-

1990 3681 2156 3750 polim
2191 3681 2354 3734 situm
2387 3691 2490 3733 est.
2525 3681 2735 3734 Nomen
2771 3681 2992 3749 quidem
3022 3681 3167 3733 illius
3191 3695 3297 3732 non
3335 3695 3564 3747 expres-

1994 3774 2105 3825 sit:
2149 3772 2215 3825 ab
2261 3771 2545 3840 Euprepio
2584 3781 2764 3827 tamen
2812 3771 3238 3840 appellationem
3285 3771 3562 3840 accepisse

1992 3865 2117 3932 legi.
2154 3864 2356 3917 Stadiis
2395 3865 2448 3916 id
2482 3864 2697 3917 duobus
2746 3865 2814 3917 ab
2848 3864 2982 3916 urbe
3017 3879 3079 3916 ea
3112 3864 3298 3924 distat,
3338 3863 3429 3915 ubi
3463 3878 3564 3916 an-

1993 3971 2093 4009 nos
2113 3968 2348 4023 quatuor
2375 3972 2432 4009 se
2461 3957 2513 4009 in
2544 3957 2752 4009 honore
2779 3957 2925 4008 omni
2952 3955 3200 4020 exegisse
3227 3956 3321 4007 ait.
3355 3955 3560 4006 Deinde

1991 4055 2406 4106 commemorat,
2453 4056 2512 4100 ut
2547 4045 2847 4099 Theodosii
2888 4045 3173 4098 sanctione
3202 4044 3343 4112 apud
3375 4043 3558 4096 Oasim

1991 4139 2240 4191 exsulare
2273 4138 2459 4206 jussus
2493 4138 2584 4195 sit,
2620 4136 2714 4189 sed
2753 4150 2973 4189 causam
3010 4135 3187 4187 exsilii
3243 4135 3558 4202 primariam

1991 4231 2176 4284 celat:
2230 4229 2374 4296 quod
2425 4228 2680 4282 videlicet
2734 4226 2825 4278 tali
2876 4227 3041 4278 etiam
3095 4241 3276 4278 rerum
3331 4239 3556 4278 suarum

1993 4331 2137 4377 statu
2176 4337 2204 4374 a
2250 4321 2588 4389 blasphemia
2626 4335 2735 4372 non
2770 4319 3069 4372 destiterit.
3110 4318 3290 4371 Alium
3337 4329 3559 4384 quoque

1995 4414 2200 4467 librum
2236 4412 2303 4466 ad
2337 4411 2646 4480 [Egyptian]
2685 4409 2976 4478 quemdam
3020 4408 3281 4462 disertius
3315 4410 3554 4474 scripsit,

315 4519 424 4557 των
460 4501 657 4569 ἔφορον
688 4500 968 4567 ὀφθαλμὸν
1007 4501 1082 4566 μὴ
1120 4497 1320 4551 λαθών·
1354 4496 1391 4551 ἃ
1422 4499 1555 4567 πρὸς
1611 4497 1700 4550 τὸν
1734 4514 1884 4567 την.-
1912 4483 1963 4541 ἶ)

1879 4483 1963 4541 ιῙ)
1992 4505 2046 4558 in
2084 4519 2195 4574 quo
2239 4504 2308 4557 de
2351 4504 2543 4557 exsilio
2587 4504 2652 4555 ad
2688 4501 2872 4555 Oasim
2910 4500 3086 4554 fusius
3135 4500 3264 4568 agit.
3320 4501 3390 4552 Ex
3432 4500 3557 4552 aliis

315 4594 496 4649 καῦτα
553 4594 663 4644 τῶν
699 4591 953 4660 Θηϐαίων
1003 4590 1310 4660 ἡγούμενον
1343 4590 1556 4660 ἐδήλου·
1589 4589 1662 4650 ὡς
1691 4591 1878 4658 ἐπειδὴ

317 4687 396 4757 μὴ
450 4686 548 4753 τῆς
605 4683 914 4754 ἀνηκούσης
968 4681 1364 4747 ἐπεξελεύσεως
1421 4681 1553 4749 παρ’
1578 4681 1882 4750 ἀνθρώπων

312 4778 495 4844 ἔτυχε,
525 4775 647 4843 δίκη
678 4772 812 4825 Θεοῦ
867 4771 1059 4823 τοῦτον
1106 4770 1272 4836 ἀξίως
1337 4769 1586 4837 μέτεισι,1
1621 4773 1882 4838 συμφορᾷ

311 4848 411 4921 καὶ
439 4865 784 4936 αἰχμαλωσίᾳ
843 4865 1187 4934 ἐλεεινοτάτῃ
1238 4861 1630 4931 περιϐαλοῦσα·
1693 4862 1766 4924 ὡς
1819 4862 1879 4914 δὲ

311 4961 411 5014 καὶ¹
476 4959 736 5028 μειζόνων
802 4959 970 5026 ἐχρῆν
1006 4960 1210 5010 ἐκεῖνον
1274 4954 1591 5009 ἀπολαῦσαι
1658 4956 1878 5017 ποινῶν,

310 5053 412 5122 τῆς
444 5052 543 5120 μὲν
567 5052 629 5102 ἐκ
651 5050 759 5101 τῶν
783 5048 1086 5116 Βλεμμύων
1127 5047 1321 5117 πείρας
1366 5040 1578 5116 ἀφίετο·
1653 5048 1883 5106 ἐκείνοις

310 5144 423 5210 γὰρ
455 5141 613 5209 ἐτυχε
649 5140 939 5209 γενόμενος
963 5139 1323 5206 δορυάλωτος·
1350 5139 1634 5193 Θεοδοσίου
1655 5139 1701 5192 δ’
1719 5142 1883 5207 ἐγνω-

310 5235 472 5294 κότος
528 5230 699 5285 αὐτοῦ
753 5232 854 5298 τὴν
907 5229 1187 5293 ἐπάνοδον,
1244 5229 1617 5298 θεσπίσμασιν
1663 5232 1879 5282 ἐκείνου

308 5327 434 5382 ταῖς
486 5322 740 5390 Θηϐαίων
771 5322 1052 5389 ἐσχατιαῖς
1074 5321 1179 5388 γῆν
1211 5324 1277 5374 ἐκ
1332 5322 1436 5390 γῆς
1470 5321 1717 5390 ἀμείϐων
1770 5321 1877 5392 ᾔει·

310 5418 370 5469 ἐν
395 5410 477 5478 οἷς
505 5418 573 5484 τῇ
600 5417 670 5484 γῇ
703 5413 1212 5483 προσρηγνύμενος,
1241 5414 1334 5466 καὶ
1363 5416 1876 5483 καταπατούμενυς,

310 5504 481 5569 ἀξίως
505 5506 602 5573 τῆς
630 5503 982 5573 βλασφημίας
1016 5504 1108 5556 τὸν
1158 5504 1280 5573 τῇδε
1318 5505 1429 5573 βίον
1487 5505 1877 5574 κατέστρεψεν·

310 5597 472 5657 ἄλλος
503 5614 586 5659 τις
614 5598 834 5666 Ἀρειος
863 5598 927 5665 τῇ
961 5596 1055 5648 τοῦ
1109 5596 1223 5667 βίου
1283 5600 1637 5666 καταστρυφῇ
1743 5616 1877 5667 χρη-

314 5691 572 5759 ματίσας,
599 5684 684 5742 οἷα
715 5689 1008 5760 τάπίχειρα
1034 5690 1129 5755 τῆς
1196 5691 1275 5753 εἰς
1339 5690 1471 5743 Θεὸν
1524 5690 1874 5760 βλασφημίας

312 5783 762 5852 ἐκδιηγούμενος.
826 5783 932 5836 Καὶ
965 5783 1070 5852 γὰρ
1105 5786 1192 5838 καὶ
1230 5786 1394 5854 ἄμφω
1416 5786 1611 5852 ἐπίσης
1638 5784 1872 5854 Χριστὸν

1983 4609 2204 4665 quoque
2265 4595 2464 4648 litteris
2514 4593 2773 4660 colligere
2820 4601 2924 4653 est,
2974 4605 3095 4658 quae
3141 4590 3280 4642 mala
3333 4598 3559 4657 propter

1986 4687 2354 4755 blasphemias
2387 4685 2608 4748 tulerit,
2640 4699 2764 4738 cum
2797 4683 3170 4751 inSpectorem
3215 4696 3397 4734 rerum
3435 4697 3557 4733 om-

1982 4781 2134 4834 nium
2181 4779 2401 4832 oculum
2451 4775 2643 4830 iallere
2690 4790 2801 4828 non
2845 4774 3125 4842 potuerit,
3171 4787 3308 4840 quas
3340 4772 3558 4827 litteras

1982 4872 2048 4923 ad
2121 4869 2435 4924 Thebarum
2485 4878 2607 4922 tum
2674 4870 2994 4936 praefectum
3053 4865 3237 4928 dedit,
3303 4865 3556 4918 indicans

1982 4962 2424 5032 quandoquidem
2476 4960 2795 5014 hominibus
2847 4959 3145 5028 condignas
3200 4972 3390 5025 poenas
3441 4972 3553 5009 non

1984 5056 2216 5117 dederit,
2246 5053 2510 5107 divinitus
2543 5067 2600 5105 se
2621 5053 2767 5121 justa
2793 5050 3039 5104 vindicta
3065 5049 3374 5126 expetitum
3401 5062 3549 5112 esse,

1983 5159 2148 5217 atque
2194 5147 2249 5200 in
2296 5159 2597 5200 arumnam
2649 5153 2704 5198 et
2759 5143 3136 5211 captivitatem
3179 5140 3550 5194 miserandam

1984 5240 2215 5294 maxime
2264 5237 2540 5291 incidisse.
2576 5235 2740 5305 518
2786 5235 2920 5289 Cum
2968 5249 3098 5287 vero
3143 5247 3270 5286 eum
3313 5233 3551 5300 majores

1982 5333 2321 5386 calamitates
2342 5329 2583 5397 experiri
2609 5336 2909 5396 oporteret,
2939 5342 3002 5379 ex
3029 5334 3296 5394 potestate
3325 5324 3545 5392 quidem

1983 5424 2379 5490 Bleminyarum
2405 5421 2492 5472 ille
2517 5419 2777 5472 dimissus
2802 5429 2887 5471 est
2947 5419 3159 5483 (eorum
3185 5417 3333 5469 enim
3367 5413 3546 5481 capti-

1981 5527 2080 5565 vus
2132 5511 2352 5578 fuerat),
2401 5502 2693 5561 Theodosii
2742 5518 2960 5567 autem,
2992 5506 3085 5574 qui
3140 5504 3367 5559 rediisse
3415 5516 3543 5556 eum

1983 5600 2344 5662 intellexerat,
2371 5598 2728 5668 jussionibus,
2765 5598 2818 5650 itt
2851 5597 3116 5651 extremis
3141 5594 3539 5648 Thebanorum

1981 5693 2110 5756 oris,
2137 5694 2315 5747 locum
2345 5708 2406 5747 ex
2439 5692 2555 5745 loco
2589 5698 2824 5754 mutans,
2855 5686 3226 5744 versattts'est.
3259 5686 3358 5740 Ubi
3392 5695 3542 5740 terra

1983 5795 2138 5852 rupta
2185 5793 2472 5854 coopertus
2501 5774 2662 5851 atque
2698 5795 3014 5850 oppressus,
3061 5780 3225 5834 vitam
3263 5778 3402 5832 hanc
3433 5790 3537 5846 pro
