4250 6440
736 380 875 439 117‘)

1957 395 2374 465 MCEE‘IIHRZ
2411 405 2752 468 CALLISTI

3845 410 3980 478 1130

729 508 796 544 co
843 505 1007 561 atque
1057 495 1407 560 blasphemia:
1456 502 1576 572 ejus
1612 508 2008 562 conveniebat.
2062 514 2290 567 amisit:
2333 530 2367 581 Α

2401 517 2926 591 ὲϐλασφημησπὶτην.
2970 522 3190 591 Ἄρειος
3249 524 3347 592 μὶν
3401 527 3504 593 γαρ
3545 527 3770 593 κτίσμα,
3833 526 3994 594 οἱτ-,ς

729 582 892 635 Arius
921 584 1058 636 alter
1093 586 1286 639 ultimo
1318 591 1441 642 vitre
1475 606 1587 644 sua:
1613 603 1734 644 actu
1778 595 2020 656 habitus.
2057 601 2149 666 qui
2184 603 2304 668 qui—

729 675 851 726 dem
885 677 1019 731 satis
1051 695 1172 745 qua:
1196 683 1418 748 praemia
1453 684 1504 735 in
1535 685 1701 738 Deum
1734 689 1907 757 jactas
1934 691 2302 759 blasphemias

731 779 1024 832 maneant,
1079 771 1403 827 declaravit.
1467 775 1710 846 Uterque
1746 795 1879 835 Sane
1911 797 1974 836 ex
2027 800 2185 853 aequo
2249 787 2304 839 in

725 860 1008 913 Christum
1060 863 1422 933 blasphemus
1471 866 1613 923 fuit:
1664 887 1828 939 quem
1876 875 2040 930 Arius
2082 877 2302 946 quidem

728 967 1062 1020 creaturam,
1098 958 1198 1011 iste
1229 971 1412 1013 autem
1443 977 1653 1016 merum
1689 966 1966 1020 hominem
1995 985 2116 1024 esse
2146 970 2303 1023 dixit.

731 1047 811 1099 Ad
845 1065 1008 1116 quem
1048 1061 1167 1103 acta
1215 1052 1463 1120 Ephesize
1498 1058 1728 1126 synodi},
1765 1060 1918 1127 quasi
1953 1061 2142 1130 Cyrilli
2181 1079 2304 1117 ver-

727 1143 870 1195 Sutia
919 1152 975 1196 ct
1016 1144 1255 1197 nefanda
1303 1161 1486 1200 rerum
1534 1152 1829 1207 novatione
1875 1153 2126 1209 instituta
2172 1155 2302 1220 sint,

727 1233 1217 1299 reprehendentem
1241 1275 1257 1301 ,
1332 1240 1673 1307 perlibenter
1722 1245 1996 1300 dixerim:
2031 1245 2141 1300 Cur
2185 1256 2303 1300 tan-

728 1322 852 1374 dem
879 1337 908 1376 a
945 1323 1281 1391 Theodosio,
1314 1332 1409 1398 qui
1437 1333 1610 1386 vicem
1641 1342 1790 1388 tuam
1822 1337 1978 1391 valde
2010 1339 2304 1394 miseratus

725 1422 832 1479 est,
874 1427 1062 1484 postea
1100 1421 1251 1473 nullo
1286 1423 1480 1476 relicto
1526 1427 1698 1480 venite
1731 1428 1874 1490 loco,
1908 1433 2172 1500 expulsus
2205 1449 2263 1487 es
2287 1474 2302 1497 ,

732 1511 787 1555 et
837 1513 915 1558 tot
947 1510 1288 1564 ostracismis
1321 1522 1484 1578 atque
1513 1517 1720 1570 exsiliis
1751 1519 2036 1584 multatus,
2075 1524 2304 1592 turpitt-r

727 1596 893 1650 vitam
933 1599 1161 1655 linivisti
1191 1641 1205 1666 ,
1253 1605 1297 1657 si
1335 1620 1443 1659 non
1481 1606 1548 1662 de
1596 1611 1870 1666 sententia
1897 1623 1952 1667 et
1983 1613 2191 1683 judicio
2221 1615 2303 1669 di—

726 1691 854 1742 vino
895 1690 1170 1761 Cyrillus.
1221 1708 1276 1750 et
1313 1699 1405 1766 qui
1439 1716 1564 1754 cum
1608 1718 1674 1757 eo
1711 1704 1862 1759 fuere
1899 1706 2172 1776 episcopi,
2206 1709 2304 1764 de-

725 1789 933 1834 cretum
967 1799 1124 1838 sumn
1157 1785 1381 1842 fecere?
1415 1789 1482 1844 Et
1514 1792 1677 1846 ambo
1707 1811 1804 1850 vos
1838 1798 2060 1865 quidem
2089 1801 2200 1870 jam
2236 1817 2300 1856 ex

2413 607 2467 659 δὲ
2502 607 2656 675 ψιλὸν
2689 610 2979 680 ἄνθρωπον
3011 613 3298 666 ἀπεκάλει.
3339 616 3481 682 "ph;
3507 615 3564 667 ὃν
3598 617 3662 667 τὰ
3704 620 3756 668 ὲν
3780 617 3994 685 Ἐφέσῳ

2416 702 2765 768 μεμφόμενον
2793 703 2866 764 ὠς
2908 705 2967 754 οὗ
3005 704 3183 765 καλῶς
3254 707 3620 776 γεγενημένα,
3685 709 3995 775 πανουργία

2411 789 2467 841 δὲ
2508 792 2781 860 Κυρίλλου
2844 795 3060 862 ἄθεσμα
3103 799 3225 856 ταῖς
3258 797 3640 865 καινοτομίαις
3698 800 3991 866 τεχνάζον-

2411 896 2522 944 τος,
2549 881 2733 951 ἕροιμι
2786 874 2852 936 ἂν
2888 885 3081 951 ἡδέως·
3135 887 3199 937 Τί
3231 886 3295 957 δή
3345 904 3476 939 ποτε
3526 889 3730 957 καίπερ
3787 891 3993 959 σφόδρα

2415 971 2719 1039 συμπαθῶς
2777 992 2861 1026 σοι
2931 974 3275 1045 διακειμένου
3350 978 3634 1030 Θεοδοσίου
3705 980 3990 1048 ἐξήλασαι,

2416 1063 2693 1132 μηδεμιᾶς
2719 1065 3025 1135 ἠξιωμένος
3052 1068 3293 1135 φειδοῦς,
3325 1070 3444 1122 ’καὶ
3491 1071 3674 1132 τόσοις
3733 1072 3992 1142 £30319:—

2413 1160 2635 1223 κισμοῖς
2669 1159 3027 1229 παρεϐλήθης
3060 1161 3299 1231 αἰσχρῶς
3330 1165 3647 1225 καταλύσας
3704 1166 3796 1216 τὸν
3832 1167 3947 1233 βίοι
3972 1207 3987 1227 ,

2411 1248 2459 1298 εί
2497 1248 2571 1316 μὴ
2594 1247 2715 1318 θεία
2738 1250 2916 1320 κρίσει
2949 1253 3215 1321 Κύριλλος
3259 1255 3357 1308 καὶ
3411 1258 3459 1308 οἱ
3520 1257 3660 1324 ἀμφ’
3699 1257 3864 1310 αὑτὸν
3919 1262 3994 1310 ξε-

2411 1340 2524 1409 ρεῖς
2551 1340 2829 1407 ἕπραξανς
2861 1343 2956 1395 καὶ
2991 1345 3102 1414 γὰρ
3124 1345 3216 1398 καὶ
3269 1345 3440 1415 ἄμφω
3512 1349 3628 1409 τοῖς
3685 1348 3990 1402 ἀπελθοῦσι

2413 1433 2886 1506 συνηριθμήθητε,
2913 1436 3002 1488 ὅτε
3036 1436 3110 1500 ῶς
3170 1455 3277 1491 τινι
3313 1439 3423 1491 τῶν
3456 1440 3561 1504 ἔξω
3603 1441 3785 1508 σοφῶν
3840 1442 3994 1510 εἴρη-

2410 1540 2521 1589 ται,
2555 1525 2612 1576 τ’)
2655 1527 2730 1595 μὴ
2761 1527 3011 1596 ἐμποδὼν
3039 1529 3426 1600 ἀνταγωνίστῳ
3458 1530 3654 1601 εὐνοίᾳ
3677 1533 3994 1601 τετίμηται.

2411 1617 2483 1668 Συ
2537 1617 2659 1683 μὲν,
2728 1619 2803 1681 ὡς
2857 1619 3180 1690 βλάσφημος
3227 1623 3321 1674 καὶ
3377 1622 3671 1692 θεομάχος,
3741 1624 3994 1692 ἐσχάτως

2410 1708 2579 1761 anum
2607 1712 3027 1781 κατακέκρισαι·
3069 1715 3276 1775 ἐκεῖνος
3298 1713 3354 1766 δὲ
3386 1708 3473 1767 οἷα
3495 1733 3576 1777 τις
3622 1716 3719 1781 τῆς
3762 1716 3996 1786 Ἐκκλη-

2410 1801 2533 1862 σίας
2584 1803 2818 1870 σάλπιγξ
2853 1805 3194 1876 περιηχοῦσα
3227 1805 3298 1858 τὰ
3326 1808 3557 1877 πέρατα,
3595 1809 3688 1860 καὶ
3712 1807 3812 1876 τῆς
3865 1809 3994 1861 Ἐκ-

727 1872 832 1924 vita
876 1872 978 1928 hac
1010 1879 1330 1933 excessistis
1364 1899 1375 1933 :
1411 1897 1518 1950 quo
1564 1893 1841 1954 tempore,
1871 1890 2032 1943 sicuti
2081 1893 2298 1960 quidam
2336 1888 2367 1940 Β

2403 1894 2632 1962 κλησίας
2668 1872 2956 1965 πρόμαχος
2982 1872 3409 1966 αρραγέστατος-
3432 1900 3547 1960 τοῖς
3576 1872 3836 1951 ἁπάντων
3874 1899 3994 1968 χεί-

724 1979 792 2016 cx
827 1967 1071 2034 profanis
1103 1972 1443 2040 sapientibus
1474 1976 1634 2041 dixit,
1676 1981 1813 2035 nihil
1851 1984 2030 2037 obstat
2055 2001 2164 2055 quo
2199 1988 2298 2039 mi-

726 2072 830 2109 nus
871 2059 1043 2114 libera
1079 2063 1314 2132 quisque
1347 2067 1633 2122 hominum
1679 2071 2061 2129 benevolentia
2086 2115 2101 2140 ,
2147 2079 2300 2132 nullo

725 2149 1101 2207 intercedente
1129 2155 1466 2222 adversario,
1493 2163 1708 2215 colatur
1739 2164 1836 2234 (l).
1876 2169 1952 2222 Ac
1990 2177 2045 2222 tu
2076 2170 2296 2237 quidem

725 2254 784 2294 ut
817 2244 1185 2314 blasphemus,
1235 2258 1290 2304 et
1327 2253 1502 2307 hostis
1549 2255 1642 2308 Dei
1680 2268 1979 2319 extremus,
2013 2262 2080 2314 ab
2123 2263 2299 2316 omni-

730 2336 834 2391 bus
863 2338 1158 2396 damnatus
1183 2359 1242 2398 es
1271 2361 1283 2397 :
1314 2345 1402 2400 ille
1429 2358 1612 2401 autem
1640 2350 1809 2404 veluti
1839 2352 2085 2420 quadam
2114 2355 2299 2409 Eccle-

721 2428 820 2504 siae
857 2430 1026 2496 tuba,
1075 2433 1212 2488 fines
1250 2445 1411 2492 terras
1457 2455 1780 2508 personans,
1828 2453 1884 2498 et
1927 2457 2299 2516 propugnator

724 2521 983 2576 Ecclesia:
1031 2523 1402 2590 fortissimus,
1453 2531 1520 2585 ab
1560 2533 1819 2587 omnibus
1866 2536 2195 2602 celebratur,
2245 2527 2298 2592 et

723 2616 981 2671 omnibus
1022 2617 1074 2671 in
1105 2633 1200 2673 ore
1229 2631 1333 2675 est.
1369 2621 1629 2677 Sedenitn
1664 2641 1731 2679 ne
1755 2627 1964 2681 crimen
2002 2629 2120 2682 falsi
2153 2632 2298 2698 apud

720 2710 1006 2778 quospiam
1033 2715 1427 2776 sustineamus.
1459 2732 1558 2786 age
1583 2718 1734 2772 illum
1766 2720 1943 2788 ipsum
1970 2721 2024 2775 in
2061 2723 2296 2776 medium

720 2802 1120 2869 producentes,
1156 2809 1342 2862 verbis
1381 2809 1502 2879 ejus
1547 2826 1636 2865 res
1681 2813 1802 2883 ejus
1833 2830 2212 2884 exponamus;
2246 2825 2302 2872 et

724 2903 781 2946 tu
822 2897 1109 2964 epistolam
1159 2899 1244 2954 fac
1277 2902 1503 2966 audias,
1537 2905 1740 2972 quibus
1777 2906 1920 2960 illam
1954 2908 2191 2974 litteris,
2233 2911 2300 2965 ad

722 3002 848 3041 cum
881 3003 1043 3055 quem
1078 2991 1319 3045 diximus
1344 2993 1735 3051 Thebanorum
1767 3000 2050 3066 praesidem
2079 3016 2304 3071 compo-

719 3077 902 3140 suisti,
931 3094 996 3132 ex
1024 3078 1276 3149 Ephesiis
1306 3083 1373 3138 de
1406 3085 1671 3153 religione
1690 3091 2032 3144 sanctissima
2065 3095 2303 3148 recenti-

721 3170 825 3224 bus
868 3174 1006 3226 actis
1053 3175 1342 3241 prolatam.
1397 3194 1415 3226 ι
1443 3177 1648 3243 Oasim,
1680 3196 1799 3249 quae
1828 3190 1883 3236 et
1915 3183 2026 3237 Ibis
2060 3183 2286 3247 dicitur,
2324 3219 2367 3281 C

720 3263 992 3331 imperiali
1029 3268 1313 3322 sanctione
1349 3269 1663 3324 incolimus.
1709 3289 1728 3322 ι
1779 3273 1845 3327 Ει
1897 3285 2019 3343 post
2050 3277 2295 3345 quaedam

721 3360 880 3409 verba
932 3358 1138 3412 infert:
1179 3379 1196 3411 ι
1233 3361 1690 3430 Quandoquidem
1735 3364 1913 3429 loeus,
1955 3381 2119 3435 quem
2159 3368 2298 3424 dixi-

720 3464 877 3512 mus,
929 3450 1298 3504 Barbarorutn
1339 3451 1694 3518 incursione,
1734 3457 2083 3524 captivorum
2119 3459 2296 3512 abdu-

719 3544 926 3605 ctione,
960 3555 1125 3613 atque
1151 3545 1278 3613 igne
1312 3555 1367 3599 et
1397 3546 1644 3601 cwdibus
1667 3562 1731 3600 ex
1763 3548 1897 3616 ipsis
1925 3548 2298 3605 fundamentis

719 3637 941 3690 dirutus
972 3621 1137 3705 atque
1176 3648 1425 3692 vastatus
1455 3649 1540 3693 est
1563 3679 1578 3703 ,
1617 3650 1673 3694 et
1717 3657 1817 3695 nos
1846 3657 1876 3696 a
1910 3643 2164 3698 barbaris
2198 3644 2297 3698 de-

718 3739 944 3797 repente
969 3730 1156 3783 nescio
1186 3746 1296 3799 quo
1328 3731 1493 3786 modo
1516 3733 1953 3788 misericordiam
1983 3738 2294 3803 consecuti,

719 3823 795 3875 ita
844 3822 1005 3876 liberi
1041 3822 1254 3876 dimissi
1299 3839 1526 3891 sumus,
1575 3835 1634 3881 ttt
1669 3827 1745 3881 illi
1775 3829 2128 3883 attestatione
2165 3847 2297 3884 con-

717 3915 924 3986 junctis
969 3915 1137 3970 minis
1180 3931 1282 3970 nos
1327 3925 1636 3982 terrerent,
1673 3929 1727 3972 et
1769 3922 2178 3988 quamprimum
2215 3938 2298 3975 re-

720 4007 883 4074 gione
932 4022 996 4060 ea
1039 4007 1334 4072 excedere,
1369 4017 1558 4077 utpote
1589 4025 1754 4078 quam
1801 4011 1963 4080 519
1997 4013 2183 4067 Mazici
2219 4013 2294 4082 (2)

720 4109 843 4168 post
872 4115 985 4164 eos,
1012 4101 1156 4153 nulla
1177 4101 1499 4168 interposita
1528 4116 1700 4163 mora,
1729 4104 2044 4168 occupaturi
2082 4110 2290 4169 essent,

718 4192 996 4263 juberent,
1022 4193 1076 4246 in
1093 4191 1355 4246 ditionem
1378 4192 1787 4248 Thebanorum.
1807 4211 1931 4248 cum
1952 4196 2292 4264 captivorum

725 4287 1004 4356 reliquiis,
1041 4301 1180 4357 quos
1214 4286 1280 4340 ad
1324 4303 1423 4341 nos
1477 4287 1705 4342 Barbari
1752 4289 2129 4344 misericordia
2162 4291 2292 4343 moti

725 4380 882 4450 (quid
925 4381 1029 4436 sibi
1068 4383 1382 4448 voluerint,
1416 4383 1603 4438 dicere
1646 4387 1881 4454 nequeo)
1917 4385 2289 4450 adduxerunt,

723 4477 997 4528 venimus.
1046 4477 1224 4546 Atque
1272 4477 1350 4530 illi
1393 4477 1610 4546 quidem
1657 4478 1724 4532 ad
1768 4490 1951 4549 optata
1991 4489 2048 4534 et
2094 4480 2292 4549 placita

2400 1983 2516 2036 λεσι
2545 1987 2768 2055 φέρεται
2802 1986 2916 2057 ἅμα
2955 1990 3050 2040 καὶ
3090 1989 3431 2059 περιᾴδεται.
3506 1991 3625 2044 Ἵνα
3670 1991 3851 2043 τοίνυν
3893 1992 3994 2044 καὶ

2404 2076 2480 2145 μή
2507 2093 2619 2129 τισι
2649 2077 2877 2144 ψεύδους
2919 2081 3142 2150 γραφὴν
3201 2081 3582 2151 ὲνεγκὼμεθα,
3646 2085 3782 2152 φέρε
3824 2083 3993 2135 αὐτὸν

2401 2171 2606 2223 ἐκεῖνον
2631 2172 2712 2233 είς
2746 2172 2913 2241 μέσον
2949 2174 3275 2240 ἀγαγόντες,
3311 2176 3380 2226 τὰ
3405 2177 3534 2243 περὶ
3570 2176 3735 2228 αὑτοῦ
3769 2176 3985 2239 διεξέλ-

2402 2260 2603 2328 θωμεν.
2660 2263 2767 2315 Καί
2803 2279 2891 2330 μοι
2938 2267 3035 2333 τῆς
3074 2267 3174 2333 σῆς
3231 2266 3520 2334 ἐπιστολῆς
3564 2265 3728 2320 ἄκουε
3787 2269 3978 2328 αὐτοῖς

2400 2353 2720 2421 γράμμασιν
2754 2347 2843 2406 οἷά
2880 2371 2963 2406 σοι
2993 2356 3339 2408 συντέθειται
3369 2357 3505 2426 πρὶς
3551 2358 3642 2408 τὸν
3694 2359 3992 2426 εἰρημένον

2399 2445 2507 2502 τῶν
2535 2443 2788 2512 θηϐαίων
2825 2445 3154 2514 ἡγούμενον,
3197 2448 3260 2498 ἐκ
3306 2447 3417 2500 τῶν
3458 2449 3650 2517 πρώην
3702 2450 3829 2516 περὶ
3886 2450 3991 2515 τῆς

2400 2535 2710 2607 ἁγιωτάτης
2792 2538 3092 2606 θρησκείας
3155 2542 3212 2591 ἐν
3287 2540 3500 2608 Ἐφέσῳ
3565 2542 3989 2609 γεγενημένων.

2411 2628 2638 2680 «⁸⁷Οασιν
2665 2628 2763 2696 τὴν
2824 2631 2915 2681 καὶ
2960 2629 3098 2683 Ἶϐιν
3151 2633 3212 2682 ἐκ
3266 2631 3641 2701 θεσπίσματος
3699 2633 3990 2702 βασιλικοῦ

2402 2719 2818 2786 κατοικοῦμεν.»
2855 2721 2960 2772 Καί
2999 2739 3161 2773 τινων
3190 2723 3246 2776 ὲν
3278 2725 3427 2792 μέσῳ
3471 2723 3786 2791 λεγομένων
3846 2726 3991 2778 ἐπά-

2402 2829 2510 2880 γει*
2552 2834 2569 2864 ε
2612 2815 2832 2884 Ἐπειδὴ
2859 2815 2916 2868 δὲ
2969 2818 3033 2867 ἐκ
3082 2816 3298 2886 βάθρων
3354 2818 3457 2886 μὲν
3506 2819 3538 2886 ὴ
3595 2817 3990 2886 προειρημένη

2404 2907 2499 2958 καὶ
2587 2907 2934 2977 βαρϐαρικῆς
2986 2909 3367 2977 αἰχμαλωσίας
3491 2910 3586 2963 καὶ
3691 2911 3828 2979 πυρὶ
3890 2912 3993 2961 καὶ

2405 3001 2640 3065 σφαγαῖς
2677 2999 3097 3068 έκλελίκμηταιο
3132 3002 3294 3069 ἡμεῖς
3325 3000 3382 3052 δὲ
3427 3001 3582 3070 παρὰ
3623 3000 3734 3053 τῶν
3767 3000 3985 3070 βαρϐά-

2406 3103 2511 3153 ρων
2544 3083 2724 3140 οἷκτον
2751 3090 2848 3142 οὐκ
2889 3087 3156 3152 οἷδ’ὃπως
3225 3089 3486 3160 ἐξαίφνης
3525 3090 3611 3158 ἐφ’
3653 3094 3785 3159 ἡμῖν
3841 3094 3979 3144 dva-

2411 3181 2686 3233 λαϐόντων
2715 3182 3124 3252 ἀπολελύμεθα,
3149 3187 3286 3251 μετα
3313 3184 3410 3235 τοῦ
3441 3185 3532 3236 καὶ
3557 3183 3991 3253 διαμαρτυρίαις

2402 3273 2546 3340 ἡμᾶς
2608 3272 2992 3340 ἀπειλητικαῖς
3060 3273 3424 3340 καταπλῆξαι
3489 3273 3578 3325 διὰ
3633 3275 3836 3340 τάχους
3888 3276 3992 3337 τὴν

2402 3365 2586 3433 χώραν
2641 3364 2955 3434 ἐκδραμεῖν,
2991 3364 3066 3427 ὡς
3137 3365 3401 3428 Μοζίκων
3431 3365 3598 3433 αὐτὴν
3633 3364 3750 3433 μετ’
3788 3366 3992 3426 αὖτοὶς

2401 3457 2666 3526 ἀμελλητὶ
2697 3457 3196 3527 παραληψομένων,
3240 3459 3450 3526 ἦκομεν
3472 3459 3550 3520 είς
3595 3457 3692 3526 τὴν
3728 3457 3990 3526 Θηϐαίων

2403 3547 2671 3618 μετὰτῶν
2704 3548 3068 3618 αἰχμαλώτων
3097 3549 3391 3618 λειψάνων,
3431 3549 3524 3611 οὓς
3567 3552 3698 3618 qui:
3739 3553 3789 3601 οἱ
3833 3550 3975 3617 βάρι

2400 3640 2558 3708 ϐαροι
2587 3639 2707 3691 κατ’
2737 3637 2918 3692 οἶκτον
2951 3642 3326 3709 προσήγαγον,
3376 3641 3428 3692 τί
3455 3640 3772 3710 βουλόμενοι
3802 3643 3988 3704 λέγειν

2399 3733 2500 3785 οὐκ
2539 3731 2666 3801 ἔχω.
2712 3733 2775 3784 0i
2811 3733 2909 3802 μὲν
2934 3728 3028 3785 οὖν
3076 3733 3213 3803 πρὸς
3265 3734 3363 3795 τὰς
3417 3735 3802 3800 καταθυμίους
3855 3734 3988 3784 ἐκέ-

2402 3841 2510 3893 στῳ
2540 3824 2822 3890 διαγωγὰς
2853 3824 3237 3877 ἁπολέλυνται·
3270 3825 3431 3894 ἡμεῖς
3467 3826 3522 3876 δὲ
3549 3827 3816 3894 φανεροὺς
3853 3826 3988 3876 ἐαυ-

2397 3919 2524 3975 τοὺς
2547 3915 2965 3985 ὲγκαθιστῶμεν
2991 3919 3056 3985 τῇ
3084 3917 3259 3979 Πανὸς
3312 3917 3660 3976 ἐπιστάντες.
3720 3915 3983 3967 Δεδοίκαο

2402 4026 2502 4077 μεν
2532 4011 2642 4078 γὰρ
2681 4010 2755 4079 μή
2791 4027 2874 4070 τις
2909 4010 3067 4078 ἡμῶν
3107 4009 3496 4078 πραγματείαν
3559 4009 3660 4078 τὴν
3694 4009 3984 4076 αἰχμαλω-

2400 4102 2522 4153 σίαν
2555 4101 2904 4170 ποιούμενος,
2961 4102 3242 4170 ἢφυγαδα
3313 4101 3436 4154 καθ’
3471 4101 3627 4170 ἡμῶν
3683 4101 3978 4167 amntem

2396 4194 2669 4264 διαϐολὴν,
2703 4195 2736 4264 ἡ
2765 4211 2910 4256 τινος
2953 4194 3121 4263 ἄλλης
3165 4196 3469 4265 μηχάνημα
3529 4195 3816 4264 μέμψεως.
3873 4193 3980 4245 Εὖ-

2397 4301 2563 4354 πορος
2601 4289 2709 4356 γὰρ
2737 4286 3000 4339 διαϐολῶν
3028 4287 3388 4340 παντοδαπῶν
3441 4289 3472 4358 η
3528 4288 3723 4342 κακία.
3777 4287 3874 4338 Διὸ
3905 4287 3973 4354 δὴ

2397 4375 2664 4445 ἀξιοῦμεν
2688 4377 2748 4427 τὸ
2795 4378 3067 4447 ὑμέτερον
3097 4377 3326 4446 μέγεθος
3371 4378 3468 4446 τῆς
3525 4379 3802 4448 ἡμετέρας
3854 4381 3980 4442 αἰχ·-

2404 4470 2688 4538 μαλωσίας
2727 4471 3016 4538 φροντίσαι
3045 4471 3186 4522 κατα
3238 4471 3297 4521 τὸ
3345 4471 3456 4530 τοῖς
3506 4469 3694 4536 νόμοις
3761 4467 3980 4530 δοκοῦν,

723 4569 959 4636 quisque
978 4569 1099 4622 loca
1124 4583 1183 4622 se
1214 4579 1567 4638 receperunt.
1591 4570 1701 4624 Nos
1724 4581 1905 4624 autem
1933 4571 2001 4625 ad
2028 4572 2191 4626 Panis
2220 4573 2295 4641 (5)
2333 4560 2367 4615 Π

2404 4563 2497 4613 καὶ
2548 4567 2623 4632 μὴ
2649 4562 2927 4615 ἐπιδοῦναι
2954 4562 3335 4630 κακοτεχνίαις
3367 4561 3578 4629 ἀνδρῶν
3628 4561 3982 4628 αἰχμαλωτεν

723 4661 915 4713 urbem
957 4659 1302 4725 divertimus,
1335 4660 1626 4714 manifesto
1660 4661 1714 4715 id
1757 4662 2084 4718 indicantes.
2129 4663 2296 4719 Vere-

723 4769 848 4806 mur
891 4769 1160 4822 namque,
1204 4769 1271 4808 ne
1303 4754 1427 4823 quis
1462 4753 1836 4821 captivitatem
1880 4763 2122 4809 nostram
2170 4770 2298 4809 con-

720 4846 921 4905 sultatn
953 4847 1294 4900 molitionem
1330 4855 1386 4901 et
1416 4845 1667 4900 fraudem
1695 4861 1816 4901 esse
1845 4847 2059 4912 dicens,
2087 4848 2298 4902 calum-

719 4941 878 4993 niose
914 4936 1225 5006 profugisse
1263 4951 1366 4990 nos
1396 4942 1652 4999 accuset,
1697 4945 1751 4991 et
1780 4937 2013 4991 alterius
2041 4936 2296 4990 criminis

723 5029 1524 5103 machinationem.conlingat.
1555 5027 1730 5083 Ferax
1759 5029 1905 5081 enim
1935 5029 2154 5097 generis
2182 5044 2298 5082 om-

723 5126 812 5180 nis
840 5122 1244 5178 calumniarum
1280 5130 1385 5174 est.
1413 5119 1641 5173 malitia.
1670 5118 2015 5188 Quapropter
2046 5119 2302 5188 amplitu-

725 5218 909 5272 dinem
939 5225 1087 5269 tuam
1122 5228 1396 5284 rogamus,
1423 5222 1481 5266 ut
1510 5211 1610 5266 tibi
1644 5210 1935 5279 captivitas
1959 5219 2166 5273 nostra,
2200 5223 2300 5279 pro

724 5326 793 5365 eo
823 5318 989 5377 atque
1025 5308 1240 5377 legibus
1265 5310 1628 5361 constitutum
1659 5311 1776 5368 est,
1818 5317 1965 5357 curae
1992 5302 2064 5355 sit
2092 5319 2108 5356 :
2146 5310 2200 5356 et
2232 5315 2299 5355 ne

725 5399 1125 5454 malevolentiae
1164 5405 1220 5451 et
1249 5395 1426 5450 fraudi
1469 5394 1758 5448 hominum
1801 5393 2078 5461 captivum
2115 5390 2182 5444 ad
2218 5389 2302 5443 in-

720 5491 902 5562 jurias
930 5497 985 5544 et
1015 5488 1379 5544 contumelias
1411 5485 1581 5542 dedas
1602 5526 1616 5550 ,
1646 5499 1716 5540 ne
1756 5484 2017 5539 videlicet
2047 5481 2304 5537 omnibus

919 5652 1204 5731 Evagrius,
1236 5651 1334 5731 _lib.
1374 5665 1571 5731 t.__cap.
1611 5647 1663 5700 7.
1827 5718 1840 5731 .
1935 5719 1991 5731 Η

908 5718 1063 5792 Apud
1099 5722 1364 5802 Stephan.
1409 5720 1620 5802 Mezyes
1646 5718 2117 5802 nomadcslpibym
2151 5726 2299 5771 sunt.

732 5789 1153 5847 Suidasautem
1180 5789 1281 5846 sub
1315 5789 1823 5868 Anastasionurbes
1874 5789 2056 5859 ιί1›)ἰιξ
2110 5804 2306 5868 excur-

720 5864 983 5925 sionibus
1012 5877 1202 5919 eorum
1243 5862 1333 5932 qui
1378 5861 1558 5917 Lazici
1595 5861 1877 5928 dicuntur,
1915 5871 2136 5915 vexatas
2173 5861 2309 5913 seri-

2401 4654 2479 4715 εἰς
2508 4655 2704 4706 κακίαν
2737 4654 2973 4706 ἔκδοτον·
3005 4655 3092 4706 ἵνα
3145 4652 3220 4724 μὴ
3253 4655 3458 4714 πάσαις
3519 4653 3580 4704 ὲκ
3633 4653 3827 4703 τούτου
3892 4667 3988 4715 γε-

2400 4749 2546 4808 νεεῖς
2593 4748 2962 4816 τραγῳδῆται,
3006 4749 3249 4816 κρεῖττον
3285 4742 3423 4798 εἶναι
3458 4744 3748 4814 βαρϐαρων
3783 4745 3989 4812 αἰχμάο

2397 4837 2620 4907 λωτονῆ
2653 4839 2938 4906 πρῦσφυγα
2983 4837 3260 4906 βασιλείας
3306 4835 3684 4904 Ῥωμαῖκῆς.)
3744 4837 3852 4887 Καὶ
3891 4837 3989 4900 δρ-

2399 4948 2527 4992 κους
2558 4927 2872 4997 ἐπαγαγὼν,
2899 4929 3100 5000 ᾔτησεν
3147 4949 3166 4981 ι
3187 4929 3356 4990 οὕτως
3384 4931 3699 4995 ἀνενεγκεῖν
3727 4928 3824 4994 τὴν
3851 4928 3992 4994 ἡμε-

2399 5021 2559 5090 τέραν
2588 5020 2647 5084 ἐξ
2696 5020 2936 5083 Ὀασεως
2979 5019 3213 5072 ἐνταῦθα
3280 5018 3562 5086 διαγωγὴν
3607 5020 3669 5070 ὲκ
3712 5018 3991 5087 βαρϐαρι-

2402 5115 2503 5179 κῆς
2542 5111 2842 5180 γενομένην
2906 5111 3174 5176 ἀφέσεως,
3224 5110 3363 5161 ῶστε
3392 5110 3492 5178 τὴν
3523 5108 3599 5176 τῷ
3629 5109 3749 5176 θεῴ
3789 5108 3990 5160 δοκοῦ-

2405 5220 2500 5255 σαν
2533 5203 2625 5255 καὶ
2666 5202 2758 5254 νῦν
2792 5202 3142 5271 ἐξενεχθῆναι
3197 5203 3325 5270 περὶ
3381 5201 3540 5272 ήμῶν
3577 5201 3982 5253 διατύπωσιν.»

2404 5294 2512 5348 Καὶ
2543 5296 2601 5346 έν
2639 5295 2807 5364 ἑτέρᾳ
2853 5294 2910 5346 δὲ
2962 5293 3227 5363 ἐπιστολῇ
3292 5295 3387 5345 καὶ
3459 5291 3634 5346 ταῦτα
3684 5295 3824 5359 πρὶς
3891 5294 3990 5344 τὸν

2404 5385 2564 5439 αὑτὸν
2593 5386 2746 5452 δηλοῖ
2799 5387 2998 5454 λέγων·
3069 5404 3088 5437 ι
3124 5387 3247 5438 Εἴτε
3282 5386 3358 5447 ὠς
3393 5386 3605 5452 φιλικῖν
3663 5383 3794 5453 παρ’
3827 5384 3992 5452 ἡμῶν

2406 5481 2542 5548 πρὸς
2588 5481 2687 5548 τὴν
2747 5478 2846 5550 σὴν
2901 5478 3386 5550 μεγαλοπρέπειαν
3445 5479 3704 5547 γράμμα,
3739 5477 3879 5542 ,εἴτε
3909 5477 3992 5538 ὡς

2408 5639 2527 5694 bit:
2567 5650 2628 5694 ut
2660 5639 2894 5695 fortasse
2939 5641 3028 5695 hic
3066 5643 3228 5694 etiam
3268 5640 3443 5694 Lazici
3478 5641 3549 5694 sit
3588 5637 3910 5704 legendum.

2482 5711 2559 5780 (3)
2595 5712 2886 5778 Panopolis
2920 5713 3047 5766 urbs
3089 5721 3141 5763 et
3187 5726 3382 5766 nomus
3432 5709 3786 5779 Pauopolites
3834 5707 3989 5779 apud

2411 5782 2550 5837 Plin.
2581 5791 2683 5845 est,
2719 5783 2812 5835 lib.
2847 5798 2898 5847 v,
2930 5797 3049 5851 cap.
3083 5781 3135 5836 9.
