4250 6440
307 399 440 468 1181

1221 409 1818 477 ECCLESIAS’I‘ICE
1860 409 2251 478 HISTORIA!
2290 420 2438 481 LIB.
2485 411 2648 480 XIV.

3431 415 3572 482 1182

299 523 615 595 ὑπόμνησιν
650 524 804 596 παρά
830 525 1036 596 πατρὶς
1073 528 1211 598 πρὸς
1253 531 1371 581 υἱον
1401 530 1461 582 τὸ
1519 531 1697 600 παρὸν
1726 532 1886 585 τοῦτο
1917 541 1961 597 Α

1917 541 1961 597 Α
1993 535 2259 606 deinceps
2299 536 2753 607 generationibus
2797 547 2853 591 et
2883 535 3143 590 aetatibus
3188 535 3392 602 tragica
3425 538 3569 589 νοςὶ-

300 615 690 685 λογισάμενος,
747 617 1014 688 ἀνάσχου,
1054 620 1385 689 παρακαλῶ,
1442 624 1544 691 τῆς
1612 623 1670 674 ἐν
1732 623 1880 692 αὐτῷ

298 707 613 778 διηγήσεως
639 710 768 779 περὶ
790 711 1021 773 πολλῶν,
1060 712 1183 766 καθ’
1215 713 1340 773 ὅσον
1371 715 1498 784 ἐνῆν
1553 717 1882 786 γεγραμμέ-

296 817 400 869 νης
441 800 571 868 παρ’
601 801 762 870 ήμῶν
812 803 1180 872 βραχυλογίας
1239 805 1428 875 οῦσης·
1488 807 1728 872 Ὀάσεως
1781 813 1880 878 τῆς

298 894 396 945 καὶ
425 893 640 956 ι’ίϐεως
716 896 782 948 ὲκ
831 897 1043 953 πολλῶν
1098 898 1294 967 πρώην
1343 899 1735 970 ἀφανισθείσης
1785 901 1880 955 τοῦ

297 986 408 1039 τῶν
433 984 703 1055 Νομάδων
736 989 977 1058 πλήθους
1028 991 1116 1044 ἐπ’
1171 992 1345 1060 αὐτὴν
1395 993 1864 1063 ἀναδραμόντος.ι

300 1077 411 1130 Καὶ
439 1076 560 1147 μεθ’
590 1078 774 1150 ἕτερα·
812 1097 832 1132 ε
861 1080 1081 1134 Τούτων
1131 1081 1188 1134 δὲ
1239 1082 1414 1146 οὕτως
1449 1085 1879 1152 συμϐαινόντων,

298 1168 402 1219 οὐκ
430 1163 528 1220 οἷδ’
553 1170 618 1222 ὲκ
655 1171 818 1228 ποίας
844 1171 1104 1240 ἀφορμῆς
1135 1171 1165 1241 ἢ
1197 1172 1358 1224 ποίαν
1385 1173 1641 1242 ἀφορμὴν
1680 1173 1882 1226 λαϐοῦ-

305 1278 410 1329 σης
464 1261 568 1332 τῆς
626 1263 727 1331 σῆς
782 1264 1284 1334 μεγαλοπρεπείας,
1343 1264 1484 1335 πρὸς
1534 1265 1885 1335 ἐλεφαντίνην

299 1354 430 1407 τινὰ
453 1354 550 1422 τῆς
582 1355 838 1426 Θηϐαίων
870 1359 1145 1428 ἐπαρχίας
1189 1359 1370 1427 πέρας
1398 1358 1566 1414 οῦσαν
1612 1360 1884 1430 βαρϐαρι-

304 1447 420 1501 κῶν
445 1447 534 1500 διὰ
583 1452 936 1518 στρατιωτῶν
973 1452 1038 1503 ἑκ
1092 1455 1193 1522 τῆς
1260 1451 1437 1513 Πανὸς
1495 1451 1882 1521 ἑπεμπόμεθα,

306 1541 601 1610 συρόμενοι
627 1543 766 1611 πρὸς
788 1542 961 1612 αὐτὴν
997 1543 1085 1598 διὰ
1111 1544 1212 1613 τῆς
1258 1545 1670 1615 προρῤηθείσης
1721 1562 1886 1615 στρα-

300 1634 564 1703 τιωτικῆς
590 1631 865 1703 βοηθείας·
895 1635 992 1688 καὶ
1015 1635 1094 1706 τῷ
1127 1636 1335 1688 πλείονι
1373 1636 1470 1705 τῆς
1497 1634 1620 1689 ὁδοῦ
1655 1652 1881 1704 συντρι-

303 1721 522 1790 ϐέντες,
559 1728 725 1781 πάλιν
757 1730 1008 1798 ἄγραφον
1036 1730 1136 1797 τῆς
1185 1733 1283 1798 σῆς
1312 1730 1541 1798 ἀνδρίας
1598 1729 1885 1799 καταλαμ-

301 1820 545 1890 ϐάνομεν
563 1823 843 1891 κέλευσμα
863 1823 941 1884 είς
958 1821 1054 1890 τὴν
1079 1822 1251 1882 Πανὸς
1277 1822 1636 1891 ὑποστρέψειν
1656 1822 1886 1888 .Συγκο.

1992 628 2189 682 feratio
2217 643 2315 683 seu
2351 629 2639 698 quiritatio
2673 627 2993 692 iuvalescat,
3031 628 3227 682 melius
3262 643 3381 682 esse
3418 638 3476 683 ut
3506 632 3562 682 in

1991 719 2360 775 Barbarorum
2410 721 2609 790 aliquis
2655 729 2927 789 potestate
2971 722 3224 789 captivus
3257 721 3363 783 sit,
3405 738 3569 791 quam

1990 814 2056 868 ad
2103 815 2471 869 Romanorum
2528 814 2819 883 imperium
2846 813 3070 882 supplex
3097 814 3397 881 confugiat.
3439 832 3460 866 ι
3505 814 3571 868 Ει

1983 907 2298 978 juramento
2329 907 2673 976 interposito,
2705 907 3027 976 petitionem
3059 906 3219 960 talem
3247 906 3556 976 subjunxit:

2009 995 2234 1053 cPatere
2265 1013 2364 1052 nos
2397 999 2488 1052 hic
2520 1014 2586 1052 ex
2615 998 2740 1053 Oasi
2776 1011 3030 1052 reversos
3059 1012 3298 1061 manere,
3317 999 3480 1052 sicuti
3515 997 3568 1051 id

1993 1090 2152 1146 nobis
2204 1091 2426 1145 Barbari
2477 1091 2818 1160 permisere:
2872 1101 2932 1144 ut
2981 1104 3131 1144 nunc
3174 1091 3364 1151 etiam,
3417 1090 3568 1160 quod

1995 1183 2106 1236 Deo
2131 1183 2430 1250 visumest,
2463 1183 2530 1237 de
2546 1183 2703 1238 nobis
2723 1182 3150 1238 constituatur.)
3202 1182 3263 1234 ιη
3297 1180 3403 1234 alia
3435 1196 3568 1234 rur-

1992 1291 2112 1330 sum
2130 1277 2360 1346 epistola
2383 1277 2450 1330 ad
2462 1276 2716 1331 eumdem
2731 1275 2846 1331 hac
2859 1275 3087 1329 scribit:
3115 1290 3135 1325 ι
3153 1272 3280 1327 Sive
3299 1273 3566 1338 scriptum

1994 1368 2124 1431 hoc,
2153 1377 2214 1422 ut
2241 1368 2426 1432 amici,
2456 1367 2524 1422 ad
2551 1366 3013 1436 magniﬁcentiam
3045 1374 3215 1427 tuam,
3241 1362 3566 1431 epistolam,

1993 1472 2090 1512 seu
2121 1469 2181 1513 ut
2221 1459 2396 1528 patris
2433 1458 2500 1512 ad
2551 1459 2722 1512 ﬁlium
2759 1456 3255 1512 commonitionem
3303 1453 3564 1521 accipias,

1993 1563 2102 1602 non
2139 1548 2337 1617 rejice,
2389 1557 2440 1602 te
2489 1562 2704 1616 quaeso.
2737 1561 2858 1616 quas
2904 1547 2960 1600 in
3003 1560 3070 1600 eo
3097 1552 3204 1608 est,
3241 1557 3401 1612 quam
3449 1541 3566 1595 ﬁeri

1993 1640 2170 1708 potuit
2198 1639 2580 1694 brevissimam
2613 1638 2681 1692 de
2718 1639 2886 1692 rebus
2921 1637 3108 1691 multis
3149 1635 3564 1690 narrationem:

1994 1746 2118 1785 cum
2153 1730 2330 1794 Oasis,
2360 1747 2480 1800 (luat
2508 1731 2674 1785 etiam
2704 1730 2810 1786 Ibis
2840 1731 2986 1784 dicta
3016 1737 3122 1790 est,
3155 1727 3361 1782 dudum
3395 1741 3422 1778 a
3459 1724 3569 1779 No-

1997 1822 2216 1876 madum
2242 1823 2613 1885 multitudine,
2634 1824 2728 1893 qui
2755 1824 2810 1877 in
2829 1839 2948 1877 eam
2975 1829 3361 1882 excurrerunt,
3381 1829 3566 1873 vasta-

304 1914 500 1975 πέντες
529 1913 586 1965 δὲ
613 1915 724 1976 τοῖς
753 1915 853 1983 τῆς
885 1917 982 1982 σῆς
1017 1915 1327 1984 ὁδοιπορίας
1387 1915 1791 1982 συμπτώμασιν
1820 1915 1878 1964 ὲν
1911 1912 1952 1966 Β

1911 1912 1952 1966 Β
1985 1920 2036 1966 ta
2062 1914 2185 1967 sit.»
2221 1913 2286 1968 Et
2309 1926 2528 1984 postea:
2578 1934 2597 1967 ι
2631 1915 2754 1970 Haec
2778 1930 2901 1968 cum
2929 1915 3009 1968 sic
3031 1913 3354 1976 acciderint,
3379 1910 3563 1974 nescio

299 2003 546 2056 νοσοῦντι
567 2005 660 2057 καὶ
691 2004 998 2073 γηράσαντι
1041 2003 1278 2074 σώματι,
1313 2007 1406 2057 καὶ
1438 2006 1535 2074 τὴν
1577 2007 1758 2073 χεῖρα,
1789 2005 1884 2056 καὶ

1989 2022 2097 2076 qua
2131 2007 2196 2060 de
2229 2023 2415 2069 causa,
2453 2017 2547 2060 aut
2580 2023 2685 2076 qua
2719 2015 2934 2076 arrepta
2968 2005 3282 2068 occasione,
3317 2002 3563 2072 magniﬁ-

300 2097 404 2167 τὴν
430 2097 675 2167 πλευρὰν
726 2097 1124 2168 συντριϐέντες,
1155 2097 1480 2167 ἀφικόμεθα
1503 2097 1664 2151 πάλιν
1686 2099 1763 2159 εἰς
1788 2097 1886 2167 τὴν

1883 2117 1886 2139 ι
1988 2099 2168 2154 eentia
2195 2108 2285 2153 tua
2310 2114 2413 2154 nos
2439 2115 2535 2168 per
2561 2099 2830 2153 Barbaros
2855 2099 3058 2152 milites
3079 2113 3144 2151 ex
3168 2096 3331 2150 Panis
3358 2093 3561 2162 oppido

305 2189 490 2252 Πανὸς
514 2192 716 2259 τρόπον
769 2191 892 2243 τινὰ
921 2189 1398 2261 ψυχορραγοῦντες
1457 2194 1572 2252 τοῖς
1629 2191 1888 2258 συμπτώ-

1883 2219 1888 2230 ›
1987 2192 2054 2246 ad
2089 2190 2382 2260 quamdam
2429 2190 2794 2259 Elephantina
2826 2190 2929 2259 (l),
2963 2205 3086 2258 qua:
3120 2187 3395 2241 Thebanae
3431 2199 3561 2254 pro-

307 2299 498 2352 μασιν,
535 2283 616 2335 ἔτι
644 2285 758 2345 τοῖς
790 2285 900 2335 τῶν
925 2283 1236 2350 ἀλγηδόνων
1295 2283 1729 2352 μαστιγούμενοι
1779 2300 1884 2335 κα-

303 2377 447 2437 κοῖς.
480 2376 704 2445 Μετῆγε
735 2375 792 2428 δὲ
851 2375 1016 2428 πάλιν
1050 2377 1198 2444 ἡμᾶς
1249 2377 1311 2428 ἐκ
1370 2376 1471 2442 τῆς
1509 2377 1685 2437 Πανὸς
1747 2375 1885 2443 πρδς

300 2470 405 2538 τὴν
440 2469 530 2522 ὑπ’
552 2471 721 2537 αὐτὴν
745 2468 961 2540 ὲνορίαν
997 2470 1188 2539 ἕτερον
1229 2469 1330 2538 τῆς
1391 2471 1490 2535 σῆς
1523 2469 1743 2535 ἀνδρίας
1793 2467 1885 2534 ἐγ-

303 2580 524 2631 γραφον
567 2562 868 2633 ίπτάμενον
925 2564 1276 2633 πρόσταγμα.
1333 2561 1524 2615 Ταῦτα
1587 2561 1884 2628 στήσεσθαι

305 2657 432 2709 καθ’
464 2656 624 2727 ὴμῶν
679 2656 1070 2726 λογιζομένων,
1124 2657 1220 2708 καὶ
1266 2655 1326 2708 τὸ
1377 2657 1491 2715 τοϊς
1545 2655 1883 2716 καλλινίκοις

305 2748 592 2819 βασιλεῦσι
629 2749 760 2818 περὶ
813 2748 975 2818 ἡμῶν
1033 2747 1224 2800 δοκοῦν
1269 2746 1676 2816 ἀναμενόντων,
1739 2744 1883 2809 ἐξαί-

303 2860 449 2913 φνης
483 2841 624 2911 πρὸς
657 2841 828 2911 ἄλλην
860 2839 1076 2909 ὲξορίαν
1105 2839 1228 2892 καθ’
1264 2840 1422 2909 ἡμῶν
1474 2839 1743 2906 τετάρτην
1773 2837 1881 2891 πά-

305 2940 391 2986 λιν
407 2932 642 3000 ἀφειδῶς
673 2931 798 2985 ἄλλο
819 2931 1148 3003 συνετίθετο.
1166 2950 1183 2983 ι
1217 2932 1324 2984 Καὶ
1354 2930 1473 3000 μετ’
1491 2931 1670 2996 ὀλίγα·
1699 2947 1717 2978 ι
1742 2927 1886 2980 Ἀλλ’

305 3022 614 3093 ἁρκέσθητι
641 3026 757 3084 τοῖς
785 3023 1228 3092 πεπραγμένοις,
1261 3022 1594 3092 παρακαλῶ,
1651 3022 1746 3072 καὶ
1794 3035 1883 3070 το-

304 3115 517 3175 σαύτας
540 3113 664 3166 καθ’
699 3114 821 3175 ἑνὸς
850 3114 1106 3182 σώματος
1137 3115 1351 3182 ἐξορίας
1383 3113 1610 3183 ὁρίζειν,
1659 3113 1752 3164 καὶ
1783 3113 1881 3180 τῆς

305 3208 401 3261 ἐπὶ
440 3210 553 3269 τοῖς
580 3206 866 3278 ἀναχθεῖσι
891 3207 1043 3278 παρὰ
1092 3209 1191 3274 τῆς
1242 3207 1342 3276 σῆς
1376 3207 1880 3274 μεγαλοπρεπείας·

1988 2284 2180 2336 vinciae
2213 2283 2337 2337 ﬁnis
2382 2290 2496 2346 est,
2532 2282 2811 2350 deportari
2857 2281 3159 2337 curaverit.
3212 2279 3280 2332 Et
3323 2293 3447 2332 cum
3491 2276 3560 2329 ad

1983 2375 2129 2428 illam
2163 2389 2260 2443 per
2294 2389 2358 2428 ea
2392 2388 2513 2443 qua:
2541 2372 2782 2427 diximus
2809 2373 3073 2426 militaria
3102 2371 3306 2424 auxilia
3339 2383 3560 2436 rapere-

1988 2483 2133 2532 mur,
2181 2475 2237 2521 et
2288 2467 2492 2536 majore
2530 2465 2746 2520 itineris
2795 2473 2949 2533 parte
3011 2463 3258 2519 confecta
3294 2463 3563 2532 afﬂigere-

1987 2572 2141 2618 mur,
2208 2572 2429 2611 rursum
2487 2571 2516 2609 a
2580 2555 2903 2609 fortitudine
2934 2564 3024 2608 tua
3077 2555 3380 2625 jussionem
3438 2555 3559 2608 sine

1985 2649 2193 2719 scripto
2229 2649 2562 2718 accepimus,
2604 2658 2665 2703 ut
2708 2649 2763 2702 in
2794 2648 3072 2702 civitatem
3112 2646 3280 2700 Panis
3310 2656 3565 2700 reverte‘

1986 2757 2196 2796 remur.
2237 2741 2303 2794 Et
2338 2741 2579 2804 itineris,
2615 2739 2762 2810 quod
2790 2741 2948 2811 jussu
2981 2747 3078 2792 tuo
3112 2753 3555 2808 susceperamus,

1985 2835 2206 2890 casibus
2254 2834 2531 2899 coniecti,
2576 2849 2808 2904 corpore
2858 2836 3050 2888 morbo
3099 2833 3264 2887 simul
3302 2841 3356 2887 et
3403 2831 3558 2886 senio

1984 2927 2349 2988 labefactata,
2383 2940 2604 2980 necnon
2645 2940 2812 2978 manu
2849 2934 2906 2978 et
2948 2925 3122 2978 latere
3164 2923 3468 2987 convulso,
3504 2923 3559 2977 in

1985 3017 2147 3072 Panis
2176 3017 2436 3086 oppidum
2473 3018 2679 3072 reversi
2714 3033 2929 3078 sumus,
2983 3016 3145 3085 520
3193 3017 3379 3069 animo
3419 3032 3561 3084 quo-

1989 3109 2287 3164 dummodo
2319 3110 2420 3164 vite
2457 3109 2744 3164 laboribus
2767 3108 3320 3164 delieientes.Atlhuc
3341 3109 3558 3164 crucia-

1967 3206 2134 3260 tibus
2181 3205 2433 3258 dolorum
2481 3205 2880 3275 aﬂligebamur,
2927 3213 2982 3257 et
3029 3203 3093 3257 ad
3145 3205 3293 3256 aliud
3337 3218 3556 3257 rursum

304 3304 402 3356 ιιαὶ
439 3302 572 3371 παρ’
595 3302 755 3371 ἡμῶν
797 3302 854 3354 δὲ
885 3300 954 3354 δι’
987 3295 1062 3354 ὧν
1109 3302 1278 3370 ἐχρῆν
1337 3299 1712 3370 γνωρισθῆναι
1769 3301 1882 3362 τοῖς
1914 3295 1952 3306 “

1880 3318 1882 3327 ι
1914 3295 1952 3306 “
1989 3297 2331 3352 fortitudinis
2367 3307 2473 3352 tua:
2507 3297 2774 3351 advolaus
2815 3297 3080 3366 scriptum
3114 3297 3456 3361 mandatum,
3493 3309 3558 3348 ex

304 3390 650 3451 καλλινίκοις
689 3391 852 3459 ἡμῶν
903 3387 1190 3456 βασιλεῦσι
1236 3388 1564 3457 δοκιμασίας
1601 3388 1880 3451 ὲπιεεκῶς,

303 3482 640 3554 παρακαλῶ,
680 3480 1110 3552 παραχώρησον.
1156 3479 1344 3534 Ταῦτα
1379 3481 1509 3549 παρ’
1546 3480 1698 3549 ἡμῶν
1733 3479 1884 3550 παρὰ

305 3577 519 3643 πατρὸς
558 3575 634 3637 ὡς
674 3576 812 3644 πρὸς
842 3574 956 3626 υἱὸν
990 3573 1474 3641 συμϐουλεύματα.
1511 3572 1574 3624 Et
1596 3573 1650 3624 δὲ
1684 3574 1883 3637 ἀγανα-

306 3667 597 3735 κτήσειας,
634 3665 728 3716 καὶ
757 3662 852 3715 νῦν
875 3662 949 3724 ὼς
981 3663 1266 3731 πρότερον,
1311 3661 1520 3729 πρᾶττε
1569 3661 1629 3712 τὺ
1673 3659 1880 3712 δοκοῦν·

309 3759 375 3812 εῐ
407 3775 472 3825 γε
531 3755 625 3809 τοῦ
657 3755 943 3816 δοκοῦντος
970 3754 1125 3820 λόγος
1185 3752 1362 3814 οὐδεὶς
1424 3751 1815 3821 δυνατώτερος.
1860 3769 1878 3802 ι

305 3850 600 3920 Νεστόριος
635 3849 734 3918 μὲν
761 3847 854 3901 οῦν
875 3845 1021 3898 οῦτω
1046 3848 1148 3898 κάν
1189 3847 1304 3906 τοῖς
1331 3844 1624 3913 γράμμασι
1653 3844 1756 3909 πὺξ
1786 3844 1885 3910 λὰξ

304 3943 486 4006 παίει,
522 3941 718 4010 βαίνει·
769 3942 866 3992 καὶ
919 3937 1090 4008 αὐτὴν
1151 3937 1426 4005 βασίλειον
1479 3935 1753 4002 ἐξουσίαν,
1810 3935 1885 3996 ὠς

304 4037 463 4107 όρᾷς,
508 4032 873 4103 βλασφημῶν,
909 4031 1136 4100 μηδέπω
1166 4029 1546 4099 σωφρονήσας,
1588 4029 1883 4082 καὶταῦτα

303 4125 618 4196 τηλικαῦτα
642 4123 854 4178 ⁴ιταθών.
898 4123 1301 4192 Συγγράμματι
1346 4122 1403 4174 δέ
1431 4138 1574 4184 τινος
1631 4121 1884 4190 ἐντυχόν-

303 4235 423 4285 τες,
468 4226 566 4274 καὶ
615 4224 715 4288 τὴν
769 4217 1032 4286 τελευτὴν
1087 4216 1302 4267 ἐκείνου
1356 4215 1734 4284 διηγουμένου,
1789 4215 1885 4266 καὶ

303 4310 517 4375 ταύτην
542 4312 608 4381 τῇ
655 4310 949 4376 συγγραφῇ
980 4303 1404 4376 παραδώσομεν·
1461 4305 1612 4373 ἔλεγε
1648 4305 1754 4372 γὰρ
1809 4304 1884 4366 ὡς

304 4405 406 4474 τὴν
437 4403 688 4470 γλῶτταν
712 4398 1040 4469 διάϐρωθεὶς
1092 4398 1386 4467 σκώληξιν,
1442 4398 1535 4450 ἐπὶ
1585 4398 1656 4450 τά
1706 4398 1882 4467 μείζω

306 4497 404 4550 καλ⁸
433 4493 677 4547 ἀθάνατα
708 4491 1067 4559 κολαστήρια,
1095 4489 1193 4550 τὰς
1243 4487 1556 4556 ἀνηκούσας
1606 4486 1883 4540 ἀποτίσων

1988 3387 2150 3441 Panis
2195 3388 2331 3442 urbe
2377 3388 2430 3441 in
2471 3387 2638 3442 alium
2675 3387 2904 3444 ditionis
2935 3388 3055 3457 ejus
3088 3387 3268 3441 locum
3305 3386 3558 3441 translati

1986 3494 2199 3533 sumus.
2250 3478 2319 3533 Et
2360 3494 2482 3532 cum
2541 3479 2672 3532 talia
2724 3479 2995 3534 adversus
3051 3494 3152 3532 nos
3191 3479 3559 3548 conquietura

1985 3579 2342 3640 putaremus,
2391 3579 2444 3624 et
2497 3570 2628 3639 quid
2681 3569 2749 3625 de
2799 3570 2956 3624 nobis
2997 3570 3236 3623 victores
3276 3570 3556 3638 principes

1987 3673 2314 3728 statuerent,
2343 3673 2814 3733 exspectaremus,
2843 3663 2991 3716 aliud
3027 3663 3212 3717 subito
3236 3663 3354 3717 sine
3381 3663 3556 3733 gratia

1986 3757 2158 3821 omni,
2189 3756 2257 3809 de
2291 3756 2682 3825 longinquiore
2713 3757 2843 3821 alio,
2879 3766 2935 3810 et
2974 3766 3171 3825 quarto
3204 3758 3310 3826 jam
3340 3756 3556 3821 exsilio,

1989 3848 2302 3902 mandatum
2325 3849 2691 3917 compositum
2720 3856 2824 3901 est.
2860 3868 2876 3900 ι
2908 3849 2972 3902 Et
2997 3849 3156 3917 paulo
3188 3858 3344 3918 post:
3391 3867 3408 3899 ι
3448 3847 3563 3903 εωι

1987 3942 2276 4010 acquiesce
2310 3940 2529 3994 tandem
2565 3939 2617 3993 in
2658 3941 2738 3993 eis
2770 3954 2890 4008 quas
2932 3938 3073 3992 facta
3119 3949 3268 4005 sunt,
3308 3955 3460 4009 rogo,
3504 3948 3560 3993 et

1989 4042 2067 4086 tot
2097 4033 2365 4086 adversus
2411 4047 2615 4101 corpus
2650 4047 2817 4085 unum
2867 4031 3060 4085 exsilia
3109 4031 3410 4085 decernere
3462 4033 3557 4086 de-

1987 4129 2128 4188 sine,
2166 4136 2222 4180 et
2258 4137 2338 4179 tot
2368 4125 2778 4180 calamitatibus
2808 4139 2930 4182 quae
2965 4139 2994 4178 a
3027 4123 3434 4193 magniﬁcentia
3465 4134 3556 4177 tua

1988 4221 2334 4289 pertulimus,
2361 4229 2661 4275 contentus
2686 4231 2832 4274 esto.
2864 4219 2931 4273 Et
2962 4220 3122 4272 nobis
3151 4234 3250 4288 per
3283 4219 3558 4280 homines,

1986 4330 2125 4384 quos
2177 4315 2474 4378 convenit,
2537 4314 2868 4368 sententiam
2925 4315 3195 4367 victorum
3249 4313 3560 4381 principum

1986 4414 2298 4457 nostrorum
2348 4405 2634 4474 explorare
2667 4404 3000 4467 humaniter,
3037 4418 3241 4472 qureso,
3277 4404 3556 4472 permitte.

1989 4495 2113 4550 llaec
2158 4504 2383 4561 nostra,
2421 4497 2590 4550 veluti
2631 4498 2831 4565 patris,
2877 4496 2943 4549 ad
2993 4505 3042 4550 te
3089 4507 3347 4564 tanquam
3386 4497 3556 4550 ﬁlium

310 4588 569 4649 εὐθύνας,
642 4584 848 4637 στένων
911 4584 1005 4634 καὶ
1075 4582 1401 4650 ὀδυρόμενος
1473 4580 1878 4650 μετεχώρησεν.
1915 4582 1988 4638 Βη

1915 4582 1958 4638 D
1987 4589 2216 4643 consilia
2245 4597 2396 4643 sunt.
2444 4589 2540 4643 Sin
2583 4604 2646 4642 ea
2679 4588 2901 4657 indigne
2945 4587 3110 4653 feres,
3157 4599 3271 4641 tum
3311 4598 3365 4641 tu
3412 4604 3558 4642 nunc

309 4684 550 4736 Ἔπειτα
575 4678 630 4731 δὲ
662 4678 757 4730 καὶ
792 4675 1073 4737 Θεοδόσιος
1114 4675 1298 4726 θεόθεν
1368 4673 1689 4741 κινούμενος
1737 4671 1881 4725 ἀπά-

312 4790 436 4835 σαις
463 4771 666 4840 ψήφοις
697 4769 788 4822 τὸν
821 4765 998 4836 ἀσεϐῆ
1025 4765 1346 4828 κατεδίκαζε
1380 4765 1700 4835 περιϐαλὼν
1745 4766 1878 4818 ἀνα-

311 4865 536 4934 θὲματι,
572 4860 717 4914 οῦτω
765 4860 901 4930 πρὸς
938 4859 1084 4925 λέξιν
1115 4860 1540 4928 ἀποφηνάμενος
1595 4860 1653 4912 έν
1701 4859 1884 4912 διατά-

310 4959 418 5022 ξει,
459 4956 494 5026 ἢ
528 4957 594 5025 τῇ
655 4952 822 5021 βίϐλῳ
856 4951 1238 5003 Ἰουστινιανοῦ
1286 4951 1554 5016 ἐγκειται·
1616 4949 1783 5014 κῶδιξ
1824 4950 1880 5001 δὲ

305 5047 367 5099 τὸ
395 5043 598 5115 βιϐλίον
627 5040 964 5109 ὠνόμασται,
995 5041 1150 5108 τρίτη
1186 5039 1276 5092 τὸν
1329 5039 1568 5108 ἀριθμὸν
1603 5039 1698 5091 τοῦ
1729 5037 1882 5108 πρώ-

307 5153 407 5189 του
462 5133 643 5186 τίτλου
696 5134 1066 5202 τυγχάνουσα·
1103 5132 1278 5196 «Ἔτι,
1333 5131 1490 5201 φησι,
1547 5131 1881 5200 θεσπίζομεν

307 5228 438 5288 τοὺς
470 5226 767 5295 ζηλοῦντας
800 5225 898 5295 τὴν
923 5222 1096 5292 ἀσεϐῆ
1151 5225 1447 5292 Νεστορίου
1506 5224 1710 5287 πίστιν,
1744 5226 1777 5296 ἢ
1811 5228 1878 5295 τῇ

308 5321 560 5392 ἀθεμίτῳ
590 5319 756 5376 αὑτοῦ
787 5321 1111 5390 διδασκαλίᾳ
1162 5319 1615 5385 ἀκολουθοῦντας,
1676 5324 1725 5374 εἰ
1783 5323 1882 5391 μὲν

307 5415 607 5467 ἐπίσκοποι
633 5411 742 5468 εἷεν
775 5415 808 5484 ἢ
851 5415 1131 5485 κληρικοὶ,
1163 5416 1274 5468 τῶν
1332 5417 1647 5486 ἐκκλησιῶν
1685 5418 1884 5470 ἐκϐάλι

308 5508 524 5562 λεσθαι·
556 5508 687 5560 εἰδὲ
717 5507 917 5569 λαῖκοὶ,
952 5508 1479 5577 ἁναθεματίζεσθαι.
1518 5529 1536 5561 ι
1597 5510 1804 5572 Πολλὰς
1830 5511 1886 5564 δὲ

309 5601 408 5652 καὶ
441 5599 622 5662 ξάλλας
669 5599 997 5668 νομοθεσίας
1059 5600 1162 5670 τῆς
1205 5602 1488 5670 ἡμετέρας
1546 5603 1707 5671 χάριν
1757 5601 1889 5671 θρη-

307 5691 500 5754 σκείας
590 5691 835 5758 ἐντίθησι
909 5692 1003 5747 τὸν
1098 5694 1227 5762 περὶ
1308 5694 1546 5763 Χριστοῦ
1618 5694 1886 5766 διάπυρον

1993 4696 2214 4749 quoque
2238 4722 2252 4741 ,
2285 4681 2445 4735 sicuti
2489 4691 2648 4734 antea
2674 4724 2686 4747 ,
2723 4681 2867 4749 quod
2911 4681 3170 4750 placitum
3213 4681 3308 4734 tibi
3345 4689 3449 4744 est,
3481 4682 3560 4736 fa-

1990 4774 2102 4826 cito
2135 4789 2150 4825 :
2198 4773 2472 4842 siquidem
2508 4774 2834 4828 sententiam
2885 4784 3032 4827 tuam
3082 4776 3258 4828 oratio
3290 4775 3437 4829 nulla
3465 4775 3559 4829 ﬁe-

1992 4875 2142 4920 ctere
2195 4878 2290 4920 aut
2342 4868 2566 4921 vincere
2613 4877 2817 4936 potest.
2874 4885 2892 4919 ι
2947 4866 3234 4921 Nestorius
3282 4869 3449 4938 igitur
3504 4869 3557 4921 in

1989 4956 2188 5011 litteris
2229 4971 2449 5024 quoque
2505 4957 2669 5024 ipsis,
2703 4949 2916 5026 'pugnis
2949 4966 3004 5011 et
3048 4958 3294 5012 calcibus
3345 4958 3560 5027 impetit

1989 5061 2154 5118 atque
2200 5051 2459 5112 insultat,
2511 5051 2923 5118 imperatoriam
2979 5051 3149 5105 etiam
3206 5063 3556 5120 pctestatem,

1988 5141 2150 5194 sicuti
2185 5141 2358 5204 vides,
2391 5142 2818 5210 blasphemans:
2852 5151 3018 5212 atque
3053 5153 3132 5197 tot
3165 5159 3386 5214 quoque
3416 5144 3556 5197 mala

1989 5249 2217 5303 passus,
2261 5251 2370 5290 non
2419 5247 2597 5290 tamen
2643 5236 2938 5306 resipiscit.
2972 5237 3230 5293 Pervenit
3273 5239 3326 5292 in
3364 5253 3556 5292 manus

1989 5342 2140 5381 meas
2181 5329 2444 5397 scriptum
2486 5329 2799 5398 quoddam,
2847 5330 3055 5385 obitum
3087 5333 3207 5400 ejus
3248 5348 3553 5402 exponens,

1989 5436 2152 5490 quem
2195 5432 2267 5476 et‘
2295 5421 2478 5491 ipsum
2521 5423 2828 5478 litterarum
2877 5426 3249 5480 monumentis
3293 5429 3561 5494 mandare

1987 5514 2043 5567 in
2094 5515 2195 5569 hac
2250 5514 2479 5569 historia
2528 5517 2706 5570 visum
2761 5525 2865 5572 est.
2921 5516 3331 5574 Commemorat
3377 5526 3561 5586 enim;

1986 5605 2172 5675 lingua
2204 5607 2324 5677 ejus
2360 5622 2389 5661 a
2424 5608 2711 5663 vermibus
2742 5623 2991 5674 corrosa,
3017 5610 3466 5680 ingemiscentem
3498 5620 3562 5674 et

1986 5698 2375 5754 lamentantem
2401 5739 2415 5765 ,
2464 5698 2529 5752 ad
2573 5701 2777 5771 majora
2817 5707 2871 5756 et
2909 5701 3242 5771 sempiterna
3279 5701 3561 5774 supplicia

385 5876 463 5946 (l)
503 5876 868 5945 Elephantina
913 5877 1018 5933 820
1057 5878 1248 5933 stadiis
1292 5896 1320 5933 α
1385 5879 1589 5937 Thebis
1621 5880 1888 5948 Egyptiis
1929 5882 2116 5938 distat.
