4250 6440
728 355 862 414 1183

1943 350 2353 414 NlCEl‘lmliI
2399 352 2742 415 GALLISTI

3836 345 3972 412 1184

722 485 848 525 eum
887 482 1072 535 poenas
1097 467 1308 521 debitas
1339 468 1648 522 soluturum
1685 470 1972 538 migrasse.
2004 472 2210 525 Deinde
2244 483 2299 524 et
2329 481 2371 534 Α

2294 473 2613 534 ιΑὲκείνου
2694 470 2859 539 ζῆλον
2929 468 3344 548 διαφαιννούσας.
3419 466 3674 520 Τοιοῦτον
3734 468 3832 535 μὲν
3894 467 3972 534 τῷ

725 560 1065 615 Theodosius
1102 560 1288 611 divino
1341 572 1473 614 nutu
1519 569 1863 624 commotus,
1911 563 2200 617 sententiis
2239 572 2295 616 et

722 653 948 706 calculis
982 653 1262 713 omnibus.
1296 654 1525 722 impium
1567 655 1718 706 illum
1755 656 2108 710 anathemate
2134 658 2294 725 jugu-

723 745 890 801 latum
931 745 1354 811 condemnavit,
1394 746 1548 801 hisce
1593 748 1776 801 verbis
1807 748 1861 802 in
1895 750 2294 805 constitutione

722 853 854 890 usus
885 839 990 903 (1),
1045 853 1167 906 quae
1217 838 1510 893 Iustiniani
1563 840 1868 906 volumini,
1916 842 2061 910 quod
2107 841 2289 896 Codex

721 928 1077 992 nominatur,
1119 928 1322 981 inserta
1359 937 1478 990 cst,
1520 929 1687 982 tertia
1724 941 1977 994 numero,
2024 931 2079 984 in
2115 931 2290 999 primo

718 1021 878 1089 primi
931 1020 1056 1073 libri
1111 1021 1293 1075 titulo.
1337 1039 1356 1072 ι
1396 1019 1700 1084 Praeterea,
1741 1021 1952 1090 inquit,
1988 1023 2286 1085 sancimus,

717 1114 810 1179 qui
858 1113 1078 1168 impiam
1125 1113 1366 1167 Nestorii
1416 1114 1574 1166 fidem
1622 1113 1972 1177 aemulantur,
2005 1121 2096 1166 aut
2143 1114 2293 1167 nefa-

719 1208 855 1259 riam
891 1206 1014 1272 ejus
1043 1206 1352 1261 doetrinam
1401 1215 1734 1276 sequuntur.
1767 1216 1825 1260 ut
1855 1206 2126 1274 siquidem
2169 1207 2292 1276 epi-

719 1299 870 1367 scopi
915 1299 1062 1362 sint,
1117 1309 1210 1352 aut
1260 1300 1482 1364 clerici,
1524 1299 1779 1354 ecclesiis
1834 1299 2286 1368 ejicianturzsin

719 1408 849 1444 vero
895 1392 1019 1446 laici
1067 1401 1122 1446 et
1173 1393 1501 1461 populares,
1545 1393 1892 1448 anathemate
1939 1391 2227 1446 feriantur.
2269 1411 2286 1443 ι

720 1483 825 1536 Sed
858 1484 1043 1551 plures
1084 1499 1304 1552 quoque
1343 1483 1481 1536 alias
1525 1482 1959 1538 constitutiones
2011 1483 2293 1552 religionis

2425 563 2681 616 δυσσεϐεῖ
2739 561 3018 631 Νεστορίῳ
3078 562 3139 614 τὸ
3203 563 3378 625 τέλος,
3431 563 3528 614 καὶ
3575 561 3644 612 τὰ
3671 561 3768 628 τῆς
3825 562 3977 630 εἰρη-

2406 655 2578 724 μένης
2651 654 2843 725 τρίτης
2912 655 2972 707 ἐν
3022 653 3235 723 Ἐφέσῳ
3286 652 3675 721 οἰκουμενικῆς
3752 650 3973 704 συνόδου

2399 746 2543 799 οὕτω
2574 747 2880 817 συνηνέχθη
2914 746 3193 814 γενέσθαι·
3252 747 3391 813 μετὰ
3415 745 3471 798 δὲ
3495 745 3594 814 τὴν
3621 743 3717 797 τοῦ
3745 745 3978 796 ἀλάστο-

2403 855 2494 908 ρος
2527 839 2828 908 Νεστορίου
2858 839 3185 907 καθαίρεσιν
3212 839 3358 907 δεινή
3409 855 3494 901 τις
3551 837 3846 906 ἐρεσχελία
3904 837 3973 905 τῇ

2400 930 2814 983 Κωνσταντίνου
2847 931 2988 983 κατὰ
3014 931 3113 994 τὰς
3163 931 3460 998 ἐκκλησίας
3500 929 3719 999 ἐχώρει.
3776 930 3835 980 Ὀ
3864 928 3978 996 γάρ

2400 1020 2544 1080 λεὼς
2579 1022 2700 1093 διχῆ
2732 1024 2991 1095 διῃρείτο,
3019 1025 3081 1076 τὸ
3114 1022 3274 1088 δόξαν
3339 1023 3626 1092 Νεστορίῳ
3669 1019 3980 1091 γυμνάζον-

2394 1130 2507 1175 τες.
2539 1116 2601 1167 Oi
2637 1117 2820 1184 μέντοι
2855 1118 3109 1186 κληρικοὶ
3141 1116 3344 1180 πάντες
3382 1118 3538 1186 κοινῇ
3590 1115 3762 1184 ψήφῳ
3811 1114 3978 1165 αὐτὸν

2396 1206 2718 1261 ἀπεώσαντο
2775 1209 3111 1277 παραδόντες
3161 1209 3240 1279 τῷ
3275 1209 3606 1278 άναθέματι⁵
3666 1207 3812 1259 οὕτω
3867 1206 3976 1277 γὰρ

2394 1298 2492 1369 τὴν
2522 1299 2663 1353 κατὰ
2683 1301 2777 1354 τοῦ
2804 1301 3127 1372 βλασφήμου
3151 1302 3335 1371 ψῆφον
3375 1302 3570 1364 εἰωθὸς
3618 1301 3977 1368 Χριστιανοϊς

2397 1393 2684 1460 πράττειν,
2717 1395 2909 1464 ὥσπερ
2937 1394 2994 1450 ἐν
3022 1412 3130 1449 τινι
3155 1395 3326 1466 στήλῃ
3361 1394 3576 1464 γυμνὴν
3616 1392 3826 1446 ἅπασιν
3855 1390 3979 1443 ἐθέ-

2395 1484 2546 1538 λουσι
2568 1486 2668 1539 καθ
2681 1487 2854 1556 ιστᾷν.

721 1586 920 1630 nostra:
961 1579 1133 1646 gratia
1185 1578 1394 1642 edidit,
1430 1593 1551 1647 quae
1599 1576 1918 1646 ﬂagrantem
1971 1576 2119 1631 illius
2167 1592 2293 1646 erga
2335 1578 2619 1633 Christum
2665 1581 2918 1637 ardorem
2963 1594 3030 1636 ac
3067 1581 3247 1636 zelum
3283 1579 3586 1635 declarant.
3656 1579 3815 1634 llunc
3873 1577 3979 1631 im.

723 1671 845 1740 pius
871 1670 1158 1724 Nestorius
1192 1671 1356 1724 linem
1388 1672 1513 1725 vitae
1545 1665 1758 1733 habuit,
1790 1681 1954 1740 atque
1987 1671 2101 1725 haec
2165 1673 2244 1726 sic
2308 1673 2360 1726 in
2402 1672 2566 1727 tertia
2617 1673 2800 1744 quam’
2833 1675 3072 1730 diximus
3107 1674 3407 1730 universali
3457 1673 3694 1743 Ephesia
3742 1673 3978 1744 synodo,

722 1775 843 1820 sunt
878 1775 1020 1820 acta.
1058 1766 1216 1836 521
1255 1768 1426 1822 Porro
1461 1768 1772 1837 pernicioso
1795 1768 2048 1821 Nestorio
2090 1778 2468 1832 exauctorato,
2508 1772 2685 1838 gravis
2705 1787 2926 1828 rursum
2965 1771 3251 1826 contentio
3274 1771 3328 1825 in
3350 1769 3982 1839 Constantinopolitanae

723 1861 874 1915 urbis
903 1863 1154 1917 ecclesiis
1184 1873 1329 1917 mota
1361 1875 1465 1918 est.
1504 1864 1746 1934 POpulus
1776 1863 1921 1917 enim
1991 1864 2058 1918 de
2124 1864 2362 1919 Nestorii
2401 1867 2617 1935 placitis
2655 1882 2842 1937 agens,
2881 1869 2935 1922 in
2980 1867 3116 1928 duas
3158 1876 3341 1938 partes
3393 1866 3547 1921 abiit.
3593 1864 3794 1920 Clerici
3840 1879 3978 1920 sane

723 1975 919 2014 omnes
959 1963 1238 2016 communi
1284 1962 1549 2031 suffragio
1595 1977 1721 2016 eum
1777 1962 2114 2016 anathemati
2165 1965 2446 2018 subditum
2515 1966 2875 2036 rejecerunt:
2941 1966 3021 2021 sic
3083 1981 3324 2036 namque
3349 1965 3685 2021 Christianis
3737 1979 3857 2018 mos
3887 1974 3979 2017 est

725 2054 1055 2108 sententiam
1103 2065 1296 2109 contra
1367 2056 1746 2126 blaSpbemum
1798 2056 1977 2121 ferre,
2042 2071 2163 2110 cum
2210 2072 2329 2111 eam
2373 2067 2631 2130 tanquam
2689 2060 2958 2116 columnae
3008 2059 3279 2125 incisam,
3330 2058 3591 2114 omnibus
3675 2056 3984 2127 publicitus

725 2159 1033 2215 preponere
1067 2149 1278 2204 volunt.

1249 2286 1475 2343 CAPUT
1516 2286 1780 2344 XXXVII.

731 2400 801 2453 Ut
833 2412 946 2466 post
982 2401 1282 2456 Nestorium
1319 2400 1665 2460 Maximinus.
1709 2420 1772 2456 ac
1806 2402 2051 2471 deinceps
2077 2403 2299 2460 Proetus

799 2474 1108 2540 patriarcha
1129 2471 1734 2542 Constantinopolitana:
1754 2473 2005 2528 Ecclesia:
2025 2480 2301 2545 prwj'ecms

799 2545 980 2610 fuerit.

796 2655 893 2708 ltlo
926 2670 1056 2707 vero
1088 2654 1321 2718 sublato,
1355 2670 1462 2709 non
1495 2655 1789 2710 mediocris
1819 2656 1885 2711 de
1912 2656 2155 2727 episcOpi
2189 2658 2303 2712 ele-

729 2748 911 2800 CIione
971 2747 1201 2814 qumslio
1246 2747 1477 2802 exstitit.
1527 2749 1682 2802 Multi
1733 2749 1880 2802 enim
1931 2749 1994 2803 ad
2050 2766 2174 2804 eum
2210 2751 2305 2819 qui

729 2841 912 2892 dictus
967 2848 1090 2901 est,
1153 2837 1441 2892 Sidensem
1503 2839 1817 2909 Philippum
1876 2841 2304 2908 respicieba‘nt:

731 2944 922 2983 omnes
974 2942 1156 2982 autem
1211 2930 1326 2983 fere
1363 2930 1619 2983 Proclum
1675 2931 1936 2984 cathedra
1975 2946 2038 2984 ea
2071 2931 2309 2984 maxime

731 3021 956 3088 dignum
983 3034 1104 3072 esse
1130 3020 1468 3086 judicabant.
1499 3020 1565 3073 Et
1593 3021 1800 3074 exitum
1828 3037 1986 3074 suum
2018 3022 2308 3076 consilium

733 3114 932 3166 borum
985 3113 1286 3172 habuisset,
1321 3113 1425 3165 nisi
1464 3112 1557 3180 qui
1601 3113 1834 3167 multum
1877 3124 1988 3166 tum
2025 3113 2168 3183 apud
2207 3114 2308 3166 im-

735 3218 1045 3274 peratorem
1078 3205 1353 3268 valebant,
1409 3204 1805 3272 impedimento
1847 3204 2102 3268 fuissent,
2130 3205 2309 3260 eccle-

735 3299 1018 3354 siasticum
1076 3311 1344 3350 canonem
1415 3311 1702 3364 perperam
1757 3306 2159 3365 praatexentes,
2217 3298 2310 3365 qui

736 3390 1082 3457 designatum
1122 3387 1365 3442 civitatis
1403 3389 1636 3457 alicujus
1666 3389 1985 3458 episcopth
2025 3390 2077 3441 in
2118 3389 2311 3443 civita-

737 3491 846 3531 tem
881 3481 1043 3533 aliam
1095 3494 1288 3532 rursus
1337 3478 1626 3532 transferri
1659 3490 1846 3532 vetare
1895 3478 2114 3533 debeat.
2153 3479 2199 3533 ls
2229 3486 2314 3532 est

739 3571 1052 3638 hujnsmodi
1083 3589 1095 3624 :
1126 3590 1144 3621 ι
1177 3571 1230 3624 Si
1262 3572 1386 3639 quis
1423 3573 1716 3640 episcopus
1736 3570 2025 3624 ordinatus
2057 3572 2108 3624 in
2135 3586 2313 3640 parce-

741 3668 901 3725 ciam,
925 3664 1013 3716 cui
1056 3663 1368 3717 destinatus
1403 3671 1507 3727 est,
1555 3678 1663 3716 non
1709 3663 1856 3720 ierit.
1894 3679 2000 3715 non
2032 3662 2191 3730 culpa
2222 3662 2311 3715 ille

742 3759 962 3826 quidem
1012 3773 1128 3822 sua,
1156 3757 1258 3811 'sed
1309 3741 1533 3826 propter
1577 3757 1762 3825 populi
1800 3756 2180 3825 rejectionem,
2221 3763 2315 3809 aut

744 3853 906 3904 aliam
956 3866 1061 3903 non
1090 3853 1157 3903 ab
1193 3851 1311 3919 ipso
1338 3850 1590 3902 ordinato
1624 3849 2038 3917 provenientent
2069 3865 2311 3910 causam,

743 3943 792 3997 is
826 3959 948 3996 cum
1002 3943 1266 4012 dignitate
1308 3942 1617 3996 ministerio
1654 3941 1803 4009 fungi
1839 3943 1919 4011 (ut
1961 3946 2121 3995 modo
2153 3943 2316 3995 rebus

748 4036 1016 4097 ecclesias,
1052 4035 1144 4087 ubi
1191 4045 1497 4088 conventus
1539 4035 1673 4103 agit,
1715 4015 1850 4086 nihil
1897 4033 2091 4087 aderat
2122 4032 2316 4103 turba)

748 4140 804 4183 ct
841 4131 1192 4197 acquiescere
1230 4128 1284 4181 in
1317 4143 1382 4182 eo
1415 4127 1598 4191 debet,
1627 4111 1777 4197 quod.
1811 4129 2110 4197 provincia:
2155 4143 2320 4198 syno-

749 4222 852 4276 dus
884 4223 952 4275 de
993 4220 1369 4275 controversia
1398 4220 1452 4273 in
1492 4221 1733 4274 medium
1771 4220 2038 4289 producta
2064 4219 2321 4289 judicans

751 4316 1112 4370 decreverit.»
1138 4313 1236 4367 llic
1257 4329 1429 4367 canon
1450 4313 1764 4381 publicatus
1781 4314 2018 4382 plebem,
2045 4329 2164 4382 qua:
2185 4314 2320 4368 Pro-

751 4409 893 4461 clum
923 4408 1241 4477 episc0pum
1279 4406 1625 4476 designabat,
1667 4407 1748 4460 vel
1786 4407 2008 4460 invitant
2038 4410 2322 4475 quiescere

753 4501 951 4570 coegit.
1005 4501 1251 4566 Quatuor
1301 4515 1520 4555 menses
1576 4515 1606 4554 a
1667 4499 1920 4553 Nestorio
1972 4507 2323 4554 exauctorato

753 4592 1100 4657 dilexerant,
1141 4601 1194 4646 et
1221 4592 1467 4646 ecclesia:
1488 4591 1804 4661 procuratio
1829 4590 2153 4646 Maximiano
2176 4607 2326 4646 com-

751 4687 917 4739 missa
957 4694 1062 4751 cst,
1091 4686 1183 4755 qui
1221 4684 1273 4738 in
1310 4684 1501 4737 ordine
1533 4684 1973 4752 presbyterorum
2005 4693 2145 4745 erat,
2178 4692 2232 4737 et
2269 4684 2323 4737 in

753 4778 1053 4832 monastica
1106 4777 1215 4830 vita
1267 4778 1494 4830 vixerat.
1527 4775 1686 4845 522
1723 4775 2025 4844 Religionis
2075 4775 2162 4828 hic
2214 4789 2326 4828 ma-

2993 2292 3248 2346 ΚΕΦΑΔ.
3278 2291 3405 2347 ΔΖ’.

2415 2400 2507 2466 Ὠς
2561 2402 2709 2482 μετᾲ
2755 2403 3084 2483 Nsatéptor
3113 2404 3508 2483 Μαξιμιανὸς,
3551 2400 3987 2483 εἶταηρόκλος

2475 2476 2849 2541 πατριάρχης
2880 2476 2991 2541 τῆς
3021 2477 3488 2530 Κωνσταντίνου
3519 2476 3948 2543 προϐάλλεται.

2479 2651 2723 2706 Ἐκείνου
2753 2655 2799 2708 δ’
2835 2655 3080 2708 ἐκποδὼν
3113 2656 3432 2723 γενομένου,
3464 2655 3628 2708 πάλιν
3675 2657 3805 2724 περὶ
3863 2657 3990 2708 ἐπι-

2409 2745 2571 2814 λογῆς
2590 2747 2893 2800 ἐπισκόπου
2919 2749 2978 2799 οὗ
3004 2749 3202 2818 μετρία
3232 2749 3466 2816 ζήτησις
3498 2743 3584 2816 ἦν.
3650 2750 3760 2801 Καὶ
3797 2749 3991 2801 πολλοὶ

2413 2838 2513 2905 μὲν
2544 2839 2622 2899 εἰς
2650 2838 2741 2890 τὸν
2787 2840 3194 2909 προειρημένον
3251 2840 3471 2913 Σιδίτην
3517 2840 3833 2916 ἀπέϐλεπον
3889 2840 3988 2891 Φί-

2408 2930 2633 2980 λιππον
2660 2930 2707 2982 οἰ
2733 2928 2786 2982 δὲ
2833 2933 3031 2992 πάντες
3064 2930 3249 3002 σχεδὸν
3292 2932 3538 3001 Πρόκλον
3594 2932 3831 3000 μάλιστα
3887 2932 3991 2996 τῆς

2412 3019 2681 3087 καθέδρας
2708 3019 2857 3082 ἄξιον
2897 3020 3113 3088 ἔκρινον
3144 3016 3309 3074 εἰναι.
3368 3021 3477 3073 Καί
3510 3038 3570 3086 γε
3601 3022 3667 3073 ἂν
3698 3023 3775 3082 ei;
3811 3023 3992 3090 πέρας

2413 3109 2757 3180 προέϐαινεν,
2788 3114 2835 3163 εἰ
2889 3112 2963 3181 μή
2992 3128 3138 3173 τινες
3161 3113 3270 3164 τῶν
3306 3112 3611 3181 τηνικαῦτα
3643 3114 3791 3181 μέγα
3837 3116 3992 3182 παρᾶ

2414 3201 2627 3270 βασιλεῖ
2660 3201 2980 3278 δυναμένων
3003 3204 3390 3268 άπεκώλυσαν,
3423 3205 3631 3275 προϐα)
3645 3207 3862 3276 λόμενοι
3889 3224 3992 3260 και

2413 3294 2539 3345 νόνα
2562 3294 3043 3361 ἐκκλησιαστικὸν,
3112 3295 3169 3357 ὃς
3204 3296 3416 3349 κελεύει
3474 3297 3562 3350 τὸν
3615 3298 3995 3366 ὀνομασθέντα

2413 3385 2623 3449 πόλεώς
2645 3403 2791 3449 τινος
2836 3387 3138 3440 ἐπίσκοπον
3165 3390 3243 3449 είς
3275 3389 3472 3458 ἑτέραν
3523 3386 3678 3452 αὖθις
3709 3393 3783 3458 μὴ
3819 3409 3994 3459 μετα-

2415 3480 2700 3548 φέρεσθαι.
2733 3480 2970 3534 Ἐστιδέ
3015 3475 3194 3544 οὗτος·
3235 3501 3253 3534 ι
3291 3482 3356 3533 Εἴ
3383 3501 3467 3545 τις
3531 3485 3838 3547 ἐπίσκοπος
3872 3503 3992 3552 χει·

2419 3571 2728 3642 ροτονηθεὶς
2750 3573 2828 3633 εἰς
2849 3573 3143 3642 παροικίαν
3176 3573 3252 3641 μὴ
3291 3575 3503 3645 ἀπέλθῃ
3533 3575 3612 3636 εἰς
3647 3578 3714 3645 ἣν
3774 3577 3994 3644 ἐχειρο-

2417 3664 2636 3732 τονήθη,
2668 3666 2742 3732 μὴ
2779 3666 2932 3734 παρὰ
2963 3664 3060 3734 τὴν
3089 3665 3286 3718 ἑαυτοῦ
3312 3667 3520 3726 αἰτίαν,
3545 3666 3660 3717 ἁλλ’
3685 3668 3803 3736 ήτοι
3842 3669 4001 3735 παρὰ

2414 3755 2514 3823 τὴν
2540 3752 2635 3804 τοῦ
2680 3752 2812 3806 λαοῦ
2847 3755 3212 3822 παραίτησιν,
3273 3753 3305 3823 ἢ
3341 3754 3415 3807 δι’·
3440 3755 3636 3821 ἑτέραν
3693 3754 3878 3808 αἰτίαν
3935 3757 4000 3807 οὐ

2418 3845 2546 3913 παρ’
2578 3845 2774 3898 ἑαυτοῦ
2806 3846 3126 3915 γενομένην,
3161 3846 3354 3898 τοῦτον
3383 3847 3634 3915 μετέχειν
3685 3847 3784 3915 τῆς
3825 3849 4002 3916 τιμῆς

2416 3938 2510 3990 καὶ
2556 3937 3058 4006 τῆςξλειτουργίας.
3121 3937 3282 4006 μόνον
3339 3937 3505 4006 μηδὲν
3550 3937 4000 4007 παρενοχλοῦντα

2419 4031 2531 4093 τοῖς
2561 4031 2850 4099 πράγμασι
2876 4033 2975 4099 τῆς
3026 4031 3348 4100 ἐκκλησίας,
3404 4031 3537 4082 ἔνθα
3562 4030 3628 4083 ἂν
3681 4032 3998 4097 συναγοιτο·

2421 4122 2738 4191 ἐκδέχεσθαι
2769 4122 2824 4176 δέ
2851 4124 3037 4186 αὑτὸν,
3069 4124 3208 4192 ὅπερ
3239 4123 3304 4176 ἂν
3332 4124 3365 4193 ή
3390 4122 3490 4190 τῆς
3536 4122 3808 4191 ἐπαρχίας
3840 4123 4003 4175 σύν).

2423 4216 2509 4279 δος
2539 4213 2797 4284 κρίνασα,
2839 4214 2901 4266 τὸ
2964 4215 3374 4284 παριστάμενον
3416 4214 3599 4284 ὁρίσῃ.
3635 4232 3653 4265 ι
3717 4216 3814 4274 ’ος
3862 4214 4004 4282 δῆτα

2425 4306 2605 4360 κανὼν
2663 4307 3131 4376 παρῤησιασθεὶς,
3183 4307 3483 4375 ἡσυχάζειν
3544 4307 3640 4358 καὶ
3678 4305 3888 4358 ἄκοντα
3936 4305 4007 4357 τὰ

2426 4399 2605 4468 πλήθη
2635 4398 2912 4468 ἠνάγκαζε
2959 4398 3206 4466 Πρόκλον
3249 4397 3597 4464 ἐκλέγεσθαι.
3642 4398 3921 4467 Τετάρτου
3949 4398 4008 4451 δέ

2429 4491 2844 4562 παραρρυέντος
2873 4491 3042 4560 μηνός
3064 4490 3204 4560 μετὰ
3223 4491 3322 4560 τὴν
3337 4490 3412 4545 Ns
3424 4491 3643 4560 στορίοδ
3657 4492 4009 4560 καθαίρεσιν,

2429 4584 2782 4652 ἐπιτρέπεται
2814 4583 2911 4650 τὴν
2967 4583 3067 4651 τῆς
3130 4582 3426 4653 ἐκκλησίας
3474 4583 3776 4652 ἐπιτροπὴν
3806 4583 4015 4647 ,Μαξι-

2433 4679 2643 4748 μιανός⁶
2676 4677 2753 4746 τῷ
2774 4676 2920 4746 χορῷ
2956 4677 3055 4746 μὲν
3104 4677 3214 4729 τῶν
3270 4676 3664 4747 πρεσϐυτέρων
3717 4677 4014 4744 κατειλεγ-

2435 4772 2616 4842 μένος,
2654 4771 2940 4840 άσκητικῷ
2979 4771 3036 4824 δὲ
3067 4770 3166 4842 βίῳ
3190 4772 3563 4842 χρησάμενος,
3629 4771 3926 4834 εὐλαϐείας
3958 4773 4016 4825 δὲ

756 4872 900 4925 xime
934 4869 1151 4924 laudem
1199 4860 1530 4922 conSecutus
1581 4868 1780 4929 fuerat,
1831 4883 1894 4919 ex
1926 4882 1993 4920 eo
2026 4866 2170 4936 quod
2205 4882 2328 4935 pro-

2437 4863 2702 4933 μεγίστης
2743 4863 2916 4932 ὄνομα
2941 4864 3278 4934 περιέκειτο·
3312 4860 3392 4926 οἷς
3423 4864 3649 4926 οἰκείοις
3687 4865 4018 4932 ἀναλώμασι

759 4963 897 5032 priis
947 4963 1260 5032 sumptibus
1305 4960 1676 5014 monumentis
1728 4960 2081 5020 constructis,
2135 4958 2187 5011 in
2245 4958 2325 5012 eis
2357 4961 2437 5021 Ι),

2357 4961 2405 5021 ι)
2436 4958 2682 5024 μνημεῖα
2716 4954 3170 5018 κατεσκευακὼς,
3203 4957 3260 5008 ἐν
3282 4957 3470 5020 αὐτοῖς
3504 4957 3780 5011 κατετίθει
3809 4959 3877 5011 τὰ
3907 4959 4019 5010 τῶν

761 5054 853 5121 pie
881 5051 1267 5108 defunctorum
1303 5051 1566 5120 reliquias
1600 5059 1910 5118 reponeret.
1946 5051 2008 5103 Et
2041 5060 2330 5118 propterea

762 5143 912 5213 quod
954 5121 1204 5197 doctrina
1229 5144 1422 5212 exigua
1457 5143 1581 5206 luit,
1612 5141 1850 5195 alienam
1889 5156 1917 5194 a
1961 5141 2128 5193 rebus
2169 5155 2334 5207 agen-

765 5236 850 5288 dis
873 5235 1149 5304 delegerat
1175 5234 1360 5287 vitam.
1410 5233 1580 5297 Quam
1613 5231 1684 5284 ob
1715 5246 1932 5284 causam
1963 5229 2193 5283 ecclesia
2230 5229 2330 5282 sub

762 5342 828 5381 eo
875 5328 1118 5381 externis
1177 5341 1363 5380 rerum
1418 5324 1675 5378 ﬂuetibus
1726 5323 1938 5389 libera,
1995 5337 2126 5392 pace
2163 5321 2331 5375 multa

762 5400 942 5473 litata
971 5429 1077 5474 est.
1118 5421 1294 5489 Atque
1337 5419 1429 5472 ubi
1465 5434 1639 5472 annos
1673 5417 1813 5471 duos
1841 5427 1894 5471 et
1928 5430 2147 5470 menses
2174 5412 2336 5482 quin‘-

765 5528 874 5581 qe
936 5513 1160 5582 paciﬁca
1237 5511 1526 5567 ecclesiam
1585 5510 2028 5572 administravit,
2099 5508 2331 5575 septima

764 5605 958 5676 jejuuii
994 5607 1208 5662 dierum
1262 5605 1586 5676 septimana,
1625 5620 1688 5660 ea
1721 5619 1842 5675 qua:
1891 5602 2093 5657 dicitur
2142 5600 2335 5670 Magna

2431 5046 2673 5110 εὐλαϐῶς
2703 5046 3080 5100 τελευτώντων
3107 5047 3362 5116 λείψανα.
3407 5048 3648 5118 Ἰδιῶτης
3699 5049 3758 5101 δὲ
3783 5049 3865 5104 ὣν
3924 5051 4019 5102 τὸν

2430 5139 2609 5207 λόγον,
2679 5141 3201 5210 ἀπραγμονέστερον
3253 5142 3376 5210 βίον
3440 5143 3647 5212 ᾑρεῖτοε
3709 5142 3794 5193 δ.δ
3847 5143 3944 5194 καὶ
3985 5146 4018 5210 ἡ

2431 5233 2698 5302 ἐκκλησία
2745 5233 2839 5285 ἐπὶ
2899 5233 3091 5285 τούτου
3156 5233 3380 5303 βαθείας
3440 5234 3664 5302 εἰρήνης
3699 5233 4022 5301 ἁπήλαυσε,

2435 5323 2541 5375 τῶν
2579 5323 2780 5388 ἔξωθεν
2818 5325 3153 5394 ήρεμήσασα
3198 5326 3398 5380 σάλων.
3441 5325 3568 5379 'E-tt'i.
3603 5325 3728 5378 δυσλ⁸
3761 5325 3807 5376 δ’
3837 5327 4024 5376 ἐνιαυ-

2434 5409 2552 5478 τοῖς
2582 5418 2676 5469 καὶ
2720 5420 2854 5486 μησὶ
2881 5417 3044 5470 πέντε
3078 5417 3371 5485 εἰρηνικῶς
3435 5416 3543 5485 τὴν
3574 5416 3885 5485 ἐκκλησίαν
3913 5419 4002 5471 ἰθύ

2449 5526 2567 5571 νας,
2602 5511 2862 5562 ἐτελεύτα
2892 5512 2984 5562 τὸν
3019 5511 3133 5579 βίον
3164 5513 3308 5564 κατὰ
3337 5510 3436 5580 τὴν
3478 5511 3722 5581 ἑϐδόμην
3747 5512 4028 5580 ἑϐδομάδα

2444 5601 2552 5654 τῶν
2598 5604 2881 5673 νηστειῶν,
2943 5607 3040 5673 τῆς
3101 5605 3365 5674 Μεγάλης
3401 5607 3676 5676 ἀγομένης
3735 5607 4021 5675 πέμπτης.

843 5721 918 5790 (ι)
961 5721 1448 5792 llmccoustitutio
1504 5719 1661 5776 hodie
1713 5735 1818 5775 non
1865 5725 2054 5775 exstat.
2113 5717 2340 5772 Damnat
2367 5728 2548 5774 autem
2579 5719 2930 5777 Nestorianos
2965 5720 3052 5777 hic
3085 5721 3407 5792 imperator;
3437 5724 3472 5778 l.
3513 5722 3794 5776 Damnata,
3847 5722 3911 5776 (ἶ.
3956 5723 4027 5777 [lc

769 5796 962 5854 haeret.
995 5802 1046 5848 ct
1073 5791 1306 5847 Manicb.
