4250 6440
778 376 923 439 1191

1986 370 2408 431 ΝΙΕΕΡΠΟΙΗ
2446 371 2533 430 CA
2550 372 2797 431 LUSTI

3911 367 4046 435 1192

788 488 934 539 nieia‘
964 486 1197 555 primum
1230 484 1598 548 Antiochiam,
1626 493 1679 537 et
1713 481 1840 539 inde
1869 492 2054 552 postea
2085 482 2354 536 Constan-

2462 482 2721 534 Κιλικίαν
2777 478 3132 549 ἀνεκηρύχθη
3190 480 3522 542 ἐπίσκοπος*
3569 477 3709 546 μετᾶ
3764 477 3820 530 δὲ
3883 478 4045 529 τοῦτο

789 576 1074 644 tnopolim
1113 581 1198 629 est
1244 575 1559 628 translatus.
1611 574 1780 627 Divus
1832 572 2083 626 Meletius
2120 573 2357 639 primum

789 668 1047 725 Sebastia:
1092 669 1385 737 cpiscopus
1424 678 1508 721 est
1543 665 1909 725 renuntiatus,
1945 663 2144 717 deinde
2175 674 2358 717 autem

785 776 911 814 eum
950 776 1142 828 magna
1202 760 1374 829 gloria
1423 757 1771 812 Antiochiam
1820 755 1887 809 ad
1954 753 2219 810 Orontem
2275 765 2355 810 est

788 862 1040 906 vocatus.
1075 852 1209 905 Item
1238 851 1397 905 divus
1423 850 1723 918 Gregorius
1752 848 2088 903 Sasimorum
2122 847 2355 914 primum

784 944 1165 1011 Cappadocum
1218 942 1391 1006 urbis,
1435 941 1639 994 deinde.
1683 940 1963 1002 Nalianzi,
2002 940 2190 1007 patria:
2224 952 2358 997 sure,

786 1037 1161 1103 episcopatum
1234 1036 1459 1088 sortitus
1502 1050 1516 1086 :
1554 1043 1740 1101 postea
1790 1047 1819 1085 a
1871 1031 2107 1085 secunda
2152 1030 2358 1100 synodo

784 1140 840 1182 et
887 1126 1106 1181 Melelio
1157 1125 1521 1188 Antiocheuo,
1562 1140 1660 1193 pro
1715 1139 1779 1176 eo
1826 1132 1990 1192 atque
2037 1122 2242 1179 decuit,
2302 1122 2357 1174 in

784 1219 1103 1287 praeclaram
1139 1216 1651 1285 Constantinopolis
1691 1214 1874 1269 sedem
1925 1215 2222 1267 translatus
2250 1223 2352 1267 est.

786 1310 964 1364 l’atris
1024 1309 1081 1362 in
1116 1309 1321 1362 Achaia
1364 1308 1659 1377 Perigenes
1704 1309 1997 1377 episcopus
2047 1308 2358 1377 designatus

784 1413 868 1457 est
906 1418 919 1454 :
968 1416 1132 1469 quem
1175 1401 1270 1453 ubi
1314 1399 1556 1452 civitatis
1585 1402 1706 1468 ejus
1746 1399 1941 1453 incolae
1977 1414 2086 1452 non
2135 1414 2359 1467 recepe-

784 1504 934 1558 runt,
987 1494 1269 1547 Romanus
1309 1493 1604 1560 episcopus
1637 1492 1692 1545 in
1731 1493 1990 1545 thronum
2037 1491 2357 1560 metropoli.

786 1601 924 1641 tame
958 1587 1114 1640 urbis
1148 1586 1424 1651 Corinthi,
1462 1586 1554 1639 ubi
1593 1600 1879 1639 sacrorum
1915 1584 2145 1638 antistes
2178 1598 2355 1653 nuper

783 1680 1081 1733 admodum
1143 1679 1251 1732 vita
1304 1678 1600 1733 defunctus
1655 1678 1856 1739 fuerat,
1914 1677 2100 1732 induci
2140 1679 2353 1748 jussit:

781 1782 947 1840 atque
997 1771 1090 1826 ille
1145 1772 1219 1825 ita
1269 1772 1593 1834 translatus,
1646 1768 1879 1839 paeiﬁcc
1933 1768 2008 1823 ibi
2061 1784 2158 1838 per
2187 1770 2353 1823 vitam

2462 575 2543 635 είς
2570 573 2907 644 Ἀντιόχειαν
2939 573 3038 640 τὴν
3067 573 3198 643 παρ’
3222 572 3451 643 Ὀρόντῃ
3481 569 3719 633 εὐκλεῶς
3753 570 4042 639 μετετέθη.

2478 665 2535 719 Ὀ
2568 666 2623 717 δὲ
2656 665 2799 729 θεῖος
2829 665 3130 736 Γρηγόριος
3202 664 3459 733 Σασίμων
3496 664 3765 732 πρότερον
3797 661 3894 731 τὴν
3924 662 4047 714 ἐπι-

2467 758 2680 825 σκοπὴν
2708 757 3007 827 ἐκληροῦτο
3026 773 3038 787 ·
3077 755 3472 816 Καππαδοκίας
3508 754 3564 807 δὲ
3619 752 3757 823 αὕτη
3783 754 3817 823 ἡ
3851 752 4047 813 πόλιςθ

2464 855 2555 900 καὶ
2582 849 2893 912 Ναζιανζοῦ
2922 851 2977 901 δὲ
3000 849 3103 919 τῆς
3157 852 3363 911 οἰκείας
3403 846 3664 916 πατρίδος
3693 846 3791 912 τὴν
3825 846 4049 897 ἐπισκο-

2463 943 2571 1009 πὴν
2599 941 2854 1013 εἰληχὼς,
2890 942 3081 996 ἔπειτα
3108 944 3261 1013 παρὰ
3283 942 3382 1011 τῆς
3405 941 3668 1009 δευτέρας
3693 939 3914 990 συνόδου
3946 938 4045 989 καὶ

2461 1034 2723 1088 Μελετίου
2781 1035 2876 1088 τοῦ
2922 1036 3261 1106 Ἀντιοχείας
3324 1036 3403 1096 είς
3445 1033 3538 1086 τὸν
3594 1030 3883 1101 περίδοξον
3934 1031 4046 1095 τῆς

2461 1124 2876 1181 Κωνσταντίνου
2910 1126 3102 1197 θρόνον
3124 1128 3198 1189 ὡς
3227 1126 3408 1197 χρεὼν
3443 1123 3823 1194 μετατίθεται.
3868 1123 3959 1176 Ἑν
3985 1123 4046 1173 δὲ

2463 1219 2704 1286 Πάτραις
2758 1221 2858 1288 τῆς
2890 1219 3118 1289 Ἀχαΐας
3167 1219 3474 1281 ἐπίσκοπος
3508 1216 3815 1287 Περιγένης
3863 1231 4047 1282 κεχει-

2464 1312 2741 1380 ροτόνητο.
2783 1312 2873 1373 Ὠς
2907 1312 2963 1364 δὲ
2987 1314 3034 1365 οἰ
3059 1312 3158 1381 τῆς
3186 1314 3393 1375 πόλεως
3428 1311 3591 1364 αὐτὸν
3618 1311 3679 1362 οὐ
3713 1308 4043 1375 προσίεντο,

2460 1408 2486 1457 ὸ
2506 1405 2804 1473 ,Ῥωμαίων
2838 1405 3138 1467 ἐπίσκοπος
3170 1406 3227 1457 ἐν
3250 1407 3316 1473 τῇ
3346 1403 3684 1474 μητροπόλει
3726 1400 4046 1469 Κορινθίων

2459 1495 2870 1565 ἐνθρονίζεσθαι
2920 1496 3113 1549 τοῦτον
3167 1497 3436 1561 ἐκέλευεν,
3469 1497 3596 1565 ἄρτι
3650 1493 3797 1546 τέλει
3830 1509 4049 1562 χρησα-

2462 1590 2625 1659 μένου
2655 1588 2748 1640 τοῦ
2775 1587 2894 1658 βίου
2920 1588 3011 1641 τοῦ
3040 1588 3219 1641 ἐκεῖσε
3250 1589 3308 1641 τὸ
3343 1588 3595 1658 ἱερᾶσθαι
3620 1586 3912 1656 λαχόντος·
3946 1587 4051 1638 καὶ

2459 1678 2751 1749 εἰρηνικῶς
2768 1681 2866 1749 τῆς
2889 1678 3186 1749 ἐκκλησίας
3202 1678 3289 1732 διὰ
3310 1679 3425 1749 βίου
3441 1680 3678 1749 προέστη
3697 1677 4047 1747 μετατεθείς.

2459 1772 2563 1823 Τὸν
2591 1772 2647 1824 δὲ
2684 1772 3008 1835 Σελευκείας
3053 1774 3351 1825 ἐπίσκοπον
3387 1772 3643 1823 Δοσίθεον
3686 1769 4050 1838 Ἀλέξανδρῦς

781 1879 1000 1917 Omnem
1033 1865 1321 1918 ecclesiam
1368 1866 1531 1919 rexit.
1587 1865 1910 1919 Dositheum
1949 1864 2213 1918 Seleucia:
2242 1864 2356 1931 cpi-

2462 1865 2487 1915 6
2519 1863 2616 1933 τὴν
2645 1862 2926 1933 Ἀντιόχου
2959 1864 3340 1933 ἐπιτροπεύων
3380 1866 3460 1924 εἰς
3492 1863 3711 1930 Ταρσὸν
3752 1864 3853 1929 τῆς
3886 1864 4051 1914 Κιλι-

785 1973 1037 2026 scopum,
1086 1958 1396 2011 Alexander
1443 1957 1821 2012 Antiochenus
1873 1956 2102 2010 Tarsum
2154 1954 2360 2009 Cilicia)

784 2048 1090 2101 transtulit.
1124 2049 1279 2102 Alius
1342 2057 1521 2102 autem
1563 2048 1785 2103 nomine
1813 2048 2176 2103 Reverentius
2206 2049 2361 2102 Areis

783 2140 1083 2194 Ριιαιηὶοίεε
1106 2142 1406 2211 episcopus
1435 2143 1632 2205 lectus,
1667 2142 1871 2212 Tyrum
1905 2141 2032 2194 inde
2062 2141 2357 2206 transiens,

781 2232 1086 2301 episcopali
1118 2232 1192 2285 ibi
1224 2248 1455 2287 munere
1489 2241 1572 2286 est
1617 2234 1860 2287 functus.
1890 2234 1967 2286 Ex
1999 2232 2201 2298 Cordo,
2240 2248 2361 2302 qua:

783 2323 839 2377 in
894 2324 1055 2394 Lycia
1099 2333 1183 2378 est
1224 2324 1321 2394 (t),
1355 2324 1408 2377 in
1449 2326 1858 2379 Proconnesum
1899 2324 2141 2379 Joannes
2184 2333 2360 2378 trans-

782 2414 1004 2477 missus,
1044 2413 1331 2481 magniliee
1392 2414 1769 2482 episcopatum
1820 2414 1892 2467 ibi
1926 2414 2111 2483 gessit.
2146 2414 2208 2467 Et
2240 2414 2362 2467 Pal-

781 2506 962 2563 ladius
1002 2505 1071 2559 ab
1118 2504 1438 2575 Helenopoli
1488 2506 1757 2577 Bithyniae
1798 2505 2075 2576 Aspunam
2124 2506 2356 2560 transiit.

783 2600 849 2653 Et
882 2599 1027 2652 alius
1067 2614 1135 2653 ex
1172 2600 1419 2669 ejusden
1453 2600 1608 2652 urbis
1636 2600 1872 2654 ecclesia
1913 2600 2203 2669 episcopus
2231 2600 2361 2654 Ale-

783 2691 1025 2752 xander,
1051 2690 1326 2743 Adrianus
1358 2692 1645 2744 traductus
1673 2700 1778 2745 est.
1821 2689 1897 2744 Ex
1935 2691 2172 2761 Apamea
2220 2692 2361 2746 Asia:

785 2783 1074 2853 Philippus
1115 2782 1535 2852 Eudoxiopolim
1579 2783 1779 2836 missus
1810 2793 1917 2847 est,
1948 2785 2035 2835 cui
2069 2793 2228 2836 vetus
2260 2798 2358 2836 no-

785 2889 910 2928 men
963 2874 1271 2929 Salambria
1318 2875 1443 2927 fuit.
1484 2875 1817 2944 l’olycarpus
1865 2889 1929 2928 ex
1970 2875 2359 2944 Antapristcna

787 2968 967 3032 Mysia:
990 2969 1149 3032 urbe,
1172 2968 1479 3037 Nicopolim
1509 2968 1794 3022 Thraciae:
1821 2966 1981 3037 527
2008 2967 2364 3034 liierophilus

783 3078 849 3117 ex
900 3062 1245 3130 Trapezunte
1294 3062 1432 3114 urbe
1465 3060 1732 3131 l’hrygim,
1771 3060 2159 3129 PlotinOpolim
2188 3059 2363 3113 Thra-

783 3154 882 3206 cia:
917 3152 1089 3205 venit.
1142 3150 1395 3219 Optimus
1449 3167 1515 3203 ex
1576 3152 1845 3220 Agdamca
1902 3150 2198 3220 Phrygum,
2248 3150 2363 3203 An-

787 3246 1045 3299 tiochiam
1076 3245 1312 3299 Pisidiae.
1333 3243 1602 3298 Troadem
1629 3258 1693 3296 ex
1712 3242 2078 3312 PhilippOpoli
2115 3243 2362 3299 Thracia:

787 3337 1060 3409 Sylvanus
1110 3337 1349 3403 transiit,
1389 3336 1457 3390 de
1504 3352 1614 3405 quo
1664 3335 2048 3389 admirandum
2099 3335 2360 3405 quiddam

786 3430 1125 3484 memorabo.
1162 3431 1209 3482 Is
1241 3445 1365 3483 cum
1399 3440 1574 3484 artem
1608 3430 1909 3484 oratoriam
1944 3429 2181 3498 primunt
2214 3429 2360 3498 apud

787 3521 1091 3590 sophistam
1158 3521 1411 3574 Troilum
1476 3520 1791 3584 didicisset,
1861 3519 2105 3573 studium
2170 3529 2363 3590 postea

786 3625 951 3664 Omne
983 3610 1049 3663 ad
1085 3609 1577 3663 Christianismum
1616 3609 1923 3671 transtulit,
1956 3610 2363 3679 asceticamque

787 3710 1113 3755 consectans
1145 3702 1335 3763 vitam,
1370 3700 1594 3770 pallium
1617 3710 1830 3773 gestare
1876 3700 2363 3755 recusavit.‘Hunc

787 3794 1076 3861 abreptum
1109 3792 1325 3845 Atticus
1359 3792 1672 3861 cpiScopus,
1706 3789 2108 3860 Philippopolis
2151 3792 2365 3861 episeo-

789 3898 918 3952 pum
946 3882 1249 3936 declaravit
1293 3901 1305 3935 :
1341 3884 1392 3935 in
1422 3898 1530 3951 qua
1566 3882 1702 3936 urbe
1735 3893 2022 3950 postquam
2058 3884 2360 3937 triennium

787 3972 987 4042 exegit,
1042 3961 1148 4025 loci
1208 3971 1326 4039 ejus
1370 3972 1662 4025 hibernum
1725 3974 1962 4042 rigorem
2016 3989 2126 4027 non
2180 3973 2363 4028 ferens

791 4067 1068 4133 (exiguum
1096 4062 1241 4115 enim
1269 4069 1325 4115 et
1357 4061 1627 4115 imbecille
1652 4061 1702 4114 ei
1730 4077 1950 4130 prorsus
1974 4077 2172 4132 corpus
2198 4065 2358 4132 erat),

788 4156 1033 4211 Atticum
1070 4164 1129 4206 ut
1166 4154 1336 4207 alium
1368 4154 1424 4207 in
1463 4154 1645 4207 locum
1677 4168 1836 4207 suum
1872 4154 2193 4223 episcopum
2229 4154 2362 4209 sub-

790 4248 1063 4307 stitueret,
1096 4244 1330 4314 rogavit,
1362 4259 1472 4297 non
1505 4245 1666 4297 aliam
1698 4260 1862 4313 quam
1890 4245 2111 4315 frigoris
2142 4261 2361 4301 causam

790 4337 1043 4407 petitioni
1082 4352 1195 4390 sum
1246 4339 1617 4405 praetendens.
1665 4335 1837 4391 Porro
1884 4338 2141 4406 episeopo
2176 4337 2283 4391 alio
2313 4338 2363 4391 ei

791 4430 1111 4498 subrogato,
1143 4426 1409 4497 Sylvanus
1436 4426 1913 4497 Constantinopoli
1955 4428 2180 4497 degens,
2229 4445 2363 4484 cura

2463 1955 2587 2018 κίας
2645 1958 3005 2026 μετήνεγκεν.
3034 1956 3263 2026 Ἕτερος
3311 1957 3367 2008 δὲ
3433 1955 3805 2024 Ῥεόερέντεος
3866 1954 4051 2023 ὄνομα

2475 2048 2687 2117 Ἀρκῶν
2720 2048 2822 2117 τῆς
2856 2048 3113 2117 Φοινίκης
3160 2051 3486 2102 ἐπισκοπεῖν
3528 2047 3749 2115 ἐξελέγη
3777 2063 3793 2077 ·
3827 2048 4051 2099 ἐκεῖθεν

2461 2139 2519 2190 δὲ
2546 2139 2641 2208 τῆς
2672 2138 2893 2210 Τυρίων
2924 2139 3219 2209 ίερατικῶς
3255 2139 3633 2209 καθηγήσατο.
3667 2138 3802 2189 Ἀπὸ
3824 2137 3883 2189 δὲ
3908 2139 4052 2206 Γόρ-

2461 2231 2552 2284 δου
2585 2232 2681 2302 τῆς
2716 2235 2772 2283 ἐν
2815 2232 2994 2302 Λυκίᾳ
3026 2232 3291 2301 κειμένης
3326 2236 3407 2293 εἰς
3438 2232 3814 2301 Προικόνησον
3866 2233 4057 2299 μετή-

2464 2320 2627 2391 νέχθη
2680 2322 2973 2391 Ἰωάννηςο
3015 2323 3110 2374 καὶ
3166 2321 3441 2391 λαμπρῶς
3466 2321 3568 2389 τῆς
3617 2316 3925 2389 ἐπιᾶἒιοπῆς
3954 2321 4054 2372 δια

2465 2413 2580 2481 βίου
2612 2412 2738 2474 τοὺς
2763 2413 2955 2475 οἴακας
2991 2412 3364 2482 ἐκληρώσατο.
3394 2412 3589 2475 Ἀλλος
3619 2412 3675 2464 δέ
3706 2429 3788 2474 τις
3836 2413 4058 2465 Παλλα-

2462 2502 2573 2564 διος
2629 2502 2735 2554 ἀπὸ
2802 2502 3235 2564 Ἐλενουπόλεως
3286 2502 3385 2570 τῆς
3441 2503 3583 2555 κατὰ
3642 2501 3901 2554 Βιθυνίαν
3962 2504 4058 2564 εἰς

2475 2595 2776 2649 Ἀσποῦναν
2810 2596 3099 2667 μετετέθη.
3143 2596 3247 2650 Καὶ
3280 2598 3470 2665 ἕτερος
3501 2597 3602 2666 τῆς
3643 2596 3816 2665 αὐτῆς
3843 2596 4059 2663 ἐκκλη-

2465 2687 2584 2748 σίας
2614 2687 2971 2759 ’Λλὲξανδρος
3006 2691 3086 2752 εἰς
3135 2691 3453 2756 ’Λδριανοὺς
3503 2690 3779 2760 προήχθη.
3820 2690 3958 2741 Ἀπὸ
3990 2691 4059 2741 δὲ

2462 2779 2561 2844 τῆς
2598 2780 2654 2829 ἐν
2689 2780 2845 2849 Ἀσία
2884 2778 3194 2849 Ἀπαμείας
3227 2761 3503 2843 Φίλιππός
3559 2784 3639 2844 είς
3680 2782 4062 2846 Εὑδοξιούπο-

2464 2870 2546 2922 λιν
2568 2873 2753 2941 ἤγετο,
2867 2876 2927 2925 τὸ
2977 2875 3209 2941 ἀρχαῖον
3240 2874 3569 2944 Σαλαμσρία
3601 2874 3777 2940 ὄνομα
3812 2870 3904 2944 ἦν.
3936 2875 4060 2925 Πο-

2464 2966 2745 3032 λύκαρπος
2782 2965 2888 3017 ἀπὸ
2923 2964 3419 3036 Σεξανταπρίστων
3450 2970 3546 3033 τῆς
3579 2968 3797 3028 Μυσίας
3839 2970 3920 3030 εἰς
3944 2971 4060 3036 τὴν

2463 3056 2564 3123 τῆς
2596 3056 2815 3126 Θρᾴκης
2866 3058 3166 3111 Νικόπολιν
3209 3059 3529 3128 μετεχώρει.
3590 3059 3701 3111 Καὶ
3745 3059 4061 3129 Ἱερζφιλος

2420 3204 2433 3222 ο
2466 3146 2571 3199 ἀπὸ
2600 3146 3015 3217 Τραπεζοῦντος
3047 3151 3254 3213 πόλεως
3277 3153 3517 3221 Φρυγίας
3546 3152 3625 3215 είς
3648 3154 3747 3222 τὴν
3771 3154 3869 3223 τῆς
3904 3154 4064 3225 Θρᾴ-

2465 3255 2566 3304 κης
2590 3240 2887 3293 [ῐλαυτινού
2900 3242 3049 3293 πολιν
3072 3238 3545 3313 ἧλθεν.’οπτιμος
3568 3245 3679 3297 ἀπὸ
3705 3247 4060 3315 Ἀγδαμείας

2463 3329 2562 3398 τῆς
2589 3330 2831 3400 Φρυγίας
2860 3332 2941 3395 εἰς
2972 3332 3070 3403 τὴν
3114 3335 3213 3402 τῆς
3284 3335 3532 3397 Πισιδίας
3575 3337 3917 3407 Ἀντιόχειαν
3950 3356 4060 3407 με-

2463 3424 2698 3494 τηνέχθη
2738 3427 2818 3488 είς
2879 3426 2936 3479 δὲ
2988 3427 3220 3493 Τρωάδα
3266 3428 3373 3481 ἀπὸ
3405 3430 3503 3498 τῆς
3532 3430 3589 3481 ἐν
3616 3428 4059 3500 Θρᾴκῃνφιλιπο

2454 3514 2782 3577 ιπουπὸλεως
2816 3516 3080 3579 Σιλσανὸς
3134 3517 3510 3589 μετεχώρησε.
3563 3520 3703 3588 Περὶ
3757 3518 3818 3575 οὗ
3848 3540 3906 3574 τι
3953 3524 4061 3575 καὶ

2466 3605 2772 3674 θαυμάσιον
2819 3611 3120 3676 γενόμενον
3168 3609 3527 3679 διηγήσομαι.
3566 3611 3890 3680 Ῥητορείινν
3935 3616 4059 3683 γὰρ

2465 3697 2714 3766 ἀσκήσας
2745 3698 2897 3762 οὖτος
2924 3701 3191 3770 πρότερον
3226 3705 3381 3774 παρα
3410 3702 3489 3768 τῷ
3522 3706 3751 3772 σοφιστῇ
3787 3704 4053 3774 Τρωϊλῳ,

2464 3792 2563 3859 τὴν
2594 3790 2834 3862 σπουδήν
2862 3791 3082 3845 ἆπασαν
3116 3794 3255 3862 πρὸς
3289 3796 3351 3848 τὸ
3395 3796 3812 3866 Χριστιανίζειν
3838 3798 4014 3849 ἐτίθει
4036 3812 4054 3829 ·

2466 3885 2765 3952 ἀσκητικὸν
2812 3885 2867 3936 δέ
2904 3886 3309 3956 μετερχόμενος
3374 3887 3513 3956 βίον,
3548 3886 3791 3957 τρίϐωνα
3853 3893 4057 3958 φορεῖν

2466 3978 2794 4045 παρῃτεῖτοο
2835 3976 2895 4027 ὃν
2942 3979 2969 4027 ὁ
3006 3979 3307 4041 ἐπίσκοπος
3354 3976 3600 4039 Ἀττικὸς
3656 3980 4055 4047 συναρπάσας,

2464 4067 2950 4130 Minume-nolam;
2998 4069 3210 4121 ἐδείκνυ
3266 4071 3611 4122 ἐπίσκοπον*
3666 4072 3725 4122 ἐν
3865 4076 4059 4141 τρίτον

2464 4159 2584 4221 ἔτος
2616 4158 2915 4228 διαγαγὼν,
2952 4160 3013 4212 τὸ
3041 4161 3137 4213 τοῦ
3171 4161 3342 4213 τόπου
3378 4162 3452 4230 μὴ
3494 4162 3791 4236 ὑποφέρων
3818 4163 4052 4232 δυσχεί-

2468 4268 2636 4322 μερον
2673 4250 2945 4320 (ἐξίτηλον
2971 4254 3079 4323 γὰρ
3112 4248 3181 4323 ἦν
3212 4255 3405 4324 ἐκείνῳ
3430 4243 3680 4323 τὸσῶμα
3702 4255 3795 4309 καὶ
3834 4256 4058 4308 παντά-

2465 4356 2632 4393 πασιν
2659 4339 2909 4410 ἄπορον),
2974 4343 3186 4394 ἱκεσίαν
3225 4342 3458 4411 Ἀττικῷ
3511 4344 3817 4412 προσῆγεν,
3852 4344 4056 4415 ἓτερον

2466 4434 2543 4493 είς
2573 4433 2663 4484 τὸν
2690 4432 2855 4485 αὐτοῦ
2870 4433 3034 4485 τόπον
3061 4432 3359 4487 ἐπίσκοπον
3391 4434 3679 4506 καθιστᾷν,
3712 4436 3844 4489 ἄλλο
3881 4440 4059 4507 μηδὲν

790 4536 1003 4576 summa
1051 4522 1412 4574 monasticam
1461 4520 1630 4574 coluit
1686 4521 1876 4583 vitam,
1933 4520 2257 4577 humilitatis
2304 4531 2360 4577 et

2466 4523 2965 4595 προὸαλλόμενοςῆ
3003 4525 3068 4578 τὸ
3115 4525 3281 4595 κρύος
3309 4525 3485 4579 αττιον
3518 4528 3623 4596 τῆς
3653 4533 4059 4601 παραιτήσεως

793 4612 1135 4681 paupertatis
1168 4606 1275 4664 tam
1327 4610 1631 4676 studiosus,
1665 4620 1723 4664 ut
1767 4612 1821 4664 in
1865 4611 1999 4665 urbe
2032 4610 2365 4681 frequentis-

793 4706 930 4757 sima
975 4703 1363 4768 obambulans,
1406 4703 1638 4771 sparteis
1672 4702 1745 4755 sit
1794 4702 2056 4757 sandaliis
2099 4719 2250 4759 usus.
2285 4704 2363 4758 Eo

793 4806 1038 4865 tempore
1096 4809 1206 4848 non
1264 4794 1438 4847 multo
1493 4802 1724 4859 exacto,
1787 4792 2018 4848 Troadis
2073 4796 2364 4866 episcopus

714 4907 719 4912 “
794 4894 1048 4938 mortuus
1090 4892 1215 4951 ;est.
1278 4882 1626 4952 Quapropter
1672 4882 1841 4938 Troes
1894 4882 2363 4956 Constantinopoli

796 4976 1022 5039 aﬂuere,
1057 4976 1378 5045 episcopum
1420 4984 1690 5045 petentes.
1730 4975 1866 5031 Cum
1911 4984 2093 5031 autem
2129 4979 2362 5046 Atticus,

798 5084 1088 5138 quemnam
1130 5068 1242 5122 illis
1288 5066 1594 5123 antistitem
1640 5069 1974 5138 designaret,
2010 5069 2362 5137 deliberaret,

798 5164 1069 5231 Sylvanus
1104 5162 1314 5216 visendi
1356 5164 1474 5231 ejus
1509 5162 1682 5230 gratia
1715 5164 1781 5217 ad
1821 5178 1948 5217 cum
1978 5164 2152 5218 venit.
2191 5164 2361 5230 Quem

799 5244 889 5309 ubi
934 5256 1241 5324 conspexit,
1273 5255 1456 5309 statim
1492 5254 1541 5308 ei
1587 5253 1767 5324 Troia:
1796 5255 2171 5325 episcopatum
2206 5272 2362 5310 man-

798 5350 968 5403 davit.
1000 5347 1177 5417 Atque
1211 5347 1275 5400 ad
1307 5362 1432 5401 eum
1460 5361 1762 5401 conversus
1795 5363 1808 5399 :
1845 5346 2131 5417 Deinceps,
2163 5348 2360 5417 inquit,

800 5441 978 5493 omnis
1003 5440 1097 5491 tibi
1126 5438 1514 5493 ecclesiastica-2
1540 5437 1837 5493 [unctionis
1864 5436 2203 5506 defugiendo:
2230 5456 2367 5508 pne-

798 5535 910 5587 eisa
947 5543 1028 5586 est
1072 5531 1311 5586 occasio.
1360 5532 1561 5586 Multus
1605 5531 1751 5585 enim
1805 5530 2016 5585 Troade
2061 5533 2212 5585 calor
2259 5545 2362 5597 est,

800 5635 1251 5693 opportuniusque
1289 5633 1344 5677 et
1388 5625 1707 5680 commodus
1740 5624 1835 5679 tibi
1889 5639 1918 5677 a
1972 5623 2083 5679 Deo
2137 5636 2364 5694 paratus

874 5826 951 5899 (I)
991 5827 1200 5885 Socrat.
1235 5830 1286 5883 in
1320 5829 1502 5899 Lydia.

2464 4619 2732 4687 γίνεσθαι.
2767 4620 2875 4671 Καὶ
2907 4619 2971 4687 δὴ
3019 4619 3208 4689 ἐτέρου
3249 4620 3552 4674 ἐπισκόπου
3599 4622 3682 4683 είς
3709 4622 3805 4675 τὸν
3834 4624 4059 4676 ἐκείνου

2464 4708 2630 4761 τόπον
2684 4710 3079 4772 καταστάντος,
3113 4709 3376 4772 Σιλὸανὸς
3425 4712 3481 4762 ἐν
3513 4714 3580 4780 τῇ
3620 4713 4059 4767 Κωνσταντίνου

2464 4802 2564 4863 τὰς
2584 4800 2871 4871 διατριϐὰς
2893 4803 3156 4868 ἐποιεῖτο,
3184 4802 3370 4872 ἄκρως
3400 4804 3492 4855 τὸν
3514 4805 3818 4873 ἀσκητικὸν
3845 4808 4063 4871 μετιὼν

2468 4894 2603 4963 βίον.
2654 4893 2781 4947 Ἐπὶ
2815 4894 2975 4947 τόσον
3005 4895 3060 4946 δὲ
3092 4896 3241 4965 αὐτῷ
3272 4897 3332 4947 τὸ
3370 4895 3581 4964 ἄτυφον
3625 4898 3720 4949 καὶ
3754 4899 4062 4968 ἀπέριττον

2465 4981 2554 5054 ἦν,
2588 4984 2663 5047 ὡς
2697 4985 2902 5056 καίπερ
2965 4988 3022 5039 ἐν
3079 4988 3499 5058 πολυανθρώπῳ
3533 4989 3689 5040 πόλει
3738 4991 4063 5059 στρεφόμε-

2466 5095 2593 5140 νος,
2657 5080 2885 5147 χόρτινα
2940 5078 3296 5133 ὑποδεδέσθαι
3360 5080 3639 5135 σανδάλια.
3710 5080 3935 5149 Ὀλίγου
4015 5085 4063 5137 δ’

2468 5170 2719 5222 ἐνιαυτοῦ
2748 5171 3061 5241 παριόντος,
3091 5172 3119 5223 ό
3148 5174 3247 5240 τὴν
3274 5173 3577 5243 ἐπιτροπὴν
3607 5176 3708 5243 τῆς
3740 5174 3798 5225 ἐν
3826 5173 4061 5246 Τρωάδι

2466 5262 2759 5330 ἐκκλησίας
2820 5263 3244 5333 κεκληρωμένος
3302 5263 3586 5317 ἐτελεύτα.
3642 5266 3706 5317 Ol
3764 5266 3821 5318 δὲ
3860 5269 4063 5338 Τρῶες

2467 5354 2720 5421 παρῆσαν
2753 5353 3045 5422 ζητοῦντες
3093 5356 3415 5409 ἐπίσκοπον.
3449 5356 3560 5431 Τοιῖ
3610 5358 3667 5409 δέ
3700 5357 3967 5412 Ἀττικοῦ
4001 5365 4061 5413 ἐν

2468 5443 2689 5511 συννοίᾳ
2746 5444 3151 5514 καθεστηκότος
3206 5446 3327 5497 τίνα
3384 5449 3806 5518 χειροτονήσοι,
3866 5454 4060 5521 παρῆν

2468 5532 2726 5596 Σιλϐανὸς
2754 5536 3060 5603 τηνικαῦτα
3090 5539 3232 5591 κατὰ
3287 5538 3418 5591 θέαν
3452 5541 3642 5593 αὐτοῦ.
3700 5540 3759 5594 Ὀ
3806 5544 3867 5595 δὲ
3898 5562 4059 5596 κατι-

2468 5626 2595 5693 δὼν,
2628 5628 2789 5693 εὐθὺς
2826 5630 3020 5701 ἐκείνῳ
3052 5632 3145 5701 τῆς
3180 5632 3378 5703 Τροίας
3415 5634 3514 5705 τὴν
3554 5638 3906 5705 προστασίαν
3941 5641 4058 5689 ἐτί-
