4250 6440
314 378 451 442 1197

1252 383 1853 446 ECCLESIASTIGE
1893 383 2282 445 HlSTOHI/E
2320 384 2468 447 LIB.
2511 386 2663 446 XIV.

3397 381 3550 453 ’1198

314 510 412 557 σης
444 492 501 544 δὲ
534 488 627 543 καὶ
666 491 694 543 6
725 490 1172 554 Λεοειτουπόὶεως
1207 491 1368 561 ἔσχεν
1412 494 1881 562 Ἀρκαδιούπολιν.
1910 500 1964 554 Α
1990 511 1992 560 ι

1874 500 1964 554 ,Α
1990 496 2297 565 praeterjus
2342 506 2397 551 et
2439 511 2653 565 aequum
2690 511 2851 549 omne
2881 496 3133 565 expulso.
3186 494 3379 552 Postea
3422 515 3552 552 vero

315 582 407 651 Τῷ
442 580 893 647 ’Δλεξιουπόλεως
930 584 1246 651 σχολάζοντι
1278 586 1311 653 ἡ
1339 584 1569 647 ’Δὸυδος
1608 583 1839 653 ἐπεδόθη
1864 600 1877 613 ·

310 675 368 733 ἐς
397 672 627 740 ὕστερον
663 674 720 728 δὲ
751 675 845 728 καὶ
871 676 899 727 6
940 677 1184 745 Ἀπρως.
1218 676 1417 729 Πολλαὶ
1444 676 1497 729 δὲ
1532 676 1623 728 καὶ
1656 676 1762 729 τῶν
1788 677 1880 729 ὲκο

311 764 554 832 κλησιῶν
583 770 846 839 ἧνωνται,
875 767 1067 839 ὥσπερ
1093 768 1124 836 ἡ
1165 769 1343 837 Πάρος
1388 770 1485 821 καί
1529 772 1560 836 ἡ
1594 768 1789 835 Ναξία,
1815 767 1883 821 τά

314 884 375 918 τε
404 864 611 931 Σοῦγδα
646 864 740 915 καὶ
779 862 846 915 τὰ
863 861 1063 927 Φοῦλα,
1095 861 1130 932 ἦ
1152 878 1211 913 τε
1246 861 1469 914 Ἀλανία
1504 865 1596 914 καὶ
1627 864 1659 931 ὴ
1696 862 1880 931 Σωτη-

312 957 621 1024 ιειούπολις.
655 953 764 1008 Τοῦ
806 953 851 1006 δ’
886 954 943 1019 ἐξ
988 954 1265 1021 Ἀγγέλων
1323 955 1599 1006 Ἰσαακῐου
1648 954 1736 1005 τὸν
1780 954 1879 1021 τῆς

309 1051 589 1119 βασιλείας
645 1046 1071 1119 πρυτανεύοντος
1128 1045 1337 1113 θρόνον.
1398 1049 1423 1099 6
1485 1046 1879 1115 Ἱεροσολύμων

306 1143 561 1204 Δοσίθεος
587 1142 667 1204 είς
698 1141 789 1193 τὸν
817 1140 915 1208 τῆς
955 1140 1371 1194 Κωνσταντίνου
1411 1140 1599 1209 θρόνον
1646 1141 1877 1209 μετάγε-

307 1251 437 1285 ται·
463 1234 643 1286 ἐκεῖσε
675 1230 733 1285 δὲ
776 1230 1007 1301 Μάρκος
1037 1231 1066 1283 6
1113 1233 1255 1284 κατὰ
1302 1230 1523 1294 Φλῶρον
1553 1235 1875 1299 προάγεται.

307 1324 635 1380 Εἷταπάλιν
676 1324 929 1386 Δοσίθεος
969 1322 1071 1392 τὴν
1104 1322 1519 1377 Κωνσταντίνου
1565 1323 1761 1385 λιπὼν,
1800 1329 1883 1389 ετς

306 1422 399 1471 τὸν
428 1422 527 1487 τῆς
560 1417 753 1481 Αἰλίας
785 1416 980 1487 θρόνον
1023 1418 1294 1481 ἐπάνεισι,
1323 1418 1417 1471 τοῦ
1477 1419 1616 1470 κατὰ
1660 1418 1881 1488 Φλῶρον

307 1513 520 1566 ἐκεῖθεν
552 1515 704 1582 παρὰ
735 1512 918 1565 πᾶσαν
942 1510 1099 1579 δίκην
1126 1511 1509 1574 ἁπελαθέντος.
1536 1504 1625 1574 Ἐς
1650 1510 1879 1581 ὕστερον

308 1607 365 1660 δὲ
397 1608 491 1659 καὶ
520 1605 685 1674 ἄμφω
717 1606 845 1665 τοὺς
890 1603 1117 1672 θρόνους
1147 1604 1247 1673 τῆς
1282 1604 1333 1655 τ’
1364 1604 1551 1666 Δίλίας
1602 1606 1694 1657 καὶ
1728 1605 1883 1673 Κων-

312 1700 595 1751 σταντίνου
631 1699 925 1768 παρῃτεῖτο
955 1695 1239 1760 Δοσίθεος’
1271 1696 1363 1749 καὶ
1388 1696 1509 1751 καθ’
1531 1696 1696 1750 αὑτὸν
1730 1699 1881 1766 γενό-

314 1811 474 1862 μενος
526 1790 800 1845 ἐτελεύτα.
834 1789 1021 1844 Ταῦτα
1071 1789 1168 1858 μὲν
1223 1791 1280 1840 ἐν
1322 1791 1435 1852 τοῖς
1486 1790 1601 1843 ἄνω
1663 1791 1878 1859 χρόνοις

314 1891 563 1953 ἐγένετο·
597 1888 653 1937 ἐν
686 1883 741 1937 δὲ
773 1882 851 1952 τῷ
892 1884 1011 1934 κατ’
1043 1883 1140 1951 ἐμὲ
1172 1882 1349 1951 χρόνῳ
1388 1884 1482 1935 καὶ
1515 1883 1640 1943 τοὺς
1685 1884 1881 1935 τέσσα-

320 1997 421 2047 ρας
450 1977 556 2029 τῶν
588 1975 810 2045 ὑψηλῶν
839 1973 1267 2042 προεδρεύοντας
1306 1974 1511 2044 θρόνων
1556 1977 1618 2025 ἐκ
1653 1975 1882 2041 μεταθέ-

313 2088 455 2123 σεων
487 2065 604 2121 οἴδα
630 2065 1056 2135 γεγενημένους.
1092 2064 1247 2117 Μετὰ
1278 2066 1386 2134 γὰρ
1411 2065 1504 2118 τὸν
1534 2064 1701 2117 πολὺν
1733 2066 1877 2117 ἐκεῖ·

309 2180 400 2215 νον
436 2163 717 2231 ’Λρσένιον
748 2161 777 2212 ὁ
811 2161 910 2223 τῆς
935 2156 1203 2226 Ἐφεσίων
1248 2155 1581 2227 Νικηφόρος.
1606 2158 1701 2210 καὶ
1730 2158 1757 2209 ὁ
1784 2158 1881 2227 τῆς

322 2251 612 2322 Ἀδριανοῦ
670 2249 971 2318 Γερμανὸς,
1028 2250 1107 2310 είς
1161 2248 1255 2300 τὸν
1311 2248 1412 2311 τῆς
1466 2250 1881 2302 Κωνσταντὶνου

321 2344 702 2414 μετατίθενται
730 2342 936 2411 θρόνον.
978 2338 1163 2407 Πολλῷ
1191 2338 1244 2393 δὲ
1270 2338 1496 2405 ὓστερον
1528 2340 1623 2392 καὶ
1656 2340 1883 2408 Νίφωνα

310 2440 375 2490 ἐκ
409 2439 511 2504 τῆς
544 2437 599 2489 ὲν
636 2435 1020 2504 Ἑλλησπόντῳ
1051 2431 1296 2496 Κυζίκου
1328 2432 1408 2495 είς
1442 2431 1535 2486 τὸν
1558 2433 1720 2485 αὐτὸν
1748 2434 1883 2487 ἁνα-

309 2530 545 2599 γόμενον
573 2528 761 2600 θρόνον
791 2527 1126 2595 ἐθεασάμην.
1159 2525 1322 2578 Ἀλλὰ
1361 2524 1467 2594 μὴν
1501 2526 1595 2577 καὶ
1618 2524 1710 2577 τὸν
1734 2525 1885 2579 Ἀλε-

311 2623 597 2693 ξανδρείας
622 2621 973 2684 Ἀθανέισιίν,
1010 2618 1068 2681 ὃς
1101 2618 1192 2670 τδν
1228 2618 1494 2670 Νικόλαον
1525 2616 1814 2683 διεδέξατο,
1855 2618 1882 2671 6

308 2720 410 2783 τῆς
479 2716 757 2782 Αἰγύπτου
823 2713 1122 2773 ἐπίσκοπος
1190 2710 1495 2779 Γρηγόριος
1551 2708 1879 2778 διαδέχεται.

323 2811 454 2864 Ἀνὰ
478 2811 534 2862 δὲ
573 2810 669 2878 τὴν
696 2808 974 2874 Ἀντιόχου
1016 2803 1160 2856 κατὰ
1188 2802 1443 2871 διαδοχὴν
1477 2802 1573 2853 καὶ
1607 2801 1884 2869 τέσσαρας

311 2901 485 2966 ἔγνων
542 2900 606 2949 ὲκ
679 2895 1054 2965 μεταθέσεων·
1112 2892 1251 2959 μετὰ
1313 2892 1423 2961 γὰρ
1466 2890 1741 2961 Εὐθύμιον
1788 2892 1883 2945 καὶ

325 2992 605 3063 Ἀρσένιος
635 2993 697 3041 ἐκ
730 2989 1041 3058 Τριπόλεως
1073 2987 1165 3038 τον
1218 2988 1394 3038 ἐκεῖσε
1428 2984 1619 3054 θρόνον
1647 2983 1901 3055 κληροῖμν

310 3101 424 3136 ται.
485 3082 687 3136 Τοῦτον
723 3080 776 3133 δὲ
809 3080 837 3131 6
866 3080 967 3147 τῆς
998 3078 1175 3148 Τύρου
1208 3077 1475 3145 Κύριλλος
1526 3077 1837 3147 διαδέχεται
1860 3093 1877 3111 ο

1989 596 2221 657 utraque
2273 599 2329 644 et
2372 587 2602 645 Eliensi
2662 597 2717 642 et
2764 588 3371 658 ConstantinOpolitana
3421 592 3552 646 sede

1986 682 2324 750 posthabita,
2368 683 2659 737 Dositlieus
2695 685 2945 751 privatus
3008 684 3145 735 vixit
3188 694 3243 737 et
3292 685 3550 739 decessit.

1992 774 2117 828 llaec
2168 775 2547 844 superioribus
2605 776 2948 845 temporibus
3002 786 3127 829 sunt
3183 785 3325 831 acta.
3370 774 3553 833 Etate

1982 882 2114 922 vero
2146 883 2265 921 mea
2298 878 2535 938 quatuor
2566 868 2884 922 sublimium
2919 868 3131 922 sedium
3159 868 3457 933 antistites,
3484 884 3552 923 ex

1984 955 2363 1016 translatione.
2400 957 2657 1011 Ecclesia:
2688 957 2854 1011 rebus
2886 972 3118 1025 praeesse
3150 958 3398 1013 memini.
3421 958 3552 1014 P0st

1983 1061 2239 1113 magnum
2269 1047 2417 1100 enim
2454 1046 2743 1100 Arsenium
2784 1047 2938 1102 illum
2993 1048 3337 1118 Nicephorus
3370 1049 3551 1119 Ephe-

1982 1136 2101 1189 sius
2158 1147 2211 1190 et
2241 1137 2549 1193 Germanus
2587 1138 3107 1209 Adrianopolitanus
3154 1141 3206 1193 in
3235 1139 3552 1195 Constanti-

1981 1229 2356 1297 nopolitanam
2392 1230 2691 1285 Ecclesiam
2738 1240 2867 1285 sunt
2902 1230 3209 1286 transmissi
3252 1231 3351 1302 (l).
3382 1232 3550 1286 Multo

1981 1323 2182 1378 deinde
2222 1333 2367 1394 post,
2410 1324 2717 1392 Niphonem
2767 1325 2930 1378 etiam
2968 1338 3030 1377 ex
3072 1324 3409 1396 Hellesponti
3450 1326 3552 1389 Cy-

1982 1414 2101 1467 zico
2148 1415 2202 1467 in
2253 1414 2501 1469 eamdem
2552 1414 2851 1470 Ecclesiam
2902 1414 3201 1470 deductum
3252 1432 3375 1471 esse
3411 1418 3550 1472 vidi-

1982 1520 2123 1559 mus.
2162 1506 2462 1559 Athanasio
2496 1521 2719 1574 qnoque
2757 1505 3153 1572 Alexmdrino,
3196 1506 3285 1576 qui
3322 1507 3547 1563 Nicolao

1981 1606 2363 1661 successerat,
2385 1596 2681 1667 Gregorius
2708 1595 2925 1667 Egypti
2958 1597 3254 1668 episcopus
3285 1599 3550 1669 subroga-

1984 1700 2073 1749 tus
2121 1701 2228 1746 est.
2277 1690 2581 1744 Antiochiae
2636 1705 2768 1743 vero
2824 1701 3065 1759 quatuor
3123 1707 3221 1761 per
3276 1692 3547 1761 ejusmodi

1984 1782 2395 1837 translationem
2430 1784 2720 1852 episcopos
2742 1785 3071 1839 successisse
3100 1786 3248 1839 novi.
3284 1786 3411 1841 Post
3444 1787 3549 1841 Eu-

1987 1873 2249 1945 thymium
2298 1891 2531 1943 namque
2594 1891 2659 1928 ex
2709 1876 2912 1944 Tripoli
2957 1877 3223 1933 Arsenius
3266 1863 3551 1935 transmis-

1983 1982 2078 2021 sus
2121 1968 2305 2022 sedem
2350 1984 2470 2022 eam
2519 1969 2752 2023 sortitus
2786 1978 2889 2023 est.
2936 1969 3035 2024 Cui
3084 1970 3320 2042 Cyrillus
3350 1972 3549 2043 Tyrius

1982 2061 2268 2113 successit.
2291 2060 2468 2130 Atque
2495 2062 2623 2115 huic
2651 2062 3190 2131 Pompeiopolitanus
3214 2065 3506 2136 Dionysius
3533 2085 3547 2122 :

1982 2152 2243 2225 Dionysio
2296 2170 2487 2209 rursus
2516 2153 2756 2226 Cyrillus
2790 2157 2955 2219 alius.
2980 2158 3077 2225 qui
3123 2158 3388 2228 deinceps
3428 2176 3553 2215 suc-

1983 2258 2257 2297 cessorem
2289 2243 2481 2296 habuit
2510 2243 2717 2298 clarum
2755 2245 2908 2299 illum
2946 2247 3263 2317 Dionysium
3301 2248 3554 2317 Πορευο-

1985 2335 2280 2401 stienscm,
2340 2346 2501 2405 atque
2536 2337 2620 2389 hic
2647 2353 2865 2391 rursum
2896 2338 3265 2408 SOphronium
3299 2340 3546 2411 Tyrium.

1985 2428 2376 2500 Hierosolymis
2412 2429 2599 2483 itidem
2635 2429 2773 2483 duos
2818 2446 2915 2499 per
2950 2432 3369 2486 translationem
3424 2449 3550 2488 suc-

1986 2522 2219 2575 cessisse
2269 2521 2525 2575 vidimus.
2562 2522 2718 2591 531
2755 2522 2888 2576 Nam
2920 2522 3233 2592 Sophronio
3267 2525 3552 2589 defuncto,

1987 2612 2040 2665 in
2077 2612 2252 2666 locum
2304 2616 2425 2684 ejus
2471 2614 2805 2668 Athanasius
2838 2613 3096 2670 Cmsareae
3146 2618 3382 2688 Philippi
3431 2622 3552 2689 cpi-

1986 2719 2187 2774 sc0pus
2216 2705 2482 2761 suffectus
2512 2717 2616 2761 est.
2643 2706 2815 2774 Cujus
2845 2709 3031 2763 sedem
3073 2710 3293 2765 Gabriel
3326 2714 3550 2780 quidam

1984 2795 2248 2849 Caesareae
2283 2797 2544 2866 Philippi,
2578 2809 2633 2852 et
2668 2799 2785 2867 ipse
2815 2817 2993 2871 nuper
3017 2803 3312 2872 episcopus
3349 2821 3555 2862 renuo--

1987 2888 2172 2951 tiatus,
2202 2889 2327 2943 dolo
2357 2892 2538 2958 rapuit
2564 2909 2578 2943 :
2618 2901 2673 2946 et
2711 2894 2875 2962 paulo
2908 2908 3039 2962 post,
3058 2896 3187 2951 fatis
3217 2901 3547 2969 concedens,

1985 2978 2070 3031 vel
2101 2979 2308 3033 invitus
2340 2996 2461 3034 eam
2502 2997 2693 3037 rursus
2733 2984 3038 3039 Athanasio
3086 2988 3255 3055 priori
3302 2990 3549 3060 reliquit.

1987 3070 2115 3126 llaec
2143 3073 2209 3126 de
2256 3074 2641 3143 episeoporum
2677 3077 3152 3143 translationibus,
3187 3096 3309 3150 qua:
3340 3085 3427 3138 vel
3453 3101 3552 3138 an-

312 3176 406 3227 καὶ
427 3173 617 3227 τοῦτον
638 3173 692 3225 δὲ
720 3175 747 3225 ὁ
777 3174 871 3241 τῆς
902 3169 1404 3240 Πομπηϊουπόλεως
1438 3169 1751 3232 Διονύσιος·
1787 3170 1878 3223 τὸν
1910 3174 1948 3228 C
1987 3175 1990 3211 1

1870 3188 1878 3219 ι
1910 3174 1948 3228 c
1987 3174 2070 3217 tea
2108 3164 2191 3218 vel
2225 3172 2349 3233 post
2380 3165 2522 3221 facta
2548 3183 2669 3222 esse
2694 3168 2947 3237 COgnovi,
2978 3170 3243 3226 volumini
3279 3174 3408 3229 huic
3446 3192 3548 3229 an-

307 3268 355 3319 6'
392 3263 546 3327 αὖθις
599 3263 865 3333 Κύριλλος
910 3262 1116 3331 ἕτερος,
1175 3260 1235 3313 οὗ
1282 3261 1526 3331 διάδοχος
1559 3264 1586 3315 6
1636 3263 1884 3329 Μοψουε-

310 3355 469 3417 στίας
498 3354 749 3422 λαμπρός
774 3350 1050 3410 Διονύσιος
1073 3366 1087 3381 ·
1115 3349 1209 3402 καὶ
1235 3348 1425 3402 τοῦτον
1457 3350 1617 3403 πάλιν
1647 3353 1673 3403 ό
1700 3351 1877 3420 Τύρου

308 3447 641 3514 Σωφρόνιος.
678 3442 957 3505 Ὡσαύτως
1016 3441 1073 3494 δὲ
1129 3442 1222 3493 καὶ
1266 3444 1322 3493 ὲν
1359 3441 1763 3511 Ἰεροσολύμοις
1815 3444 1881 3496 ἐκ

318 3536 666 3605 μεταθέσεως
696 3535 789 3587 δύο
840 3534 1128 3599 τεθέαμαι.
1154 3533 1468 3601 Σωφρονίου
1495 3534 1602 3603 γὰρ
1628 3534 1882 3602 τελευτή·

313 3643 528 3691 σαντος,
593 3627 621 3678 6
666 3624 765 3692 τῆς
823 3625 1093 3677 Φιλίππου
1150 3624 1491 3692 Καισαρείας
1560 3624 1879 3687 Ἀθανάσιος

306 3722 551 3789 διάδοχος
600 3718 833 3785 γίνεται.
872 3716 945 3769 Οὖ
982 3715 1226 3785 Γαϐριὴλ
1274 3734 1357 3778 τις
1415 3718 1753 3788 Καισαρείας
1782 3718 1880 3784 τῆς

308 3812 579 3865 Φιλίππου
606 3812 700 3861 καὶ
729 3808 885 3869 οὗτος
915 3806 1107 3876 πρώην
1132 3807 1429 3869 ἐπίσκοπος
1455 3810 1876 3878 ἀνακηρυχθεὶς,

310 3904 449 3971 δόλῳ
481 3903 572 3955 τὸν
621 3902 811 3971 θρόνον
850 3900 1246 3969 Ἰεροσολύμων
1289 3899 1560 3968 ἁρπάζει·
1598 3902 1691 3952 καὶ
1744 3901 1879 3968 μετὰ

319 3995 496 4065 βραχὺ
528 3994 671 4046 τέλει
717 3991 816 4045 τοῦ
847 3992 965 4061 βίου
1003 3991 1371 4062 χρησάμενος,
1398 3991 1476 4060 τῷ
1515 3992 1705 4060 πρώην
1722 3991 1880 4044 Ἀθα-

309 4090 495 4154 νασέῳ-
542 4086 635 4137 καὶ
689 4085 841 4137 ἄκων
900 4083 1219 4135 καταλείπει
1285 4082 1375 4135 τὸν
1426 4082 1635 4151 θρόνον.
1691 4084 1879 4137 Ταῦτα

313 4178 413 4247 μὲν
447 4178 576 4245 περὶ¹
614 4176 998 4245 μεταθέσεων·
1029 4174 1065 4229 ἃ
1096 4174 1205 4243 ἐγὼ
1238 4175 1335 4226 καὶ
1376 4174 1569 4244 πρώην
1591 4178 1685 4228 καὶ
1716 4176 1878 4228 ὓστε-

313 4288 409 4340 ρον
440 4270 622 4336 γνοὺς,
660 4270 727 4337 τῇ
774 4269 1064 4337 συγγραφῇ
1097 4268 1441 4337 παρεθέμην.
1473 4266 1710 4330 Πολλοὺς
1737 4267 1781 4318 δ’
1810 4268 1877 4320 ἂν

310 4364 407 4417 καὶ
430 4362 626 4419 ἄλλους
657 4358 808 4429 εὖροι
839 4376 921 4421 τις
950 4361 1081 4421 ίσως
1101 4361 1221 4421 ταῖς
1254 4360 1518 4428 ἱστορίαις
1549 4358 1874 4426 φιλοπονῶν.

322 4455 381 4506 Ὀ
419 4453 529 4520 γὰρ
587 4449 791 4513 κανὼν,
840 4445 984 4521 ᾖπέρ
1044 4468 1135 4519 μοι
1189 4450 1429 4519 εἴρηται,
1485 4449 1775 4518 μετάθεσιν
1815 4450 1876 4503 τὸ

306 4546 550 4596 τοιοῦτον
574 4542 855 4612 ὀνομάζει,
887 4543 982 4595 καὶ
1011 4543 1071 4594 ού
1117 4543 1449 4609 μετάστασιν
1479 4544 1511 4612 ἢ
1550 4543 1872 4611 μετάϐασιν.

308 4634 495 4686 Ταῦτα
527 4634 635 4701 γὰρ
660 4632 731 4694 ὡς
768 4634 834 4687 ἄν
862 4649 945 4696 τις
966 4633 1109 4686 εἴποι
1150 4635 1241 4686 ἐπὶ
1270 4634 1528 4703 ἐμψύχων
1569 4635 1874 4703 λαμϐάνον-

309 4744 424 4788 ται,
482 4728 577 4777 καὶ
608 4725 669 4788 ἐξ
703 4725 914 4788 οἰκείας
981 4725 1355 4796 προαιρέσεως
1406 4728 1741 4796 κινουμένων
1765 4745 1777 4757 ⁸
1814 4730 1874 4782 τὸ

305 4816 364 4869 δέ
397 4831 460 4881 γε
516 4814 910 4883 μετατίθεσθαι
964 4817 1124 4885 καὶὴ
1170 4816 1458 4884 μετάθεσις
1492 4817 1586 4867 ἐπὶ
1627 4815 1868 4887 ἀψύχων,

304 4909 401 4959 καὶ⁵
440 4906 530 4973 ὑφ’
566 4906 766 4973 ἑτέρων
789 4904 995 4957 ὡσανεὶ
1021 4906 1382 4975 κινουμένων.
1422 4905 1518 4976 Εῖη
1542 4906 1585 4958 δ’
1615 4908 1681 4959 ἂν
1712 4908 1875 4975 μετά-

308 5012 499 5057 στασις
533 4994 624 5046 ἐπὶ
652 4994 759 5046 τῶν
789 4994 1005 5047 οἴκοθεν
1036 4997 1427 5066 ἑπιπηδώντων
1456 4999 1565 5059 τοῖς
1613 4997 1873 5067 ὑψηλοτέο

305 5102 419 5155 ροις
444 5084 553 5137 τῶν
584 5083 791 5151 θρόνων
813 5098 826 5110 ·
865 5084 1157 5151 μετάθεσις
1189 5084 1244 5136 δὲ
1292 5086 1384 5137 ἐπὶ
1418 5086 1525 5137 τῶν
1554 5087 1645 5153 ὑφ’
1669 5088 1871 5155 ἑτέρων

302 5176 548 5241 ἀκουσίῳ
582 5177 651 5243 τῇ
682 5173 875 5245 γνώμῃ
901 5178 1106 5244 τρόπον
1136 5176 1258 5226 τινὰ
1287 5176 1869 5246 προϐιόαζομένων.⁹’0

301 5267 367 5335 δὴ
390 5268 484 5320 καὶ
508 5265 830 5327 Κελεστίνος
860 5269 889 5318 6
920 5267 1017 5333 τῆς
1057 5266 1277 5336 Ῥώμης
1310 5268 1607 5331 ἐπίσκοπος
1645 5270 1702 5320 έν
1755 5272 1869 5333 τοῖς

304 5359 439 5427 παρ’
474 5356 623 5425 αύτῷ
649 5356 1003 5425 καλουμένοις
1039 5359 1319 5428 σεκρέτοις
1356 5362 1413 5409 εν
1445 5360 1726 5431 κεφαλαίῳ
1746 5361 1867 5413 δευ-

299 5449 446 5519 τέρῳ
474 5447 839 5516 παραδεικνὺς
885 5449 1007 5500 τάδε
1040 5451 1177 5501 κατὰ
1207 5451 1361 5519 ῥῆμα
1405 5450 1690 5514 διέξεισιν·
1726 5472 1742 5503 ι
1784 5453 1870 5505 Εἵ-

372 5584 449 5650 (l)
488 5583 564 5637 De
612 5584 713 5659 h_ae
758 5601 816 5638 re
860 5586 975 5653 ipse
1017 5586 1358 5659 Nicephorus
1388 5588 1439 5642 in
1474 5589 1718 5659 catalogo
1748 5591 1867 5656 epi-

295 5669 584 5729 scoporum
618 5654 1346 5729 Gonsmntinopolitanorum
1380 5672 1394 5709 :
1426 5654 1703 5729 Ἂρσένιᾶς
1738 5654 1864 5729 ἄρι-

298 5740 422 5784 στος
454 5724 511 5774 ἐν
542 5724 888 5797 αρχιθύταις.
926 5724 1025 5795 τῆς
1060 5727 1288 5794 Ἐφέσου
1328 5724 1589 5796 πρόεδρος
1622 5733 1649 5780 6
1694 5724 1867 5797 Νικη-

296 5798 482 5861 φόρος,
508 5793 605 5861 τῆς
633 5795 910 5864 Ἀδριανοῦ
941 5793 1217 5868 Γερμανὸς
1245 5793 1567 5867 ἀρχιθύτης.
1596 5798 1705 5852 Hoc
1740 5793 1861 5853 est:

1903 4512 1955 4571 D

1984 3256 2173 3307 nexui.
2218 3256 2471 3311 Fortasse
2520 3268 2703 3311 autem
2740 3260 2928 3328 plures
2956 3262 3095 3315 alios
3126 3268 3414 3333 quisquam
3460 3266 3547 3320 in-

1985 3347 2241 3413 venerit,
2308 3353 2401 3417 qui
2452 3350 2708 3406 historias
2760 3356 3007 3408 studiose
3062 3357 3302 3410 evolvat.
3360 3358 3545 3413 Canon

1981 3453 2240 3507 namque,
2267 3440 2429 3493 sicuti
2460 3456 2485 3493 a
2511 3458 2595 3496 me
2620 3453 2703 3496 est
2735 3445 2961 3509 dictum,
2990 3448 3398 3503 translatiom-m
3424 3468 3544 3505 eam

1980 3546 2094 3583 rem
2120 3532 2380 3600 appellat,
2409 3544 2463 3587 et
2491 3550 2597 3587 non
2628 3537 3115 3603 permutationem,
3141 3551 3233 3594 aut
3262 3544 3545 3599 transitio-

1978 3637 2103 3676 nem
2149 3642 2162 3676 :
2213 3625 2359 3693 quod
2408 3628 2522 3679 haec
2570 3628 2738 3681 verba
2791 3631 2859 3683 de
2904 3632 3163 3687 animatis
3219 3647 3273 3688 et
3306 3640 3386 3689 eis
3425 3656 3547 3707 qua:

1978 3719 2206 3788 proprio
2233 3720 2464 3774 arbitrio
2491 3730 2546 3773 et
2578 3722 2857 3777 voluntate
2906 3739 3219 3791 moventur,
3255 3735 3543 3791 transferri

1978 3820 2160 3865 autem
2219 3822 2275 3866 et
2313 3815 2597 3868 translatio
2645 3816 2711 3870 de
2746 3819 3065 3873 inanimatis
3109 3832 3273 3890 atque
3312 3826 3393 3878 eis
3422 3845 3545 3894 qua:

1979 3902 2148 3958 veluti
2178 3904 2247 3957 ab
2272 3906 2395 3958 aliis
2425 3917 2746 3969 moventur,
2786 3908 3044 3964 dicatur:
3082 3912 3156 3965 ita
3194 3924 3251 3966 ut
3276 3926 3543 3970 transmu-

1980 3994 2116 4047 tatio
2165 4005 2221 4048 et
2274 3997 2528 4050 transitio
2571 4014 2760 4051 eorum
2799 4001 2892 4061 sit,
2944 4019 3064 4070 qua:
3094 4018 3159 4057 ex
3192 4006 3319 4060 sede
3350 4024 3444 4061 sua
3492 4012 3541 4061 in

1980 4085 2332 4140 subliiniores
2393 4089 2642 4141 involant
2700 4091 2981 4146 thronos:
3029 4096 3317 4149 translatio
3358 4110 3542 4153 autem

1979 4190 2170 4230 eorum
2201 4180 2292 4247 qui
2327 4179 2423 4247 ipsi
2456 4181 2611 4234 inviti
2644 4181 2711 4233 ab
2740 4183 2867 4237 aliis
2911 4186 3017 4237 alio
3051 4188 3449 4253 producuntur.
3482 4192 3539 4247 ld

1977 4268 2124 4338 quod
2150 4280 2206 4323 et
2242 4271 2569 4325 leestinus
2599 4272 2782 4327 Roma:
2823 4278 3134 4347 episcopus,
3171 4282 3222 4333 in
3254 4283 3390 4348 suis,
3424 4287 3541 4341 sic-

1980 4362 2057 4415 uti
2124 4362 2239 4430 ipse
2277 4364 2534 4431 appellat,
2594 4367 2847 4430 secretis,
2885 4371 3061 4437 capite
3091 4376 3355 4441 secundo,
3391 4379 3541 4434 hisce

1980 4457 2143 4503 utens
2186 4450 2372 4505 verbis
2419 4454 2711 4508 ostendit:
2768 4476 2785 4507 ι
2839 4458 2892 4511 Si
2946 4461 3239 4531 episcopus
3288 4469 3542 4524 utilitatis

1982 4546 2158 4613 gratia
2219 4546 2603 4609 transferatur,
2640 4564 2708 4602 ne
2735 4550 2787 4602 id
2822 4566 2915 4618 per
2947 4554 3182 4621 seipsnm
3217 4557 3401 4624 faciat,
3442 4564 3538 4616 sed

1978 4634 2243 4692 fratribus
2297 4641 2641 4708 cogentibus.
2694 4640 2759 4693 Et
2819 4658 2931 4697 rem
2984 4661 3104 4700 eam
3154 4664 3323 4705 sacra:
3375 4652 3540 4724 hujus

1979 4726 2127 4782 sedis
2166 4731 2494 4785 auctoritate
2523 4734 2806 4801 expediat,
2848 4752 2955 4788 non
2999 4738 3175 4792 inanis
3200 4740 3407 4809 εισι-ἰεῦ,
3445 4761 3541 4799 ve-

1976 4834 2094 4871 rum
2144 4820 2397 4875 utilitatis
2428 4826 2734 4878 communis
2785 4837 2877 4879 aut
2928 4830 3271 4885 necessitatis
3318 4847 3468 4903 ergo.
3510 4856 3528 4889 ι

1974 4908 2176 4964 Eadem
2207 4920 2263 4966 et
2290 4912 2549 4968 Anterius
2584 4917 2787 4985 collega
2818 4919 2937 4987 ejus
2969 4920 3159 4985 refert,
3195 4924 3267 4977 ita
3294 4928 3360 4979 ad
3411 4943 3537 4981 ver-

1975 5000 2105 5055 bum
2138 5003 2326 5059 dicens
2360 5023 2370 5058 :
2410 5012 2441 5056 ι“
2471 5006 2909 5064 Translationem
2941 5012 3329 5084 episcoporum
3382 5034 3533 5074 com-

1976 5093 2160 5146 munis
2188 5094 2444 5148 utilitatis
2473 5107 2567 5149 aut
2596 5100 2941 5156 necessitatis
2975 5105 3145 5172 gratia
3180 5106 3379 5162 scitote
3414 5108 3531 5165 fieri

1972 5181 2163 5246 licere,
2194 5200 2303 5238 non
2337 5197 2519 5241 autem
2552 5190 2848 5259 cujuslibet
2880 5194 3201 5263 cupiditate,
3232 5206 3327 5252 aut
3358 5199 3534 5254 domi-

1972 5276 2217 5330 nationis
2248 5278 2562 5335 atfectione.
2593 5282 2873 5351 Siquidem
2906 5285 3100 5340 Petrus
3122 5289 3312 5342 doctor
3338 5301 3393 5344 et
3421 5292 3530 5345 dux

1972 5376 2161 5422 noster
2222 5370 2611 5427 ecclesiastica:
2644 5376 2894 5431 utilitatis
2925 5392 3087 5433 causa
3134 5396 3198 5434 ex
3243 5383 3531 5437 Antiochia

1974 5455 2199 5511 Romam
2232 5461 2531 5516 translatus
2560 5477 2666 5529 est,
2693 5477 2747 5520 et
2775 5467 2900 5521 inde
2928 5479 3114 5536 postea
3140 5472 3527 5526 Alexandriam

1970 5594 2033 5677 in
2066 5597 2671 5681 ore/ciniystiseptimus
2694 5602 2974 5666 Arsenius.
3011 5606 3299 5681 Epliesique
3330 5607 3528 5681 prima!

1973 5666 2194 5734 inclytus
2238 5666 2594 5739 Nicephorus,
2632 5673 2927 5728 Germanus
2967 5666 3107 5732 urbis
3155 5666 3379 5732 Adriani
3416 5680 3534 5747 epi-’

1969 5751 2199 5805 scapus.
