4250 6440
763 384 901 450 1203

1338 499 1565 558 CAPUT
1610 503 1746 559 XLI.

755 611 833 666 De
862 611 1037 667 Paulo
1069 614 1491 672 Novatianornm
1524 620 1789 689 episcopo,
1820 632 1867 674 et
1893 639 2010 689 qua!
2041 623 2131 676 ille
2155 622 2326 677 admi-

1040 689 1241 740 ratione
1272 699 1318 740 et
1344 692 1598 743 memoria
1623 692 1780 761 digna
1810 693 2055 746 ediderit.

828 799 905 853 Eo
935 801 1080 854 enim
1122 811 1366 869 tempore
1402 800 1827 858 Novatianorum
1858 808 2150 877 episcopus
2191 810 2330 864 Pau-

756 891 863 948 lus.
918 891 1246 962 Chrysanthi
1309 909 1617 956 successor,
1658 896 1988 952 miraculum
2051 902 2323 969 quoddam

757 983 949 1048 edidit,
978 995 1033 1038 ct
1067 987 1378 1053 praeclaram
1409 989 1513 1042 sibi
1558 1006 1652 1058 per
1687 990 1738 1041 id
1773 992 1993 1059 pietatis
2031 1004 2086 1047 et
2124 994 2327 1048 amoris

758 1076 930 1130 divini
985 1078 1127 1146 apud
1169 1095 1297 1133 suos
1350 1080 1546 1134 famam
1598 1093 1829 1151 paravit.
1870 1085 2044 1140 Grave
2082 1088 2136 1140 in
2192 1088 2326 1140 urbe

757 1181 1065 1236 grassatum
1124 1183 1206 1228 est
1272 1175 1606 1238 incendium,
1665 1179 1824 1246 quale
1880 1179 2022 1233 haud
2086 1197 2326 1250 unquam

758 1261 894 1315 alias
948 1264 1037 1318 illa
1079 1266 1271 1320 sensit.
1329 1268 1622 1322 Plurimam
1682 1287 1913 1340 namque
1951 1275 2068 1343 ejus
2119 1285 2327 1341 partem

760 1350 975 1404 flamma
1035 1356 1290 1421 pervasit,
1325 1357 1463 1410 adeo
1499 1369 1558 1411 ut
1603 1361 1840 1414 maxima
1875 1378 2104 1430 quaeque
2131 1362 2327 1416 horrea

760 1452 815 1497 et
852 1444 1130 1501 ,frumenti
1188 1450 1440 1513 granaria
1485 1451 1898 1520 conflagrarint,
1943 1461 2104 1522 alque
2148 1454 2200 1507 in
2249 1455 2331 1510 eis

761 1537 1039 1604 publicum
1071 1540 1366 1607 quoddam,
1400 1542 1486 1595 cui
1516 1543 1745 1596 Achillei
1771 1545 1844 1611 (1)
1876 1560 2176 1613 cognomen
2207 1545 2326 1601 fuit.

765 1630 932 1683 l‘orro
958 1629 1096 1698 ignis
1117 1671 1129 1693 ,
1157 1632 1385 1686 aedilicia
1405 1633 1834 1705 circumquaque
1866 1635 2148 1704 depastus,
2165 1636 2327 1690 etiam

763 1732 952 1774 contra
993 1722 1417 1778 Novatianorum
1451 1728 1762 1790 ecclesiam,
1820 1743 1942 1798 qua
2002 1745 2172 1798 prope
2204 1743 2330 1782 eum

1975 391 2401 456 NICEPHORI
2443 392 2786 460 FALLISTI

2357 517 2403 571 Δ

3867 399 3999 466 12οι

3015 511 3267 565 ΚΕΦᾹΛ.
3299 510 3437 565 MA'.

2427 624 2569 693 Περὶ
2605 626 2851 678 Παύλου
2898 625 3006 679 τοῦ
3067 624 3464 679 Ναυατιανῶν
3496 623 3858 693 ἐπισκόπου,
3904 622 3998 679 οἶα

2637 696 3000 764 διεπράξατο
3024 697 3212 765 λόγου
3236 695 3330 748 καὶ
3354 693 3600 764 μνήμης
3621 693 3782 759 ἀξια.

2496 807 2809 878 Τηνικαῦτα
2860 809 2968 880 γὰρ
3024 812 3051 863 ὁ
3106 809 3221 862 τῶν
3272 806 3637 861 Ναυατιανῶν
3696 808 3999 871 ἐπίσκοπος

2429 901 2658 966 Παῦλος,
2693 901 2751 966 ὃς
2796 903 2936 971 μετὰ
2973 902 3293 970 Χρύσανθον
3323 901 3518 969 γέγονε
3549 940 3564 964 ,
3600 899 3908 969 παράδοξόν
3943 919 3997 952 τι

2428 997 2670 1064 ἐνήργει,
2743 996 2838 1049 καὶ
2884 997 3054 1064 ὄνομα
3085 995 3338 1047 ἐντεῦθεν
3389 993 3666 1061 Θεοφιλίας
3698 993 3848 1061 παρὰ
3889 993 3998 1044 τῶν

2427 1091 2643 1141 οἰκείων
2671 1091 2867 1141 ὲκτΞτο
2902 1088 3059 1142 πολύ·
3099 1089 3336 1157 χαλεπὸς
3392 1090 3492 1157 μὲν
3526 1087 3634 1156 γάρ
3670 1085 3998 1155 ἐμπρησμὸς

2429 1184 2494 1251 τῇ
2549 1182 2700 1233 πόλει
2756 1181 3110 1243 συνέϐαινεν,
3169 1175 3283 1233 οἷον
3344 1181 3418 1249 μὴ
3471 1181 3632 1232 ἄλλον
3693 1177 4003 1246 ἐπισκῆψαί

2431 1287 2582 1324 ποτε·
2613 1271 2674 1323 τὸ
2709 1270 2892 1322 πλεῖον
2930 1270 3038 1337 γὰρ
3068 1271 3167 1338 τῆς
3195 1269 3404 1330 πόλεως
3435 1267 3771 1334 ἐπέδραμεν,
3806 1266 3881 1327 ὼς
3912 1264 4004 1316 καὶ

2429 1364 2496 1415 τά
2537 1364 2767 1432 μέγιστα
2807 1360 2915 1412 τῶν
2967 1361 3179 1428 ὼρείων
3224 1359 3609 1413 καταναλῶσαι
3637 1397 3651 1420 ,
3691 1358 3786 1410 καὶ
3820 1358 3882 1408 τὸ
3912 1358 4005 1426 δη-

2435 1455 2620 1522 μόσιον
2644 1446 2686 1518 ᾧ
2714 1450 2993 1520 Ἀχιλλεὺς
3014 1450 3302 1517 ὲπὼνυμον
3337 1446 3426 1521 ἦν.
3463 1451 3674 1519 Ἔρπον
3715 1450 3770 1501 δὲ
3804 1452 3864 1499 τὸ
3896 1446 4005 1515 πῦρ

2431 1545 2525 1598 καὶ
2557 1544 2623 1595 τά
2650 1543 2834 1612 κύκλῳ
2860 1544 3275 1612 διανεμόμενον,
3305 1544 3401 1596 καὶ
3424 1545 3518 1595 ἐπὶ
3547 1543 3645 1609 τὴν
3673 1542 3782 1593 τῶν
3809 1541 4000 1593 Ναυα-

2431 1634 2635 1686 τιανῶν
2691 1634 2991 1702 ἐκκλησίαν
3023 1632 3245 1702 ἐχώρει,
3296 1633 3331 1702 ἡ
3370 1633 3438 1685 τὰ
3493 1633 3778 1700 Πελαργοῦ
3830 1633 4004 1697 διομα

2433 1718 2597 1792 εἶχεν.
2634 1722 2788 1777 Οὕτω
2818 1723 2862 1776 δ’
2919 1723 2977 1774 ὲν
3035 1723 3266 1792 κινδύνῳ
3299 1723 3398 1793 τὴν
3447 1724 3745 1792 ἐκκλησίαν
3793 1724 4004 1784 Παῦλος

763 1812 943 1866 locum
977 1813 1096 1878 fuit,
1146 1816 1239 1883 qui
1285 1817 1552 1887 Pelargus
1615 1819 1919 1884 dicebatur,
1977 1836 2168 1874 versus
2223 1829 2325 1874 est.
2358 1816 2441 1909 Bi

2358 1849 2405 1909 Β
2438 1815 2579 1877 ἰδὼν,
2621 1816 2888 1883 εἰστρέχει
2938 1815 2997 1867 τὸ
3040 1816 3210 1885 ἰερὸν,
3270 1815 3391 1883 Θεῷ
3419 1816 3518 1884 τὴν
3561 1816 3772 1884 ἐκείνης
3827 1831 4005 1881 σωτη-

765 1904 899 1957 Cum
949 1917 1129 1960 autem
1179 1923 1242 1961 ea
1289 1908 1369 1962 sic
1427 1910 1482 1964 in
1523 1912 1766 1979 periculo
1818 1922 1988 1974 esset,
2016 1913 2218 1967 Paulus
2273 1913 2329 1966 in

764 1997 1008 2050 sanctius
1037 2002 1340 2082 sacrarium
1375 2002 1674 2072 ingressus,
1713 2004 1902 2068 Deum,
1939 2014 1998 2057 ut
2046 2005 2330 2058 ecclesiam

767 2097 1138 2153 conservaret,
1161 2082 1391 2160 supplex
1426 2096 1624 2159 dravit,
1658 2110 1755 2162 pro
1784 2096 1916 2149 urbe
1947 2095 2058 2164 ipsa
2086 2095 2252 2150 simul
2278 2103 2335 2149 et

769 2180 970 2248 templo
990 2183 1199 2249 precari
1229 2183 1303 2237 ibi
1330 2200 1438 2239 non
1459 2185 1848 2241 intermittens.
1867 2187 2116 2252 EtDeus,
2147 2187 2332 2241 nescio

767 2289 878 2340 quo
925 2274 1087 2328 modo
1135 2277 1392 2344 precibus
1440 2279 1559 2347 ejus
1582 2279 1873 2340 exauditis.
1935 2280 2225 2333 delubrum
2279 2280 2330 2335 id

769 2364 1087 2418 inviolatum
1135 2368 1392 2421 servavit.
1430 2367 1574 2435 Ignis
1627 2385 1860 2438 namque
1895 2386 1992 2438 per
2035 2372 2232 2440 januas
2281 2380 2334 2424 et

770 2454 1035 2510 fenestras
1076 2456 1187 2522 jam
1212 2473 1402 2512 omnes
1454 2459 1725 2522 invnlans,
1775 2460 1822 2511 ei
1857 2474 1962 2512 non
1991 2459 2177 2513 nocuit
2203 2478 2214 2513 :
2239 2459 2332 2513 sed

771 2563 897 2601 cum
929 2550 1278 2604 circumcirca
1319 2551 1544 2604 aediﬁcia
1576 2552 1735 2604 simul
1768 2552 1932 2603 multa
1964 2551 2333 2620 consumpsis-

772 2650 880 2704 set,
921 2641 1180 2710 templum
1215 2641 1787 2710 przeteriitjntactum
1846 2643 1897 2696 id
1953 2653 2116 2711 atque
2161 2644 2336 2695 invio-

773 2733 941 2786 latum
969 2749 997 2785 a
1027 2741 1178 2785 tanto
1217 2732 1430 2801 ﬂagello
1456 2733 1795 2802 relinquens.
1853 2732 1914 2786 Et
1963 2732 2109 2802 quod
2169 2732 2338 2786 maxi-

773 2839 922 2877 mum
947 2833 1049 2889 est,
1080 2840 1204 2878 cum
1244 2823 1557 2878 incendium
1579 2826 1804 2879 biduum
1835 2833 2006 2878 totum
2034 2834 2335 2892 grassatum

772 2916 976 2985 ubique
1007 2926 1171 2976 esset,
1203 2931 1270 2969 ne
1324 2917 1613 2984 vestigium
1659 2916 1878 2985 quidem
1912 2916 2043 2972 fumi
2086 2917 2136 2969 in
2171 2918 2340 2969 muris

771 3017 824 3058 et
846 3007 1009 3076 tignis
1033 3008 1280 3062 ecclesize
1310 3010 1428 3078 ejus
1459 3010 1731 3077 apparuit.
1759 3008 1917 3078 535
1953 3008 2236 3076 Noratiani
2271 3022 2336 3060 ex

772 3114 839 3153 eo
886 3109 1128 3167 tempore
1160 3104 1454 3167 quotannis
1494 3100 1558 3152 Π
1606 3101 1835 3169 Augusti
1884 3100 2088 3152 Iliensis
2136 3099 2224 3152 die
2268 3099 2339 3152 ob

2437 1907 2556 1976 ρίαν
2590 1906 2906 1975 ἐκλιπαρῶν
2934 1921 2948 1937 ⁸
2981 1909 3206 1958 κάκεῖσε
3255 1905 3332 1958 ὢν
3383 1907 3443 1959 οὐ
3503 1907 3708 1959 διέλιπε
3755 1905 4008 1970 δεόμενος

2434 1999 2526 2051 τοῦ
2577 1997 2711 2051 Θεοῦ
2749 1999 2888 2064 ὑπέρ
2935 2016 2993 2050 τε
3035 2000 3135 2065 τῆς
3169 1999 3380 2058 πόλεως
3419 2000 3514 2051 καὶ
3568 1998 3665 2050 τοῦ
3715 1997 3840 2050 νεώ.
3897 1999 4007 2050 Καὶ

2434 2090 2566 2151 Θεὸς
2598 2091 2695 2142 οὐκ
2743 2086 2838 2143 οἶδ’
2870 2091 3016 2152 ὅπως
3041 2089 3193 2154 εἴξας
3228 2091 3445 2157 ἐκείνῳ,
3481 2093 3540 2142 τὸ
3592 2090 3736 2157 ἱερὸν
3766 2089 4006 2156 ἀλύμαν-

2434 2197 2524 2231 τον
2553 2179 2871 2232 διεσώσατο·
2905 2180 2994 2232 διὰ
3028 2181 3140 2248 γὰρ
3171 2180 3360 2231 πασῶν
3393 2181 3500 2234 τῶν
3529 2180 3761 2248 θυρίδων
3785 2180 4008 2248 λάϐρως

2435 2269 2735 2336 εἰσφρῆσαν
2760 2268 2820 2319 τὸ
2847 2268 2979 2336 πῦρ,
3001 2269 3100 2335 τὴν
3125 2269 3359 2336 δύναμιν
3390 2268 3490 2321 οὐκ
3519 2271 3841 2338 ἐνήργησεν
3869 2267 4007 2319 ἀλλὰ

2435 2359 2502 2410 τὰ
2536 2359 2636 2428 μὲν
2662 2359 2834 2412 πολλὰ
2864 2360 2970 2411 τῶν
3006 2359 3171 2428 πέριξ
3214 2359 3425 2412 ἐκείνου
3463 2359 3662 2429 ἀθρόον
3698 2360 4009 2413 κατεδαπάο

2436 2467 2589 2520 νησε·
2616 2452 2703 2502 τὸν
2727 2451 2780 2504 δὲ
2806 2452 2941 2505 νεὼν
2977 2452 3332 2522 παρέδραμεν
3363 2452 3551 2519 ἀθιγῆ,
3596 2451 3879 2520 ἀλώϐητον
3910 2453 4009 2518 τῆς

2437 2544 2708 2614 τοσαύτης
2735 2545 3186 2614 ὑπερϐαλλούσης
3218 2547 3486 2614 μάστιγος
3520 2546 3882 2613 διατηρήσας·
3915 2545 4011 2597 καὶ

2439 2636 2496 2687 τὸ
2535 2636 2598 2704 ὀὴ
2635 2653 2915 2703 μεγιστον,
2945 2637 3139 2704 ὅτιπερ
3180 2637 3275 2688 καὶ
3323 2637 3417 2688 ἐπὶ
3461 2637 3612 2688 δυσὶν
3644 2635 3880 2703 ἡμέραις
3913 2632 4010 2684 τοῦ

2438 2728 2610 2796 πυρὸς
2634 2727 3012 2798 διατρέχοντος
3057 2731 3233 2797 πάντη
3259 2768 3274 2790 ,
3312 2729 3424 2781 οὐδ’
3459 2728 3607 2799 ἴχνος
3653 2726 3864 2780 καπνοῦ
3897 2727 4014 2788 τοῖς

2439 2818 2645 2870 ἐκείνου
2671 2819 2868 2888 τοίχοις
2900 2818 2931 2888 ἢ
2967 2819 3142 2882 ξύλοις
3178 2823 3303 2888 ὲνῆν
3335 2820 3598 2874 κατιδεῖν.
3628 2821 3737 2871 Καὶ
3771 2820 3831 2882 ἐξ
3862 2820 4014 2870 ὲκεί-

2441 2923 2532 2956 νου
2587 2906 2921 2959 Ναυατιανοὶ
2975 2909 3195 2978 σῶστρα
3223 2906 3463 2970 Θύοντες,
3498 2911 3770 2976 περιφανῆ
3798 2909 3890 2960 τὸν
3925 2909 4017 2960 τό·

2443 3013 2542 3048 πον
2591 2997 2808 3050 ἐποίουν
2835 3038 2849 3063 ,
2907 2999 3139 3061 πολλοὺς
3178 3002 3272 3052 καὶ
3298 2999 3408 3051 τῶν
3443 3000 3714 3068 Ἑλλήνων
3755 3001 4018 3067 ἐφέλκονο

2441 3105 2552 3154 τες,
2605 3091 2679 3153 ὡς
2722 3092 3022 3161 σεϐάσμιον
3081 3093 3161 3164 τῷ
3215 3095 3493 3165 γενομένῳ
3528 3095 3619 3148 τὸν
3672 3095 3851 3164 χῶρον
3890 3097 4019 3145 ὲπι-

778 3203 1061 3246 scrvatum
1117 3193 1376 3260 templum
1437 3208 1594 3247 sacra
1640 3193 2002 3257 celebrantes,
2063 3192 2334 3245 celebrem
2368 3179 2456 3239 Cl

2368 3179 2410 3239 Ω
2443 3183 2774 3246 θειάζοντες.
2813 3187 2924 3240 Kal.
2970 3186 3100 3239 ἄλλο
3151 3187 3206 3239 δὲ
3257 3191 3478 3256 μνήμης
3533 3187 3684 3251 ἄξιον
3745 3187 3959 3246 Παῦλος
3989 3189 4018 3239 ὁ

777 3301 903 3338 eum
941 3285 1119 3338 locum
1154 3285 1476 3348 reddidere;
1506 3292 1560 3337 et
1591 3283 1792 3336 multos
1822 3283 1984 3336 etiam
2020 3298 2083 3337 ex
2117 3281 2335 3350 gentilis

777 3377 1183 3445 superstitionis
1214 3376 1515 3429 cultoribus
1547 3377 1599 3430 in
1621 3374 1747 3429 fano
1779 3389 1866 3434 eo,
1894 3386 2114 3442 propter
2135 3371 2336 3426 factum

780 3471 832 3524 id
857 3481 1110 3538 augusto.
1145 3484 1256 3521 rem
1277 3468 1513 3522 divinam
1545 3467 1805 3521 facientes
1826 3467 1889 3519 ad
1922 3481 1980 3520 se
2005 3475 2337 3534 pertraxere.

779 3563 942 3616 Aliud
1004 3563 1135 3615 item
1178 3561 1441 3614 memoria
1497 3560 1721 3628 dignum
1769 3559 1980 3612 facinus
2007 3559 2206 3612 Paulus
2237 3559 2340 3611 iste

774 3657 885 3724 jam
919 3655 1219 3707 moriturus
1272 3653 1420 3717 fecit,
1457 3652 1601 3721 quod
1643 3661 1697 3707 et
1729 3652 1904 3720 ipsum
1936 3665 2044 3704 non
2074 3650 2344 3716 intempe-

781 3749 919 3801 stive
953 3746 1192 3806 historiae
1233 3746 1360 3798 huic
1395 3745 1690 3797 inseretur.
1722 3742 1858 3796 lllud
1899 3757 2134 3811 namque
2181 3740 2343 3795 nobis

782 3838 1123 3908 prepositutn
1164 3845 1245 3900 est
1300 3836 1610 3899 consilium,
1660 3843 1718 3888 ut
1772 3849 1839 3887 ex
1882 3834 2138 3887 omnibus
2195 3833 2343 3902 quod

784 3930 1129 3998 commodum
1179 3937 1262 3981 est
1310 3935 1364 3981 et
1409 3926 1560 3988 utile.
1594 3927 1933 3994 colligamus,
1991 3934 2047 3978 et
2084 3940 2343 3978 nonnun-

782 4037 945 4091 quam
978 4022 1138 4075 etiam
1171 4036 1235 4073 ex
1266 4019 1612 4088 serpentibus
1645 4017 2063 4072 Andromachen
2090 4015 2349 4071 conficia-

785 4130 926 4169 mus.
979 4115 1201 4179 Paulus,
1249 4113 1409 4166 sicuti
1445 4111 1579 4173 dixi.
1611 4112 1933 4174 moriturus,
1995 4109 2347 4163 sacerdotum

785 4211 876 4278 qui
937 4209 1044 4268 sub
1099 4224 1165 4262 eo
1219 4216 1395 4267 erant.
1429 4206 1619 4260 ordine
1660 4206 1805 4260 omni
1847 4205 2042 4266 accitu,
2113 4221 2131 4254 ι
2166 4203 2345 4267 Curat,

788 4302 984 4371 inquit,
1013 4301 1170 4355 vobis
1197 4302 1287 4365 sit,
1322 4299 1453 4354 dum
1480 4315 1580 4367 ego
1619 4297 1798 4352 adhuc
1844 4312 2014 4366 spiro,
2043 4305 2102 4349 ut
2128 4297 2346 4364 episco-

787 4411 915 4464 pum
948 4393 1265 4464 designetis,
1297 4408 1363 4446 ne
1394 4392 1447 4445 in
1475 4391 1705 4446 ecclesia
1732 4399 1932 4453 vestra,
1960 4403 2042 4440 me
2066 4386 2348 4452 defuncto,

789 4487 950 4542 turba
974 4487 1158 4555 aliqua
1181 4487 1408 4538 oriatur.
1451 4503 1475 4535 ι.
1506 4485 1683 4550 Atque
1722 4482 1811 4536 ubi
1863 4480 1937 4534 illi
1989 4494 2098 4532 non
2150 4494 2344 4533 sanum

787 4589 1108 4651 rectumque
1135 4593 1202 4633 ea
1223 4578 1278 4631 in
1309 4593 1368 4630 re
1403 4591 1461 4629 se
1500 4575 1765 4645 judicium
1803 4572 2028 4630 habere.
2061 4578 2354 4639 propterea

789 4674 936 4744 quod
954 4674 1092 4727 alius
1110 4673 1199 4727 alii
1223 4689 1319 4740 pro
1337 4671 1628 4730 affectione
1649 4668 1914 4730 faverent,
1939 4664 2212 4746 dixerunt.
2239 4663 2356 4718 ele-

790 4769 1138 4837 ctionemque
1163 4767 1215 4820 ei
1246 4768 1639 4834 permiserunt,
1669 4763 1916 4817 inferens
1962 4761 2077 4822 ille,
2113 4760 2356 4812 Senten-

793 4862 951 4923 tiam,
983 4861 1182 4928 inquit,
1220 4871 1672 4925 consensumque
1700 4865 1941 4908 vestrum
1993 4852 2047 4905 in
2083 4850 2354 4918 scriptum

794 4955 1028 5009 relatum
1058 4955 1188 5006 mihi
1214 4952 1359 5013 date,
1381 4952 1434 5005 in
1461 4965 1532 5004 eo
1553 4950 1758 5003 scilicet
1780 4963 1875 5000 vos
1903 4961 2062 5015 quem
2091 4961 2190 5013 ego
2215 4943 2360 4997 dele-

793 5063 928 5114 gero
947 5047 1296 5116 acquieturos
1317 5059 1457 5104 esse,
1481 5053 1536 5097 et
1558 5057 1657 5111 ego
1688 5040 1740 5094 id
1771 5040 1946 5092 facere
1971 5054 2089 5092 sum
2113 5046 2356 5106 paratus.

795 5140 871 5192 Illi
909 5140 1168 5206 imperata
1205 5137 1385 5192 statim
1422 5135 1646 5194 faciunt.
1698 5143 1751 5187 et
1781 5132 1981 5187 Paulus
2012 5130 2064 5183 in
2097 5131 2239 5184 lecto
2273 5145 2360 5184 se-

792 5233 949 5294 dens,
970 5233 1154 5284 charta
1175 5239 1418 5297 accepta,
1438 5227 1688 5281 Marciani
1711 5225 1988 5292 cujusdam
2011 5237 2206 5275 nomen
2225 5221 2277 5274 in
2295 5236 2358 5275 ea

867 5417 939 5484 tl)
961 5416 1202 5484 Tripart.
1234 5410 1461 5484 historia
1490 5418 1544 5462 et
1569 5407 1720 5484 gaul.
1754 5405 1898 5458 Diae.
1938 5404 2166 5481 habent.-
2195 5401 2355 5454 Ther-

793 5473 935 5538 mas,
980 5473 1262 5536 Achilleus.
1323 5482 1388 5534 Et
1439 5489 1521 5533 cst
1576 5478 1938 5531 Thermarum
2003 5473 2206 5525 tuentin
2240 5488 2360 5539 qure

796 5558 1051 5608 Achiilea‘,
1101 5555 1378 5609 dicuntur,
1438 5552 1489 5601 in
1548 5551 1584 5602 I.
1645 5546 1833 5601 Omnis
1875 5545 2126 5596 Servitus.
2165 5542 2228 5596 C.
2291 5542 2362 5594 lle

796 5643 950 5691 aqua:
981 5627 1127 5678 duct.
1166 5624 1269 5676 Sed
1307 5621 1490 5674 nescit)
1535 5636 1600 5671 an
1633 5634 1696 5672 ea
1731 5619 1846 5691 lett_
1878 5616 1941 5666 ad
1978 5615 2164 5665 urbem
2187 5685 2197 5691 _
2221 5613 2363 5663 (Inn-

799 5685 1334 5761 s’antinupnlitauam
1363 5691 1622 5759 pertineat
1637 5730 1650 5748 ,
1669 5685 1813 5752 quod
1837 5686 1898 5761 in
1924 5685 2364 5761 ea‘aqumductns

1464 5778 1477 5813 :
1517 5762 1827 5811 utt'ortasse
1868 5756 1936 5806 ibi
1975 5754 2040 5805 de
2075 5753 2363 5819 aqua‘duc—

800 5839 944 5897 ltbus
996 5834 1297 5890 Antiochia:
1346 5842 1556 5900 agatur,
1606 5843 1766 5898 quam
1843 5825 2029 5879 urbem
2092 5823 2362 5894 praecipue

802 5765 1062 5819 Hadriani
1086 5764 1289 5816 mentio
1327 5762 1416 5814 ﬁat

2385 4518 2432 4576 ο

2444 3274 2735 3341 εἰρημένος
2782 3276 3097 3343 εἰργάσατο,
3126 3278 3441 3330 ἀπολείπειν
3467 3279 3675 3347 μέλλων
3701 3279 3788 3328 τὸν
3827 3278 3962 3346 βίον,
3991 3277 4020 3330 ὃ

2444 3370 2535 3420 καὶ
2567 3369 2694 3418 αὐτὸ
2723 3369 2820 3420 οὐκ
2854 3369 2916 3421 ἂν
2940 3370 3167 3438 ἄκαιρον
3197 3370 3282 3438 εἴη
3314 3374 3642 3439 παραθεῖναι
3675 3375 3740 3440 τῇ
3773 3372 4010 3440 ἱστορέᾳ.

2443 3463 2538 3517 Διὰ
2565 3461 2779 3513 πάντων
2812 3463 2917 3531 γὰρ
2955 3464 3158 3524 σκοπὸς
3183 3463 3357 3534 ταύτῃ
3390 3465 3450 3516 τὸ
3481 3466 3751 3533 χρήσιμον
3785 3466 4018 3529 ἐκπορί-

2446 3552 2816 3615 ξεσθαι.”Εστι
2853 3555 2960 3623 γάρ
2983 3556 3070 3606 ὅτε
3099 3558 3192 3607 καὶ
3217 3554 3275 3620 ἐξ
3308 3557 3484 3622 ὄφεων
3511 3557 3608 3623 τὴν
3640 3555 4022 3624 Ἀνδριιμάχτςν

2447 3644 2904 3713 διασκευάςομεν.
2967 3647 3120 3699 Ἐπεὶ
3172 3647 3305 3716 γὰρ,
3365 3647 3440 3708 ὼς
3476 3649 3714 3714 εἴρηται,
3748 3648 4019 3714 τελευτᾷν

2450 3738 2642 3808 ἔμελλε
2679 3741 2930 3804 Παῦλος,
2982 3744 3164 3794 πᾶσαν
3216 3743 3312 3812 τὴν
3357 3741 3454 3794 ὑπ“
3503 3741 3651 3809 αὐτῷ
3705 3741 4018 3811 ἱερωσύνην

2455 3833 2974 3902 μεταστειλάμενος,
3015 3852 3032 3882 ι
3078 3836 3303 3902 Φροντὶς
3352 3835 3484 3902 ὑμῖν
3517 3833 3796 3900 γενέσθω,
3828 3836 4020 3899 φησιν,

2450 3926 2553 3985 ἕως
2594 3924 2674 3976 ἔτι
2704 3925 2860 3990 κάγὼ
2896 3925 3150 3993 ἐμπνέων
3180 3926 3317 3992 εἰμί,
3357 3927 3658 3978 ἐπίσκοπον
3692 3925 3980 3986 ἀναδεῖξαι
4008 3939 4023 3952 ·

2454 4017 2540 4070 ἵνα
2591 4017 2665 4085 μὴ
2721 4016 2856 4084 ἐμοῦ
2910 4017 3352 4084 ἀπογενομένου,
3390 4019 3455 4068 τὰ
3505 4020 3601 4084 τῆς
3635 4017 3790 4082 ὑμῶν
3821 4017 4029 4081 ἐκκλη-

2456 4112 2577 4171 σίας
2615 4110 2672 4161 ὲν
2701 4110 2962 4176 συγχύσει
2997 4111 3248 4177 γένηται.
3296 4128 3314 4159 ›
3358 4109 3612 4160 Ἐκείνων
3642 4109 3684 4160 δ’
3718 4110 4029 4174 εἰρηκότων

2460 4205 2532 4270 μὴ
2566 4203 2719 4268 ὑγιὲς
2749 4201 2896 4271 ἔχειν
2928 4203 2988 4254 τὸ
3020 4204 3111 4253 ἐπὶ
3136 4205 3199 4270 τῇ
3233 4202 3459 4273 τοιαύτῃ
3482 4201 3677 4268 πράξει
3707 4205 4025 4269 κριτήριον,

2455 4295 2632 4347 ἄλλων
2675 4292 2818 4360 ἄλλῳ
2867 4293 3281 4361 προσκειμένων
3333 4295 3396 4340 ὲκ
3450 4288 3865 4355 προσπαϐείας,
3927 4290 4024 4338 κᾶ-

2457 4383 2622 4450 κείνῳ
2675 4381 2880 4450 μᾶλλον.
2931 4380 3338 4444 ἐπιτρεπόντων
3375 4378 3473 4442 τὴν
3505 4377 3757 4443 ἐκλογὴν,
3813 4376 4025 4427 ὑπολα-

2913 4471 3230 4538 Ἐγγραφόν
3273 4487 3362 4538 μοι
3423 4468 3631 4530 λοιπὸν,
3687 4467 3867 4532 ἔλεγε,
3927 4468 4033 4534 τὴν

2457 4567 2751 4638 ὁμολογίαν
2787 4565 3018 4631 ὲπίδοτε,
3051 4565 3146 4627 ὡς,
3193 4563 3252 4615 δν
3302 4561 3368 4614 ἂν
3423 4561 3652 4629 ἑλοίμην
3702 4557 3838 4626 ἐγὼ,
3871 4561 4036 4626 στέρ-

2458 4473 2572 4525 ϐὼν
2599 4476 2806 4535 ἐκεῖνος
2834 4513 2849 4536 ,

2459 4661 2599 4729 ξετε’
2629 4661 2786 4728 κάγὼ
2833 4659 2991 4712 τοῦτο
3048 4658 3180 4728 δρᾷν
3232 4655 3471 4723 ἕτοιμος.
3503 4655 3623 4707 Τῶν
3654 4654 3700 4706 δ’
3732 4652 3898 4713 εὐθὺς
3946 4653 4036 4703 δε-

2457 4754 2768 4825 δρακότων,
2801 4755 2897 4820 τῆς
2951 4750 3139 4818 κλίνης
3175 4746 3547 4817 ύπερκαθίσας
3583 4748 3610 4798 ὁ
3647 4743 3858 4806 Παῦλος
3881 4784 3896 4806 ,
3936 4744 4038 4793 καὶ

2460 4847 2667 4916 χάρτην
2691 4844 2892 4907 λαϐὼν,
2923 4843 3224 4911 λεληθότως
3252 4840 3420 4908 ὄνομά
3440 4855 3583 4898 τινος
3613 4837 3789 4903 τούτῳ
3826 4836 4039 4900 ἐγγρά-

2460 4954 2552 5005 φει
2582 4935 2896 5005 Μαρκιανοῦ
2922 4949 2934 4962 ·
2981 4933 3038 4995 ὃς
3092 4931 3464 5003 πρεσϐύτερος
3511 4929 3608 4998 μὲν
3636 4923 3726 4995 ἦν,
3760 4927 3854 4978 ὑπ’
3881 4927 4039 4993 αὐτῷ

2460 5030 2515 5080 δὲ
2546 5029 2638 5080 τὸν
2673 5025 2971 5093 ἀσκητικὸν
3005 5025 3122 5094 βίον
3165 5022 3456 5092 μετῆλθεν,
3489 5020 3766 5088 ἀπόδημος
3793 5018 3850 5070 δὲ
3880 5036 4042 5084 τηνι-

2460 5119 2637 5173 καῦτα
2688 5114 2774 5188 ἧι
2821 5116 2902 5187 Τῇ
2957 5115 3200 5184 σφετέρᾳ
3234 5112 3326 5166 οὖν
3358 5111 3616 5181 σφραγῖδι
3670 5111 3761 5161 τὸν
3820 5109 4041 5175 χάρτην

2463 5211 2961 5281 ἐπισημηνάμενος,
2999 5206 3117 5260 εἷτα
3151 5208 3246 5260 καὶ
3274 5206 3404 5266 τοὺς
3429 5205 3620 5266 ἄλλους
3645 5202 3754 5254 τῶν
3782 5199 4039 5269 πρεσϐυ-

2466 5394 2772 5447 Hadrianus
2800 5390 3038 5444 ornavit.
3073 5389 3368 5456 Ἀχιλλεῖαι
3400 5386 3602 5455 κριταὶ,
3651 5383 3896 5456 καθαραὶ
3940 5381 4042 5456 καὶ

2465 5465 2728 5530 εὐγενεῖς,
2759 5464 2814 5515 lt.
2847 5479 2898 5514 c.
2951 5463 3096 5529 farre
3129 5453 3259 5529 pura
3292 5467 3337 5508 et
3361 5453 3634 5530 generose.
3683 5453 3840 5530 Suid.
3917 5455 4044 5530 Ari-

2465 5525 2654 5601 stdph.
2694 5525 2998 5602 Ἀχιλλείων
3024 5525 3336 5602 ineptiam.
3461 5525 3779 5602 e_nrimario
3810 5525 4043 5602 vesceris

2466 5593 2624 5672 pane,
2658 5593 2916 5664 ἁντῖτοῦ,
2945 5593 3207 5668 σιτήσεως
3243 5593 3341 5672 τῆς
3379 5600 3434 5648 ὲν
3495 5593 3818 5672 ῌρν-τανείῳ
3881 5597 4043 5658 μετεε

2469 5663 2622 5742 χεις,’
2670 5675 2724 5727 h.
2785 5689 2834 5727 ο.
2898 5663 2990 5741 pro
3050 5663 3108 5724 eo
3147 5663 3433 5738 quod—est,
3495 5667 3544 5721 in
3597 5663 3865 5733 Prytaneo
3915 5679 4044 5730 epu-

2471 5746 2617 5801 laris.
