4250 6440
254 395 389 459 1213

1110 390 1718 456 ΕΟΟΕΕΞῙΑΞΤΙΟΕ
1758 389 2149 455 H‘ISTORIE
2189 390 2337 457 LIB.
2380 392 2540 455 XIV.

3378 390 3514 460 1214

252 511 350 563 καὶ
379 507 807 578 ἀμφισϐήτησιν
830 503 926 561 τοῦ
958 506 1323 577 προκειμένου
1356 507 1382 559 ό
1410 507 1543 576 πρὶν
1572 504 1831 573 γενέσθαι
1862 514 1880 570 λ

1934 508 2057 575 ejus
2108 507 2395 561 hominum
2448 504 2794 576 ignorantiaa,
2828 512 2886 561 et
2926 506 2995 563 de
3029 506 3512 580 propositaquae-

250 600 318 653 τὰ
350 602 526 653 πάντα
552 599 709 664 εἰδὼς
737 599 964 671 Κύριος,
996 592 1195 669 οἷάπερ
1261 598 1487 668 ἀριστος
1528 599 1731 666 ίατρδς,
1764 598 1832 651 τά

260 692 552 761 πρςσφορα
600 693 978 761 προητοίμασε
1023 689 1317 760 φάρμακα·
1348 688 1416 742 ἶν’
1456 692 1514 743 ἐν
1546 690 1730 760 καιρῷ
1758 692 1825 760 τῇ

260 784 531 855 θεραπεία
561 784 935 855 χρησάμενος,
987 785 1088 852 τὴν
1121 783 1230 836 τῶν
1274 782 1462 853 ψυχῶν
1516 785 1832 855 ἀρρωστίαν

268 876 527 943 ἰάσηται.
566 876 677 945 ηρδ
719 876 813 928 δύο
848 874 978 940 γοῦν
1028 877 1121 929 καὶ
1151 875 1524 946 ἐϐδομήκοντα
1552 876 1647 928 καὶ
1674 893 1835 946 τρια-

257 967 456 1020 κοσίων
485 968 748 1021 ἐνιαυτῶν
786 970 1026 1037 πρᾶγμα,
1066 970 1307 1038 ἐνήργει,
1341 962 1451 1020 οἷον
1480 963 1622 1019 εἶναι
1664 968 1835 1036 μηδὲν

258 1061 532 1113 ἐλλείπειν
564 1059 1061 1129 παραμιλλώμενον
1092 1064 1203 1124 τοῖς
1252 1062 1315 1112 ἐκ
1360 1058 1591 1111 παλαιοῦ
1626 1058 1838 1127 θαυμα-

263 1154 423 1214 σίοις,
480 1155 575 1204 καὶ
623 1154 763 1222 ὕπέρ
800 1154 961 1220 φύσιν
1014 1152 1524 1222 διαπεπραγμένοις
1584 1151 1767 1221 αὐτῷ·
1810 1149 1837 1203 ὃ

260 1246 403 1315 δῆτα
436 1246 510 1307 ὡς
548 1244 699 1315 ἔσχε.
733 1248 801 1316 τῇ
835 1249 1128 1316 συγγραφῇ
1179 1244 1519 1313 παραδοῦναι
1570 1242 1837 1313 πειράσο-

267 1338 509 1406 μαιἈΕν
556 1338 766 1405 Ἐφέσῳ
818 1339 921 1406 τῆς
978 1336 1170 1401 Ἰονίας
1226 1337 1367 1390 ἑπτά
1425 1336 1612 1399 παῖδες
1665 1330 1834 1405 ἦσαν,

263 1429 490 1497 ἀδελφοὶ
526 1430 625 1496 οὐχ
654 1424 823 1500 ἦττον
880 1426 952 1482 τὰ
1010 1427 1246 1499 σώματα
1299 1428 1331 1498 ἢ
1390 1428 1489 1489 τὰς
1541 1427 1739 1496 ψυχὰς,
1777 1427 1840 1478 ἐκ

267 1524 526 1591 πατέρων
568 1522 669 1592 τὴν
722 1523 999 1591 ἡμετέραν
1050 1522 1471 1594 ἐπανῃρημένοι
1509 1520 1837 1591 θρησκείαν.

268 1615 407 1667 “Eni.
439 1617 598 1668 τόσον
640 1616 687 1668 δ’
722 1615 956 1679 ἐκείνοις
1008 1619 1037 1669 ό
1088 1618 1227 1684 πρὸς
1278 1613 1515 1684 Χριστὸν
1556 1614 1842 1684 ἐντέτηκεν

272 1707 440 1776 ἔρως,
481 1706 556 1770 ὡς
591 1706 762 1760 θεῖναι
823 1707 925 1774 μέν
988 1708 1048 1758 ἐν
1100 1706 1341 1773 δευτέρῳ
1390 1706 1481 1759 τὸν
1541 1704 1843 1776 βαρύτατον

267 1797 557 1865 διωγμὸν,
623 1796 683 1849 ὃν
735 1796 923 1859 Δέκιος
968 1797 997 1849 ό
1060 1796 1367 1865 τηνικαῦτα
1423 1797 1523 1866 τὴν
1575 1794 1842 1864 βασίλειον

269 1860 948 1959 ἐξουαίανγὴμφιεσμένος
986 1860 1214 1954 ἀπηνῶς
1257 1860 1516 1955 ἔπραττε·
1563 1860 1844 1954 παρῤησίᾳ
1874 1860 1913 1913 Β

248 1983 318 2036 δ’
365 1982 836 2051 ὁμολογήσαντας,
877 1979 1051 2032 ἔπειτ’
1087 1978 1445 2048 ἀναχωρῆσαι
1490 1978 1592 2044 τῆς
1636 1975 1847 2037 πόλεως

272 2076 337 2128 οὕ
371 2076 517 2127 πάνυ
551 2071 765 2144 πόρρω,
790 2074 885 2125 καί
919 2089 1030 2125 τινι
1073 2071 1193 2123 τῶν
1214 2071 1279 2123 ἐκ
1311 2072 1570 2138 γειτόνων
1598 2068 1848 2135 σπηλαίῳ

270 2166 361 2219 διὰ
388 2166 478 2220 τὸν
509 2167 891 2235 ἐπηρτημένον
914 2163 1156 2215 κίνδυνον
1182 2164 1320 2230 σφᾶς
1344 2163 1542 2222 αὐτοὺς
1576 2156 1851 2227 κατακρύ-

282 2261 385 2329 ψαι
414 2278 428 2293 ο
477 2261 805 2322 ἐπελθόντας
852 2258 909 2311 δέ
943 2260 1068 2320 τοὺς
1108 2257 1424 2319 διώκοντας,
1455 2254 1552 2322 τὴν
1583 2252 1673 2304 τοῦ
1709 2267 1848 2318 σπηι-

276 2352 432 2406 λαίου
456 2352 627 2421 θύραν
660 2350 860 2414 ἔξωθεν
886 2347 1143 2416 ἀσφαλῶς
1164 2346 1534 2414 καταφράξαι.
1559 2344 1620 2396 Οἱ
1650 2344 1694 2394 δ’
1723 2341 1848 2409 ἀδη-

284 2440 598 2511 μονοῦντες,
628 2441 707 2502 εἰς
738 2438 903 2492 ὕπνον
943 2438 1112 2507 βαθύν
1140 2453 1261 2488 τινα
1308 2434 1583 2503 τραπῆναι
1605 2432 1847 2494 ἐδόκουν,

275 2534 373 2587 καί
418 2549 482 2600 γε
528 2531 699 2594 οὕτως
748 2533 839 2583 ἐπὶ
870 2529 1160 2599 τριακόσια
1208 2527 1303 2581 καὶ
1350 2526 1717 2594 ἐϐδομήκοντα
1759 2523 1853 2575 καὶ

275 2622 371 2675 δύο
425 2624 701 2692 διέμειναν
762 2621 857 2687 ἐτη
909 2619 1229 2683 ὕπνοῦντες,
1260 2612 1455 2686 οἷάπερ
1491 2616 1712 2683 ἄγγελοι
1733 2614 1854 2683 θείᾳ

278 2718 512 2785 προνοίᾳ
534 2718 628 2768 καὶ
662 2716 941 2784 [Ινεύματι
972 2714 1111 2782 ἁγίῳ
1142 2711 1606 2779 ἐπισκιαζόμενοι.
1640 2708 1852 2775 Ὠσπερ

284 2810 399 2879 γάρ
455 2808 937 2875 ἀναισθητοῦντες,
993 2808 1112 2877 ἠδεί
1160 2805 1255 2859 καὶ
1310 2802 1541 2873 μαλακῷ
1575 2802 1729 2866 ὕπνῳ
1765 2800 1857 2851 ἐπὶ

281 2905 398 2963 τοῖς
434 2902 755 2970 εἰρημένοις
814 2904 1029 2973 χρόνοις
1087 2899 1420 2969 συνείχοντο,
1454 2898 1591 2964 μήτε
1618 2895 1726 2947 τῶν
1753 2909 1856 2946 σω·

287 2995 503 3063 μάτων,
539 2996 677 3063 μήτε
736 2994 841 3064 μὴν
882 2994 992 3047 τῶν
1039 2990 1269 3060 ίματίων
1308 2986 1519 3048 τούτοις
1570 2985 1854 3057 διαρρυέν-

281 3104 414 3141 των.
450 3088 645 3157 Χρόνῳ
688 3088 744 3139 δέ
801 3087 902 3153 τῆς
961 3086 1130 3153 θύρας
1166 3082 1584 3151 ἀναφραγείσης
1626 3080 1719 3131 ἐπὶ
1757 3078 1857 3147 τῆς

1935 598 2119 652 stione
2144 598 2513 669 ambiguitati,
2536 597 2629 667 qui
2660 597 2977 667 priusquam
3004 602 3300 663 exsistant,
3325 601 3511 655 omnia

1936 691 2088 745 novit
2111 690 2276 751 Deus,
2303 690 2535 760 perinde
2561 700 2725 761 atque
2753 690 3002 746 medicus
3024 692 3287 761 optimus,
3314 691 3510 748 idonea

1936 782 2269 854 praeparavit
2316 784 2579 845 remedia,
2611 782 2766 854 5&1
2805 793 2864 837 ut
2896 792 3143 852 tempore
3176 800 3279 839 suo
3320 800 3510 842 curam

1935 876 2225 939 adhibens,
2255 876 2563 930 animarum
2591 886 2815 931 sanaret
2841 877 3289 932 imbecillitatem.
3325 878 3511 947 Itaque

1937 978 2064 1023 ante
2103 986 2277 1025 annos
2309 977 2587 1024 trecentos
2621 971 2966 1039 septuaginta
3005 971 3145 1025 duos
3208 988 3321 1024 rem
3357 971 3507 1033 fecit.

1938 1078 2058 1131 quas
2111 1063 2258 1116 nulla
2316 1078 2377 1114 ex
2432 1070 2589 1131 parte
2650 1065 2927 1118 miraculis
2981 1063 3285 1131 antiquitus
3328 1064 3399 1119 ab
3445 1079 3512 1122 eo

1879 1224 1892 1234 _
1939 1168 2106 1222 supra
2140 1164 2348 1207 natura":
2378 1165 2597 1223 captum
2631 1154 2795 1207 editis
2827 1156 2985 1209 cedat
3016 1197 3028 1209 .
3062 1171 3228 1223 quam
3263 1154 3365 1207 hoc
3398 1155 3513 1213 loco

1941 1261 2375 1299 commemorare
2413 1246 2722 1315 aggrediar.
2768 1246 2969 1315 Ephesi
3014 1250 3066 1300 in
3113 1247 3266 1301 lunia
3308 1260 3515 1310 septem

1940 1339 2126 1407 pueri,
2159 1340 2484 1408 corporibus
2518 1341 2673 1409 juxta
2716 1349 2768 1392 et
2812 1340 3011 1392 animis
3047 1338 3245 1393 fratres
3282 1339 3455 1401 loc-re,
3488 1357 3518 1399 δ

1944 1428 2270 1504 parentibus
2300 1447 2397 1500 per
2426 1447 2620 1485 manus
2649 1434 2728 1485 eis
2757 1433 2969 1485 tradita!
3004 1432 3288 1499 religionis
3320 1443 3518 1487 nostri!

1944 1522 2210 1576 cultores.
2249 1522 2428 1576 Tanto
2460 1538 2592 1576 vero
2631 1524 2708 1576 illi
2740 1538 2864 1591 erga
2897 1522 3175 1577 Christum
3218 1522 3515 1590 ﬂagrarunl

1942 1628 2153 1679 amore,
2189 1622 2250 1667 ut
2296 1618 2745 1683 persecutionem
2786 1630 2905 1667 eam
2954 1630 3120 1683 quam
3171 1614 3367 1667 Decius
3412 1614 3517 1667 lio-

1944 1718 2141 1759 manus
2192 1720 2260 1759 eo
2314 1714 2562 1775 tempore
2618 1703 2920 1775 imperator
2972 1705 3349 1774 gravissimam
3401 1720 3522 1773 per-

1946 1813 2108 1866 quam
2154 1798 2459 1851 crudeliter
2507 1797 2778 1861 exercuit,
2813 1797 3232 1865 parvifacerent.
3280 1796 3343 1849 Et
3395 1811 3519 1849 cum

1950 1890 2229 1958 propalam
2282 1888 2565 1944 Christum
2624 1889 2861 1943 confessi
2913 1898 3120 1951 essent,
3174 1897 3359 1958 postea
3411 1903 3521 1941 non

1948 1984 2105 2053 longe
2136 1984 2203 2037 ab
2242 1984 2375 2039 urbe
2414 2000 2475 2038 ea
2520 1994 2908 2048 secesserunt,
2970 1992 3028 2037 et
3064 1983 3124 2036 in
3163 1983 3347 2036 vicino
3381 1997 3523 2050 quo-

1950 2077 2074 2129 dam
2126 2086 2285 2129 antro
2338 2086 2568 2145 prOpter
2616 2076 2914 2129 imminens
2963 2074 3265 2143 periculum
3314 2076 3526 2142 seipsns

1950 2166 2313 2220 occultarum.
2351 2166 2480 2235 Ejus
2522 2165 2665 2219 antri
2700 2164 2910 2218 aditum
2948 2174 3004 2217 et
3048 2163 3197 2217 fores
3255 2176 3526 2231 persecu-

1955 2269 2101 2314 tores
2138 2275 2166 2312 a
2202 2268 2360 2327 parte
2403 2259 2681 2313 exteriore
2713 2258 2881 2327 probe
2916 2258 3356 2311 circumvallatos
3391 2271 3527 2309 mu—

1951 2352 2163 2405 nivcre.
2198 2350 2275 2403 Illi
2309 2365 2476 2419 porro
2505 2365 2617 2419 pra:
2642 2350 2804 2402 anxio
2834 2349 3003 2403 animi
3030 2363 3264 2402 maerore
3296 2350 3347 2401 in
3377 2363 3526 2401 som-

1951 2458 2082 2497 num
2131 2443 2236 2496 sibi
2286 2441 2622 2511 prol‘undum
2673 2442 2850 2496 delabi
2901 2442 3002 2496 visi
3053 2451 3202 2503 sunt,
3245 2450 3408 2511 atque
3454 2443 3526 2493 ita

1954 2535 2019 2587 ad
2058 2549 2234 2587 annos
2278 2542 2555 2588 trecentos
2598 2534 2943 2603 septuaginta
2980 2535 3118 2587 duos
3159 2534 3527 2588 dormierunt.

1954 2625 2188 2680 Perinde
2219 2626 2364 2680 enim
2407 2633 2570 2694 atque
2619 2626 2796 2695 angeli
2851 2625 3201 2694 prmidentia
3246 2626 3428 2679 divina
3472 2636 3530 2680 et

1957 2718 2168 2787 Spiritu
2219 2728 2411 2773 sancto
2446 2719 2782 2782 obumbrati,
2818 2730 2872 2773 et
2919 2720 3089 2773 veluti
3129 2735 3291 2773 sensu
3324 2720 3530 2785 orbati,

1955 2812 2106 2864 suavi
2138 2820 2194 2865 et
2222 2810 2371 2863 molli
2402 2826 2616 2874 somno,
2645 2826 2711 2864 eo
2733 2826 2842 2879 quo
2876 2810 3119 2865 diximus
3148 2819 3417 2876 tempore,
3460 2810 3527 2863 ira

1957 2915 2087 2957 sunt
2132 2902 2365 2966 detenti,
2406 2911 2463 2955 ut
2497 2918 2676 2971 neque
2718 2919 2947 2972 corpora
2987 2919 3160 2971 neque
3202 2905 3529 2957 vestimenta

1957 3008 2149 3048 eorum
2195 2992 2554 3049 diilluxeriut.
2598 2994 2701 3049 Ubi
2752 3004 2936 3047 autem
2987 3004 3232 3062 tempore
3272 3010 3374 3047 suo
3428 2994 3531 3047 sub

1960 3087 2242 3157 praesenti,
2273 3087 2340 3142 de
2373 3102 2483 3156 quo
2517 3103 2665 3141 nunc
2694 3086 2926 3157 agimus,
2962 3086 3256 3141 Theodosii
3299 3086 3532 3154 imperio

284 3178 569 3248 παρούσης
618 3180 937 3248 ἡγεμονίας,
966 3175 1061 3229 τοῦ
1116 3174 1283 3228 ὕπνου
1336 3174 1568 3225 ἁνίεντο.
1605 3171 1742 3224 Ἕνα
1797 3169 1853 3222 δέ

1958 3180 2235 3249 speluncae
2265 3180 2412 3234 fores
2455 3181 2683 3234 reclusa:
2710 3190 2863 3243 sunt,
2889 3195 2919 3233 e
2951 3196 3148 3235 somno
3179 3180 3273 3233 illo
3304 3178 3533 3248 evigila-

282 3269 497 3322 τούτων
560 3269 654 3321 ἐπὶ
706 3269 805 3337 τὴν
846 3268 1003 3320 πόλιν
1038 3265 1125 3319 ἐπ’
1178 3266 1354 3335 ἀγορᾷ
1394 3264 1502 3317 τῶν
1533 3262 1857 3333 ἐπιτηδείων

286 3361 559 3413 ἔστελλον.
605 3361 760 3413 Ἐπεὶ
792 3360 848 3412 δὲ
899 3361 1011 3421 τοῖς
1045 3358 1133 3411 ἐπ’
1161 3357 1330 3425 αὐτῆς
1360 3357 1421 3409 τὸ
1464 3357 1653 3409 Δεκίου
1692 3355 1861 3425 πρού-

289 3454 525 3506 6άλλετο
557 3454 817 3522 νόμισμα,
852 3453 1055 3504 ἐκεῖνοι
1088 3450 1348 3519 θησαυρῷ
1373 3452 1617 3518 ἐντυχεῖν
1651 3449 1861 3501 ἐκεῖνον

286 3545 640 3615 νομίσαντες,
674 3542 749 3610 τῷ
787 3542 924 3611 ξένῳ
956 3543 1049 3594 καὶ
1076 3523 1233 3608 ἀήθει
1264 3539 1357 3592 τοῦ
1386 3542 1671 3607 κόμματος
1706 3536 1860 3607 παρά

287 3641 382 3692 τὸν
418 3642 654 3707 ἄρχοντα
680 3633 815 3707 ἦγον
839 3637 929 3686 τὸν
959 3636 1078 3687 νέον
1103 3650 1115 3663 ο
1148 3635 1242 3685 καὶ
1278 3635 1476 3699 πεῖραν
1508 3630 1609 3682 οὐκ
1638 3628 1842 3696 ἀγεννῆ

291 3732 601 3802 προςῆγον,
637 3728 767 3780 ὥσθ’
799 3728 965 3797 ὅνπερ
999 3725 1151 3795 εὕροι
1182 3722 1604 3793 παραδεικνύειν
1637 3720 1858 3791 χρυσόν.

301 3824 463 3875 Ἐπεὶ
494 3822 550 3878 δὲ
579 3824 696 3885 τοῖς
753 3821 912 3889 ίμᾶσι
960 3817 1275 3871 κατέτεινον
1314 3813 1537 3876 ἱκανῶς,
1566 3817 1643 3874 είς
1672 3812 1865 3863 ἑαυτὸν

297 3917 455 3987 μόλις
492 3915 809 3985 γενόμενος,
840 3912 1125 3980 ἀνεϐόησε-
1153 3909 1246 3972 Τίς
1286 3908 1342 3961 δέ
1389 3909 1496 3978 ἄρα
1548 3905 1666 3959 τῶν
1694 3904 1869 3974 σκήπ-

292 4028 445 4079 τρων
490 4011 713 4079 ἡγεῖται
752 4005 976 4077 ἀρτίως,
1004 4003 1276 4066 διδάξατε.
1308 4000 1429 4052 Τῶν
1479 3999 1535 4052 δὲ
1563 3998 1659 4068 ἡδύ
1689 4016 1742 4050 τι
1774 3999 1870 4051 καὶ

295 4097 449 4168 μάλα
499 4097 717 4148 ἀστεῖον
758 4090 1165 4159 διαχυθέντων,
1197 4088 1269 4141 Σὺ
1316 4087 1374 4140 δέ
1428 4085 1640 4152 ἀγνοεῖς
1670 4084 1743 4146 ὡς
1775 4080 1868 4135 νῦν

294 4190 582 4250 Θεοδόσιος
637 4188 698 4239 τὸ
763 4185 1037 4255 βασίλειον
1084 4182 1327 4250 εὐτυχῶς
1383 4179 1615 4243 διοικεῖ;
1671 4174 1776 4227 Τδν
1813 4172 1870 4226 δὲ

297 4282 489 4352 ῶσπερ
514 4280 879 4349 ἐκπληγέντα,
930 4277 1212 4345 Εὐφήμει,
1268 4272 1454 4342 φάναι.
1499 4267 1632 4340 υῦχὶ
1681 4267 1872 4325 Δέκιος

310 4376 644 4443 Ῥωμαίων,
686 4371 821 4425 ἀλλά
862 4369 1141 4431 Θεοδόσιος
1199 4367 1376 4435 ἄρχει·
1433 4364 1491 4425 ὃς
1532 4362 1633 4431 ἐμέ
1685 4378 1745 4414 τε
1777 4359 1872 4413 καὶ

300 4468 433 4530 τοὺς
481 4466 579 4518 σὺν
615 4466 740 4532 ἐμοὶ
776 4462 857 4527 ἒξ,
905 4461 1014 4515 δέει
1053 4459 1389 4519 κατασείσας
1420 4454 1620 4524 πολλῷ,
1653 4454 1741 4505 διά
1776 4451 1871 4505 τοῦ

1961 3280 2112 3330 runt.
2173 3286 2456 3340 unumque
2488 3286 2554 3323 ex
2587 3270 2670 3324 eis
2702 3272 2755 3324 in
2805 3270 2997 3323 urbem
3046 3284 3230 3323 rerum
3278 3285 3534 3323 necessa-

1961 3363 2169 3417 riarum
2231 3364 2727 3432 comparandarum
2802 3364 2977 3433 gratia
3048 3363 3337 3416 miserunt.
3396 3361 3532 3415 Cum

1961 3461 2145 3507 autem
2193 3454 2240 3507 is
2288 3453 2507 3507 civibus
2546 3453 2691 3506 Decii
2743 3452 3016 3505 numisma
3066 3450 3358 3521 proferret,
3397 3467 3538 3505 nova

1961 3555 2126 3616 atque
2153 3546 2371 3601 insolita
2402 3555 2633 3600 monetae
2660 3546 2835 3599 forma
2862 3544 3107 3606 adducti,
3134 3544 3187 3597 in
3217 3544 3535 3598 thesaurum

1961 3656 2086 3694 eum
2144 3638 2225 3693 illi
2281 3639 2545 3693 incidisse
2595 3638 2802 3708 Opinati
2857 3648 3007 3702 sunt,
3046 3638 3417 3707 juvenemque
3466 3638 3538 3690 ad

1963 3732 2115 3787 urbis
2145 3742 2413 3786 rectorem
2447 3729 2743 3792 duxerunt,
2778 3745 2957 3798 neque
2990 3730 3230 3795 leviaei,
3261 3742 3317 3782 ut
3341 3745 3542 3782 aurum.

1966 3826 2252 3880 inventum
2315 3822 2621 3886 indicaret,
2672 3821 3049 3875 adhibuerunt
3108 3832 3402 3875 tormenta.
3473 3822 3547 3881 Et;

1967 3927 2254 3988 postquam
2305 3915 2485 3985 ﬂagris
2534 3914 2757 3968 abunde
2806 3916 3084 3979 concisus,
3121 3915 3208 3967 vix
3258 3917 3399 3982 apud
3449 3930 3536 3968 se-

1968 4010 2148 4079 ipsum
2203 4017 2369 4071 esset,
2422 4007 2788 4059 exclamans:
2844 4003 2978 4068 Quis
3037 4006 3278 4067 tandem,
3333 4006 3545 4073 inquit,

1972 4102 2264 4172 imperium
2324 4113 2471 4153 nunc
2521 4097 2771 4151 obtinet?
2816 4096 2947 4149 mihi
3004 4097 3191 4151 dicite.
3226 4097 3403 4165 Atque
3458 4098 3545 4151 illi,

1969 4193 2213 4246 suaviter
2232 4200 2289 4244 et
2324 4191 2495 4243 facete
2519 4188 2874 4242 subridentes
2902 4230 2916 4252 ,
2953 4189 3091 4242 Num
3128 4198 3205 4243 tu.
3243 4192 3553 4256 τοδριηιιίεε

1972 4289 2121 4339 runt,
2159 4279 2528 4333 Theodosium
2574 4294 2719 4333 nunc
2760 4279 2991 4333 feliciter
3030 4280 3318 4347 imperium
3360 4281 3535 4332 admi-

1972 4371 2206 4426 nistrare
2233 4371 2484 4442 ignoras?
2512 4372 2649 4424 Tum
2675 4370 2915 4438 juvenis,
2959 4371 3107 4424 Bona
3141 4371 3301 4427 verba
3329 4386 3546 4438 qumso,

1974 4463 2051 4516 ait
2091 4479 2105 4514 :
2142 4477 2211 4516 an
2259 4478 2368 4517 non
2429 4462 2645 4531 Decius,
2683 4463 2779 4517 sed
2831 4462 3177 4517 Theodosius
3232 4462 3543 4514 Romanum

303 4561 555 4630 ὑπάρχου
584 4559 680 4627 τῆς
719 4557 930 4617 πόλεως
962 4555 1041 4618 είς
1071 4554 1190 4607 τόδε
1219 4554 1280 4604 τὸ
1306 4551 1570 4620 σπήλαιον
1604 4546 1871 4616 κρυϐῆναι

1932 4544 2186 4609 )οι›ιίιιοι
2237 4554 2551 4625 imperium,
2591 4555 2686 4623 qui
2738 4570 2825 4608 me
2882 4567 2938 4608 et
2988 4570 3081 4606 ενι
3134 4553 3270 4607 alios
3323 4568 3545 4610 mecum

301 4652 800 4722 παρεσκευάσατος
847 4649 979 4718 Ἐμέ
1025 4648 1082 4701 δὲ
1132 4648 1331 4699 ἐκεῖνοι
1372 4644 1683 4714 προήκαντο
1713 4638 1872 4708 πείνῃ

305 4746 599 4818 σχεθέντες
638 4744 781 4797 ὥστε
830 4743 1028 4811 ἄρτους
1074 4738 1407 4807 ὠνήσασθαι.
1462 4733 1629 4788 Ταῦτ’
1678 4734 1876 4784 ἐκεῖνοι

304 4839 724 4907 ἐνωτισάμενοι,
752 4833 1297 4901 καταπεπληγμένοι,
1323 4830 1507 4899 δρόμῳ
1533 4823 1712 4894 πολλῷ
1742 4840 1878 4875 παν-

304 4935 472 5001 δημεὶ
505 4934 598 4984 ἐπὶ
644 4931 707 4984 τὸ
754 4928 1021 4997 σπήλαιον
1053 4926 1228 4988 ἔθεον,
1258 4925 1352 4977 καὶ
1379 4922 1480 4991 τὴν
1507 4920 1713 4977 εἴσοδον
1748 4920 1875 4971 ἐπι-

310 5024 519 5096 μᾶλλον
575 5021 1089 5090 ἀναστομώσαντες,
1150 5018 1244 5070 καὶ⁸
1309 5016 1435 5077 τοὺς
1481 5014 1667 5074 λίθους
1724 5010 1877 5063 ἐνθεν

306 5117 568 5171 κάκεῖθεν
599 5114 1015 5185 διαρῤίπτοντες
1045 5151 1059 5173 ,
1097 5110 1266 5163 πλακὶ
1316 5106 1737 5175 ἐντυγχάνουσιν
1758 5142 1774 5169 ,
1821 5104 1879 5154 ἐν

307 5205 459 5285 ᾗπερ
487 5208 549 5262 τό
595 5225 653 5262 τε
702 5208 893 5267 Δεκίου
929 5204 1124 5272 ὕνομα,
1168 5202 1263 5255 καὶ
1298 5201 1331 5269 ἡ
1364 5197 1544 5252 αὐτῶν
1574 5194 1876 5267 παρρησία,

309 5305 408 5357 καὶ
436 5304 469 5372 ἡ
513 5301 662 5369 φυγή
694 5317 752 5352 τε
798 5296 935 5368 ὁμοῦ
994 5298 1090 5349 καὶ
1149 5293 1348 5363 κρυὸὴ,
1385 5295 1480 5344 καὶ
1513 5293 1542 5344 ό
1577 5290 1673 5357 τῆς
1700 5288 1880 5357 ταφῆς

313 5394 645 5466 προσφόρως
696 5390 950 5460 ἐδηλοῦτο
1007 5387 1220 5457 καιρός.
1270 5385 1379 5438 Καὶ
1426 5384 1564 5453 δῆτα
1621 5382 1756 5451 τιμῇ
1811 5381 1879 5449 τῇ

316 5483 681 5557 προσηκούσῃ
739 5481 953 5534 ἐκεῖθεν
1025 5479 1314 5548 ἀράμενοι,
1364 5474 1499 5543 δῆλα
1546 5473 1635 5525 διὰ
1684 5472 1881 5540 τάχους

313 5581 386 5637 τά
422 5579 551 5646 περὶ
583 5578 791 5629 τούτων
821 5574 1041 5628 ἐποίουν
1074 5571 1153 5637 τῷ
1186 5569 1417 5639 βασιλεῖ.
1454 5568 1512 5619 'O
1541 5566 1596 5618 δὲ
1629 5565 1887 5617 πιστότα-

313 5691 410 5734 τος
448 5671 702 5743 βασιλεὺς
743 5670 811 5724 τά
852 5668 985 5739 περὶ
1027 5666 1206 5720 αὐτῶν
1237 5662 1514 5732 ἐγνωκὼς,
1546 5664 1632 5715 ἀεὶ
1660 5662 1728 5714 τά
1766 5660 1886 5713 θεο-

318 5769 452 5837 φιλῆ
485 5768 759 5835 πράττων,
793 5763 1011 5829 ἀνάξιον
1059 5763 1158 5828 τῆς
1196 5758 1405 5811 ἐκείνου
1456 5755 1733 5816 εὐσεϐείας
1774 5753 1888 5806 ἐνό-

321 5858 485 5936 μιζεν
513 5858 705 5937 inpii;
739 5855 929 5911 ἑαυτὸν
960 5853 1157 5915 αὐτοὺς
1190 5846 1689 5928 μεταστέλλεσθαι,
1733 5843 1765 5913 ἢ
1798 5842 1887 5898 άλ-

1974 4649 2148 4701 multo
2193 4648 2388 4702 timore
2442 4648 2661 4700 territos
2710 4662 2807 4716 per
2856 4646 3171 4715 praefatum
3219 4646 3340 4697 urbi
3412 4660 3539 4712 spe-

1976 4738 2193 4793 luncam
2252 4738 2394 4792 hanc
2452 4738 2543 4791 ubi
2603 4738 3034 4796 occultaretuur.
3088 4737 3272 4791 subire
3327 4738 3538 4805 coegit,

1978 4830 2122 4885 unde
2163 4845 2250 4884 me
2280 4830 2357 4884 illi
2390 4828 2532 4883 fame
2565 4829 2758 4897 perciti
2796 4830 2860 4881 ad
2898 4844 3066 4899 panes
3105 4829 3366 4882 enitendos
3402 4845 3532 4894 pm.

1978 4924 2216 4978 misere?
2254 4922 2413 4993 542
2460 4920 2555 4976 His
2596 4923 2674 4976 illi
2715 4923 2897 4976 verbis
2938 4922 3145 4974 auditis
3184 4921 3538 4977 cuusteruati,

1978 5016 2234 5071 celeriter
2286 5030 2479 5069 omnes
2540 5016 2606 5068 ad
2667 5024 2883 5068 antrum
2947 5013 3079 5068 illud
3142 5024 3539 5070 accurre-runt,

1979 5108 2240 5177 adituque
2292 5109 2463 5178 magis
2506 5108 2699 5170 dilato,
2737 5107 3115 5176 lapidibusque
3162 5106 3288 5159 hinc
3327 5118 3381 5162 et
3417 5106 3539 5159 inde

1980 5200 2262 5272 disjectis,
2315 5201 2369 5253 iu
2424 5201 2664 5255 tabulam
2718 5199 3069 5262 inciderunt,
3122 5199 3175 5252 in
3234 5214 3347 5267 qua
3398 5198 3554 5253 Deut

1981 5306 2202 5355 nomen,
2264 5292 2503 5360 ipsorum
2552 5291 2606 5347 in
2658 5291 2865 5344 Christi
2922 5290 3189 5360 religione
3244 5290 3553 5356 proﬁtenda

1983 5383 2231 5448 libertas,
2265 5383 2387 5453 luga
2429 5383 2596 5437 simul
2627 5391 2683 5437 et
2719 5384 3043 5443 occultatio,
3078 5397 3175 5435 nec
3215 5398 3323 5434 non
3365 5381 3535 5448 sepul;

1986 5488 2120 5531 tura:
2145 5485 2359 5545 tempus
2388 5475 2773 5545 percommode
2798 5490 3116 5544 expressum
3142 5483 3282 5529 erat.
3312 5473 3556 5529 Proinde
3615 5519 3618 5522 .

1985 5584 2108 5623 cum
2154 5568 2463 5622 reverentia
2510 5568 2691 5621 debita
2736 5584 2833 5622 eos
2879 5567 3004 5621 inde
3048 5566 3344 5623 duxerunt.
3379 5574 3430 5618 ct
3478 5568 3556 5618 de

1987 5676 2045 5714 re
2075 5660 2223 5714 omni
2253 5662 2507 5716 celeriter
2533 5661 2919 5730 imperatorem
2950 5661 3243 5715 certiorem
3275 5658 3550 5718 fecerunt,

1985 5753 2255 5809 Caeterum
2310 5753 2612 5822 imperator
2668 5751 3053 5815 ﬁdelissimus,
3106 5751 3199 5805 ubi
3256 5766 3375 5805 eam
3433 5766 3555 5804 rem

1990 5846 2268 5917 cognovit,
2304 5847 2449 5916 quod
2494 5861 2709 5917 scalper
2751 5862 2870 5917 qum
2912 5855 3063 5914 grata
3100 5844 3210 5902 Deo
3238 5852 3292 5902 et
3329 5856 3557 5915 accepta
