4250 6440
284 420 426 484 1ἓὲ5

1210 373 1812 480 Ecctenisrtee
1848 404 2230 474 ms‘ronre
2268 407 2417 473 LIB.
2459 411 2596 473 τιν.

3388 405 3522 468 1226

288 539 536 589 κελεύσει
595 536 688 589 τοῦ
744 536 1072 606 κρατοῦντος
1132 535 1235 600 πρὸ
1289 535 1386 600 τῆς
1441 531 1854 583 Κωνσταντίνου
1886 528 1966 590 Αἱ

1849 550 1854 577 l
1886 537 1929 590 Α
1960 528 2342 595 imperatorem
2375 527 2530 590 adiit,
2559 535 2613 580 et
2650 535 2707 580 ut
2758 542 2920 581 causa
2949 527 3132 581 denuo
3160 525 3527 598 judicaretur.

292 629 450 694 ἑτέρα
503 627 850 689 συναλίζεται
903 625 1116 685 σύνοδος
1141 641 1155 654 θ
1195 625 1250 675 ὲν
1294 617 1452 695 ᾖκαὶ
1478 621 1624 674 ἄλλοι
1667 637 1722 671 τε
1747 620 1853 671 τῶν

293 720 486 784 ίερέων
524 719 777 787 παρῆσαν
833 719 926 769 καὶ
957 716 1067 767 τῶν
1093 716 1189 783 τῆς
1232 713 1536 782 συγκλήτου
1567 711 1729 774 τινές.
1773 711 1857 774 Ὠς

287 810 467 878 ἀληθῆ
497 811 552 862 δὲ
580 810 690 863 εἷεν
715 812 783 863 τὰ
815 811 1184 879 ὑπομνήματα
1216 807 1606 874 κυρωσάντων,
1645 806 1858 874 Χρυσά-

290 921 411 965 quo;
445 907 471 955 ό
499 903 753 972 εὐνοῦχος
802 906 1060 972 δμὸςρων
1112 902 1305 971 ἐκείνῳ
1345 901 1408 953 τὰ
1451 899 1683 967 μάλιστα
1730 897 1858 950 καθ-

289 994 482 1056 εστὼς,
514 995 614 1062 τὴν
644 994 804 1064 ὓϐριν
833 996 1019 1063 φέρειν
1047 994 1145 1061 οὐχ
1200 989 1308 1054 οἷός
1339 1006 1398 1045 τε
1430 993 1526 1052 ῶν,
1581 992 1859 1044 ἑπιπλείον

291 1084 390 1150 τὴν
427 1088 564 1136 κατὰ
612 1084 917 1138 Φλαδιανού
975 1083 1172 1152 ηὔξανε
1238 1084 1436 1152 μῆνιν·
1488 1083 1582 1134 καὶ
1637 1081 1714 1148 τῷ
1764 1081 1860 1148 τῆς

305 1177 720 1244 ’Δλεξανδρείις
772 1175 1041 1244 Διοσκόρω
1092 1175 1280 1240 ἐδήλου
1321 1173 1398 1241 τῷ
1449 1171 1716 1235 δυσσε6-ῖ,
1784 1174 1860 1233 είς

295 1269 489 1321 ἅπαντ’
516 1268 666 1336 αὑτῷ
722 1263 862 1320 εἶναι
911 1271 1305 1337 κεχαρισμένος
1354 1266 1421 1317 τὰ
1450 1265 1784 1332 καταθύμια.
1815 1265 1866 1316 εῐ

294 1380 358 1427 γε
413 1361 678 1430 Εὐτυχέος
734 1364 831 1430 μὲν
891 1361 1373 1430 ὑπεραγωνίσηται
1436 1358 1860 1419 κινδυνεύοντος,

295 1458 440 1508 κατὰ
485 1456 544 1507 δὲ
577 1455 882 1507 Φλαδιανοῦ
944 1455 1038 1506 καὶ
1089 1453 1353 1505 Εὐσεσίου
1415 1453 1508 1505 τοῦ
1565 1453 1861 1520 Δορυλαίου

296 1547 546 1611 γλῶτταν
589 1549 824 1615 κινήσοι.
886 1546 1115 1614 Ἐπίσης
1163 1546 1219 1598 δὲ
1255 1547 1350 1598 καὶ
1401 1545 1501 1614 τὴν
1551 1545 1864 1612 Αὑγούσταν

303 1639 566 1689 Ι·ζὺὀοκίαν
601 1639 914 1708 διερεθίζει,
953 1639 1122 1690 πολλὰ
1155 1639 1251 1707 μὲν
1283 1638 1548 1704 ιπιλέγων
1585 1637 1678 1689 καὶ
1711 1636 1864 1698 ἄλλα,

300 1735 538 1800 μάλιστα
565 1732 620 1784 δὲ
647 1733 715 1784 τά
740 1732 825 1782 διὰ
853 1730 1190 1800 Πουλχερίαν
1221 1731 1356 1799 αὐτῇ
1387 1731 1607 1798 λυπηρὰ
1637 1745 1866 1798 προσγε-

296 1827 503 1893 νόμενα
529 1840 541 1852 ·
578 1828 659 1878 ὅτι
705 1825 864 1894 μὴτὸ
909 1826 1222 1895 ἀπόρρητον
1265 1825 1558 1884 Φλαϐιανὸς
1590 1823 1864 1890 ἐταμίευε.

302 1885 412 1969 καὶ
447 1918 512 1986 δὴ
536 1885 716 1985 ἄμφω.
737 1885 1038 1986 γενόμενοι,
1060 1885 1286 1968 ’κινοῦσι
1323 1917 1414 1968 τὸν
1447 1885 1747 1976 θεοδότων,
1777 1914 1868 1967 καὶ
1905 1885 1943 1940 Β

297 2009 563 2076 δευτέραν
587 2006 741 2071 αὖθις
776 2008 992 2060 σύνοδον
1022 2009 1145 2060 κατ’
1194 2007 1428 2073 Ἔφεσον
1465 2007 1805 2072 συγκροτεῖν,
1833 2006 1867 2073 ἢ

300 2101 364 2166 δὴ
396 2100 465 2151 τὰ
497 2102 634 2150 κατὰ
669 2100 881 2169 Εὐτυχῆ
919 2100 1012 2152 καὶ
1043 2097 1339 2151 Φλαόιανὸν
1371 2097 1748 2166 διασκέψηται.
1777 2099 1872 2149 καὶ

300 2194 412 2243 τῶν
441 2193 638 2260 ψήφων
670 2197 768 2260 τὴν
795 2193 1006 2244 δίαιταν
1036 2192 1316 2260 Διοσκόρω
1347 2189 1424 2258 τῷ
1472 2189 1726 2241 δυσσεδεῖ
1755 2190 1871 2241 ἑπι-

302 2285 554 2351 τρέπειν,
613 2284 706 2335 καὶ
752 2283 849 2348 τῆς
898 2283 1119 2334 συνόδου
1175 2281 1502 2347 κατάρχειν⁹
1542 2280 1782 2349 πέμπειν
1815 2279 1872 2331 δὲ

303 2377 400 2428 καὶ
427 2378 657 2444 στρατὸν
686 2375 985 2442 ἀξιόμαχον
1013 2376 1125 2434 τοῖς
1171 2372 1567 2441 ψηφιζομένοις
1602 2373 1874 2442 προσϐοη-

304 2471 562 2540 θήσοντα.
597 2470 686 2530 Ὠς
722 2469 777 2520 δὲ
809 2467 966 2520 τοῦτο
994 2467 1251 2535 βασιλεὺς
1303 2466 1542 2528 ἐκέλευε,
1605 2467 1698 2519 καὶ
1727 2468 1760 2536 ἡ
1782 2468 1875 2537 λῃ-

305 2561 505 2632 στρικὴ
546 2560 806 2626 κληθεῖσα
864 2559 1082 2620 σύνοδος
1135 2557 1253 2610 κατ’
1315 2559 1552 2624 Ἔφεσον
1597 2558 1874 2628 ἤθροιστο,

305 2654 648 2720 προκαθίσας
699 2653 1018 2721 Διόσκορος,
1075 2654 1200 2714 τοὺς
1232 2651 1425 2714 ἄλλους
1476 2652 1875 2721 παρωσάμενος

213 2789 218 2792 .
305 2746 611 2814 νοταρίους,
663 2747 792 2806 τοὺς
838 2747 1004 2805 ἰδίους
1067 2745 1259 2811 μόνους
1311 2743 1578 2812 προῆγεν,
1637 2743 1778 2795 ὥστε
1811 2747 1878 2797 τὰ

306 2841 683 2908 πραττόμενα,
801 2837 996 2905 ἐκείνῳ
1052 2837 1251 2897 ἐδόκει,
1288 2838 1518 2905 χάρταις
1555 2836 1874 2890 διατυπούν.

307 2932 573 3000 Παρῆσαν
601 2932 658 2982 δὲ
689 2933 756 3000 τῇ
792 2930 993 2996 συνόδῳ
1021 2930 1070 2982 oi
1098 2931 1188 2981 καὶ
1218 2930 1426 2982 ἄνωθεν
1457 2929 1736 2998 εἰρημένοι
1765 2931 1877 2983 τῶν

306 3021 615 3089 ἐκκλησιῶν
649 3020 915 3090 ἡγεμόνες
961 3034 1097 3089 μετα
1129 3019 1236 3070 τῶν
1283 3019 1421 3088 ἀμφ’
1454 3019 1652 3081 αὐτοὺς
1682 3020 1879 3088 ίερὲων

307 3109 450 3175 πλὴν
481 3109 710 3170 Λέοντος
736 3107 831 3159 τοῦ
870 3109 970 3176 τῆς
1007 3108 1390 3178 πρεσϐυτέρας
1429 3108 1649 3178 Ῥώμης
1685 3110 1880 3176 ποιμέ-

1961 619 2190 685 perinde
2227 629 2389 687 atque
2439 629 2556 671 acta
2591 629 2648 672 et
2679 620 2895 674 decreta
2938 629 3128 674 contra
3164 635 3289 675 eum
3329 620 3467 673 facta
3498 636 3526 673 a

1961 711 2218 765 Flaviano
2253 714 2482 765 conticta
2516 722 2719 771 essent.
2751 712 2982 781 rogavit.
3015 714 3203 782 Itaque
3262 715 3530 783 principis

1960 804 2112 872 jussu
2158 805 2260 857 alia
2324 805 2376 856 in
2411 803 2731 858 suburbano
2781 804 3286 874 Constantinopolis
3338 816 3526 863 coacta

1960 905 2043 949 est
2095 897 2353 965 synodus.
2400 899 2450 950 in
2506 915 2610 966 qua
2645 899 2797 953 multi
2843 900 3007 953 etiam
3055 899 3147 954 alii
3182 901 3424 969 episcopi
3473 914 3530 954 et

1961 1003 2025 1040 ex
2073 998 2260 1040 senatu
2296 989 2514 1055 quidam
2566 990 2811 1045 adfuere.
2854 989 3023 1045 Porro
3056 991 3146 1046 ubi
3183 993 3258 1046 illi
3301 1003 3418 1045 acta
3474 1005 3530 1046 et

1964 1079 2183 1133 decreta
2204 1079 2442 1148 legitima
2467 1096 2584 1134 esse
2612 1085 2936 1139 auctoritate
2955 1101 3052 1138 sua
3078 1085 3526 1155 comprobarunt.

1961 1172 2335 1242 Clirysapbius
2386 1176 2696 1232 eunuchus.
2725 1177 2816 1245 qui
2873 1177 3012 1231 idem
3042 1194 3162 1231 eum
3202 1178 3293 1231 illo
3325 1180 3531 1233 sentie-

1964 1264 2077 1325 bat,
2098 1280 2223 1317 cum
2251 1268 2636 1319 contumel‘atn
2659 1268 2801 1320 ferre
2821 1271 3086 1337 nequiret,
3110 1269 3272 1341 549
3290 1271 3422 1324 iram
3441 1278 3532 1325 ad-

1968 1369 2155 1407 versus
2177 1354 2496 1410 Flavianum
2525 1372 2677 1411 suam
2707 1360 2941 1415 maxime
2974 1364 3126 1415 auxit
3149 1381 3162 1415 :
3182 1374 3237 1415 et
3272 1363 3533 1417 Dioscoro

1965 1445 2334 1500 Alexandrino
2387 1449 2553 1518 impio
2597 1450 2672 1502 illi
2727 1450 3012 1515 indicavit,
3071 1469 3128 1508 se
3171 1455 3246 1508 illi
3283 1455 3333 1507 in
3372 1459 3534 1509 rebus

1967 1551 2084 1602 quae
2107 1538 2156 1590 ei
2186 1537 2395 1604 placitae
2436 1549 2641 1604 essent,
2684 1542 3114 1609 gratificatnrum
3168 1547 3444 1610 omnibus,
3487 1549 3532 1602 si

1970 1627 2330 1698 Eutyeltetem
2385 1632 2782 1699 periclitantem
2839 1634 3181 1701 defenderet,
3217 1635 3533 1692 Flavianum

1969 1731 2148 1774 autem
2172 1729 2225 1774 et
2255 1722 2552 1778 Eusebium
2581 1725 2887 1795 Dorylazum
2922 1741 3281 1798 oppugnaret.
3323 1731 3533 1784 Eodem

1969 1815 2135 1865 etiam
2181 1814 2343 1868 modo
2398 1816 2695 1871 Eudociam
2743 1820 3041 1888 Augustam
3089 1822 3372 1887 excitavit,
3409 1839 3533 1878 eum

1976 1904 2144 1956 multa
2192 1905 2316 1967 alia,
2369 1916 2480 1961 tum
2509 1923 2570 1961 ea
2606 1909 2948 1978 potissimum
2983 1911 3218 1966 dicendo
3244 1932 3365 1985 qua:
3397 1917 3446 1970 ei
3511 1937 3538 1970 ιι

1977 1992 2263 2046 Pulchcria
2295 1998 2491 2051 acerba
2523 2000 2875 2062 accidissent,
2915 2016 3204 2072 propterea
3241 2009 3386 2075 quod
3417 2008 3539 2062 Fla-

1975 2084 2164 2136 vianus
2191 2100 2301 2137 rem
2321 2100 2531 2142 secreto
2551 2091 2960 2158 sibiercditam,
2990 2108 3182 2150 tectam
3213 2101 3541 2171 tacitamqne

1975 2189 2083 2226 nou
2134 2190 2420 2232 servasset.
2461 2178 2524 2234 Hi
2565 2183 2724 2236 ambo
2779 2184 3148 2240 'fheodosium
3199 2206 3540 2257 permovent.

1976 2277 2036 2318 ut
2079 2267 2303 2322 alteram
2368 2271 2568 2339 Ephesi
2616 2275 2906 2344 synodum,
2936 2293 3056 2346 qu:e
3117 2279 3435 2350 Eutychetis
3491 2293 3539 2335 et

1977 2360 2218 2414 Flaviani
2288 2378 2510 2416 causam
2565 2366 2912 2435 disiteptaret.
2987 2370 3256 2424 celebrari
3331 2373 3540 2442 jubeat,

1977 2455 2484 2526 sententiarumque
2512 2459 3140 2532 ferendarumjudieium
3169 2464 3427 2519 Dioscoro
3450 2467 3548 2520 im-

1979 2547 2067 2612 pio
2089 2548 2419 2614 committat,
2446 2559 2500 2603 et
2526 2552 2778 2605 eumdem
2807 2555 3017 2624 synodo
3043 2555 3305 2625 praeficiat
3328 2580 3339 2611 ;
3361 2559 3548 2628 copias

1979 2641 2146 2692 etiam
2205 2640 2494 2705 militares,
2555 2659 2676 2711 qua:
2706 2647 2837 2700 satis
2862 2648 2998 2712 sint,
3031 2649 3235 2713 mittat,
3277 2666 3401 2721 quae
3433 2669 3545 2706 rem

1975 2727 2273 2795 judicatam
2317 2747 2782 2802 exsequerentur.
2819 2738 2918 2793 Ubi
2959 2739 3011 2792 id
3069 2739 3372 2810 imperator
3392 2758 3549 2796 man-

1981 2818 2149 2885 davit,
2189 2834 2244 2876 et
2275 2824 2519 2891 synodus
2549 2841 2670 2895 quae
2705 2831 3028 2896 praedatoria
3061 2844 3312 2896 vocatur,
3345 2835 3546 2906 Ephesi

1981 2928 2307 2986 congregata
2371 2929 2488 2973 est:
2531 2923 2829 2987 praesidens
2858 2925 2908 2978 ei
2965 2926 3278 2992 Dioscorus,
3318 2932 3550 2983 notariis

1983 3006 2105 3060 aliis
2171 3009 2412 3078 rejectis,
2468 3028 2600 3067 suos
2652 3025 2865 3069 tantum
2896 3016 3172 3084 adhibuit,
3212 3029 3274 3074 ut
3324 3031 3445 3075 acta
3483 3039 3548 3076 ex

1983 3101 2257 3153 sententia
2295 3107 2414 3172 ejus
2445 3105 2498 3158 in
2532 3107 2799 3175 scriptum
2839 3107 3201 3165 referrentur.
3233 3112 3550 3168 Adfuerunt

308 3218 416 3260 νος.
439 3201 646 3254 Τούτου
679 3201 790 3271 γὰρ
822 3201 911 3253 τὸν
941 3202 1104 3253 τόπον
1141 3203 1442 3264 ἐπίσκοπος
1490 3201 1710 3264 Ἰούλιος
1737 3219 1878 3289 πεᾲμ-
1905 3231 1951 3289 c

1871 3231 1951 3289 ,ο
1987 3189 2225 3243 concilio
2249 3191 2298 3244 ei
2335 3208 2475 3260 quos
2527 3211 2690 3265 supra
2744 3198 3146 3256 nominavimus
3196 3205 3549 3260 ecclesiarum

309 3293 466 3359 φθεὶς
505 3292 841 3360 ἀνεπλήρου,
891 3291 986 3342 σὺν
1037 3290 1217 3352 ἄλλοις
1251 3291 1345 3342 καὶ
1376 3289 1549 3341 ταῦτα
1570 3289 1705 3358 πρὸς
1735 3287 1879 3352 λέξιν

309 3385 594 3436 Θεοδοσίου
645 3383 1034 3443 θεσπίσαντος⁶
1098 3397 1117 3432 ι
1175 3381 1300 3430 Τῶν
1357 3381 1487 3449 πρὶν
1532 3381 1873 3433 δικασάντων

311 3477 546 3544 Εὑτυχεῖ
574 3475 651 3542 τῷ
698 3472 1083 3541 εὐλαϐεστάτῳ
1129 3472 1557 3543 ἁρχιμανδρίτῃ,
1595 3471 1882 3539 παρόντων

313 3569 414 3633 μὲν
439 3568 530 3617 καὶ
561 3564 960 3632 ἡσυχαζόντων,
987 3560 1220 3625 τάξινδὲ
1249 3559 1524 3613 δικαστῶν
1549 3560 1626 3632 μὴ
1659 3561 1879 3630 ἐπεχόν-

310 3675 440 3719 των,
494 3657 630 3709 άλλα
663 3657 764 3724 τὴν
793 3653 978 3723 κοινὴν
1012 3653 1231 3706 πάντων
1262 3653 1370 3704 τῶν
1420 3653 1742 3720 ἁγιωτάτων
1775 3655 1880 3706 Πα-

308 3752 485 3819 τέρων
519 3749 922 3816 περιμενόντων
970 3746 1186 3815 ψῆφον·
1233 3766 1250 3797 ι
1306 3745 1496 3815 ἐπειδὴ
1528 3747 1594 3798 τὰ
1625 3748 1762 3816 παρ’
1787 3749 1882 3800 αὐ-

308 3844 418 3893 τῶν
443 3841 746 3909 κεκριμένα
772 3839 865 3891 νῦν
890 3839 1271 3906 δοκιμάζεται.
1321 3839 1611 3906 Ζητήσεως
1638 3839 1694 3890 δὲ
1729 3856 1882 3906 γενο-

315 3935 505 3998 μένηῖ,
558 3933 821 4001 ἀπῃτεῖτο
880 3931 1122 3999 Εὑτυχὴς
1165 3930 1200 3983 ἃ
1261 3931 1393 4000 περὶ
1439 3930 1576 3982 Θεοῦ
1631 3930 1882 3999 φρονοεη,

312 4026 447 4094 δῆλα
479 4025 739 4093 καθιστᾷν
768 4026 834 4092 τῇ
866 4025 1092 4094 συνόδῳ.
1139 4022 1226 4084 Ὠς
1249 4024 1295 4075 δ’
1324 4024 1533 4084 ἐκεῖνος
1556 4022 1591 4074 ἃ
1632 4024 1724 4075 καὶ
1755 4025 1885 4089 πρό-

312 4135 470 4186 τερον
512 4116 730 4184 εἴρηκεν
781 4117 876 4166 ἐπὶ
921 4116 1087 4183 μέσου
1145 4113 1490 4182 διωμολόγει,
1546 4117 1607 4164 ἐκ
1656 4113 1750 4164 δύο
1788 4115 1886 4181 μὲν

315 4213 530 4276 φύσεων
562 4210 888 4276 γεγενῆσθαι
926 4210 1028 4276 πρὸ
1063 4210 1157 4276 τῆς
1192 4206 1458 4270 ἐνώσεως,
1497 4207 1638 4274 μετὰ
1667 4207 1723 4259 δὲ
1755 4209 1886 4290 ταύ-

313 4326 412 4376 την
447 4309 575 4374 μίαν
598 4302 738 4357 εἶναι
775 4305 870 4373 τὴι
903 4303 1064 4369 φύσιν
1099 4301 1248 4368 αύτῷ
1272 4343 1286 4366 ,
1329 4302 1620 4354 ὑπολαϐὼν
1663 4305 1884 4355 Διόσκο-

318 4417 409 4464 po;
438 4395 560 4450 εἷπε
583 4413 597 4428 ·
633 4400 738 4450 Καὶ
771 4401 928 4465 ἡμεῖς
959 4400 1156 4461 πάντες
1179 4402 1278 4466 τῆς
1303 4399 1476 4464 αὐτῆς
1507 4400 1664 4466 δόξης
1695 4400 1882 4466 ἐσμέν.

316 4494 378 4542 υἱ
409 4490 464 4541 δὲ
489 4489 580 4540 τοῦ
603 4490 804 4540 πάππα
850 4487 1079 4544 Λέοντος
1117 4488 1486 4556 τοποτηρηταὶ
1543 4487 1640 4547 τὰς
1676 4487 1886 4538 ἐκείνου

1983 3282 2261 3336 antistites
2311 3299 2436 3336 cum
2496 3287 2876 3343 sacerdotibus
2929 3294 3045 3344 suis
3077 3292 3155 3358 (Ι)
3192 3310 3204 3346 ;
3235 3293 3419 3350 Leone
3461 3313 3552 3351 ve’

1989 3373 2148 3428 teris.
2183 3375 2367 3428 Romae
2423 3386 2641 3444 pastore
2690 3390 2941 3449 excepto,
2975 3384 3133 3450 cujus
3167 3383 3344 3438 locum
3374 3385 3554 3443 Julius

1985 3466 2283 3536 episcopus
2335 3484 2403 3523 eo
2488 3471 2691 3526 missus
2725 3473 2984 3528 obtinuit.
3042 3474 3383 3533 Theodosius
3411 3482 3554 3534 inter

1985 3555 2094 3610 alia
2158 3556 2267 3635 hoc
2327 3559 2405 3612 sic
2443 3560 2630 3614 verbis
2660 3563 2996 3632 ejuseemodi
3045 3579 3301 3622 sanxerat
3336 3587 3349 3623 :
3387 3591 3405 3622 ι
3448 3571 3552 3638 Qui

1986 3653 2148 3698 antea
2194 3631 2408 3712 iudices
2471 3631 2868 3720 religiosissimi
2920 3657 3361 3714 archimandrita:
3385 3662 3554 3733 Euty-

1986 3736 2163 3789 chetis
2194 3736 2368 3802 fuere,
2405 3739 2640 3795 adsunto
2688 3745 2909 3812 quidem
2943 3763 2994 3800 et
3027 3761 3268 3811 taeento.
3306 3754 3553 3822 judicum

1989 3835 2170 3880 autem
2189 3828 2438 3882 ordinem
2467 3847 2576 3884 non
2603 3833 2846 3888 habento
2873 3854 2885 3887 :
2915 3829 3183 3893 caeterum
3208 3858 3554 3901 communem

1988 3919 2462 3974 sanetissimorum
2528 3927 2776 3978 omnium
2822 3927 3042 3982 Patrum
3098 3936 3428 3988 sententiam
3465 3956 3558 3992 ex-

1987 4023 2291 4080 epectanto,
2329 4017 2774 4086 quandoquidem
2805 4022 2870 4075 de
2906 4028 3070 4077 rebus
3099 4027 3167 4079 ab
3193 4028 3274 4080 eis
3299 4029 3559 4098 judicatis

1989 4118 2136 4158 nunc
2188 4106 2458 4174 judicium
2496 4113 2698 4179 agitur.
2737 4130 2754 4161 ι
2787 4112 2887 4165 Ubi
2923 4124 3104 4168 autem
3158 4117 3224 4170 de
3254 4121 3555 4186 quaestione

1987 4208 2192 4261 actum,
2222 4200 2288 4253 ab
2318 4201 2616 4272 Eutycliete
2653 4206 2881 4272 petitum
2914 4216 3020 4269 est,
3050 4219 3186 4262 utea
3208 4227 3327 4279 qua:
3351 4212 3417 4266 de
3447 4215 3558 4268 Deo

1988 4292 2238 4355 seuti'ct,
2277 4296 2418 4362 apud
2442 4296 2710 4364 synodum
2743 4310 3076 4368 exponeret:
3149 4313 3262 4356 tum
3303 4306 3411 4369 ille,
3439 4324 3560 4376 qua:

1988 4394 2150 4435 antea
2202 4400 2421 4453 quoque
2454 4388 2690 4450 dixerat,
2752 4392 2805 4443 in
2843 4393 3083 4447 medium
3119 4396 3399 4462 proferens
3435 4415 3562 4466 pro-

1991 4473 2170 4528 fessus
2197 4484 2301 4529 est.
2325 4477 2364 4529 Ε
2392 4477 2605 4532 duabus
2633 4481 2852 4548 quidem
2884 4486 3095 4537 naturis
3137 4487 3382 4554 genitum
3440 4505 3561 4542 esse

315 4578 631 4643 ἐπιστολάς,
659 4579 759 4646 τήν
800 4594 856 4629 τε
895 4577 1030 4645 πρὸς
1060 4576 1361 4628 Φλαὸιανὸν
1408 4577 1500 4627 καὶ
1530 4577 1629 4644 τὴν
1671 4575 1886 4627 σύνοδον
1919 4565 1962 4618 Ῑ)

1881 4593 1886 4618 ι
1919 4565 1962 4618 D
1995 4566 2330 4621 Salvatoretn
2387 4580 2513 4623 ante
2542 4574 2824 4636 unionem,
2857 4588 2980 4642 post
3010 4576 3149 4630 hanc
3179 4589 3360 4632 autem
3399 4598 3559 4634 unam

315 4669 737 4738 ἀναγνωσθῆναι
790 4669 1016 4722 ἐδέοντο.
1083 4668 1171 4728 Ὠς
1217 4667 1272 4718 δὲ
1306 4667 1564 4728 κάκείνας
1594 4669 1882 4734 Διόσκορος

312 4763 628 4823 άπεσείετο,
682 4760 984 4820 συνιδόντες
1045 4759 1243 4809 ἐκεῖνοι
1312 4757 1373 4807 τὸ
1423 4758 1741 4825 παράφορον
1784 4756 1883 4823 τῆς

314 4854 495 4924 ὁρμῆς
537 4852 856 4920 Διοσκόρου,
923 4849 1187 4919 φυγόντες
1228 4851 1328 4916 τὴν
1379 4847 1615 4913 σύνοδον,
1676 4851 1755 4910 εἰς
1786 4847 1882 4918 τὴν

324 4946 552 5013 Ῥώμην
602 4944 915 5012 ἀνέτρεχον.
957 4944 1246 5010 Διόσκορος
1280 4943 1334 4995 δὲ
1373 4942 1462 4992 καὶ
1490 4941 1538 4992 oi
1567 4943 1703 5009 ἀμφ’
1725 4942 1885 4993 αὑτὸν

320 5038 553 5104 Ευτυχεῐ
583 5036 679 5103 τὴν
718 5034 1020 5102 ἱερωσύνην
1053 5034 1319 5085 ἀπέδυσαν
1342 5049 1354 5060 ·
1384 5032 1679 5085 Φλαδιανὸν
1706 5033 1762 5083 δὲ
1794 5034 1886 5083 καὶ

320 5129 581 5180 Εὑσέϐιον
611 5127 701 5177 τὸν
740 5125 1032 5193 Δορυλαίου
1090 5123 1293 5191 ταύτης
1344 5127 1624 5190 ἀφείλοντο
1646 5140 1658 5152 °
1681 5125 1884 5193 χρησά-

321 5235 474 5288 μενοι
510 5216 588 5284 τῷ
624 5217 804 5268 κανόνι
832 5215 967 5285 πρὸς
999 5215 1242 5284 ἀρωγὴ-ι,
1267 5214 1324 5266 ὃν
1351 5216 1548 5266 ικεῖιοι
1579 5215 1720 5283 τάχα
1745 5232 1886 5283 παρ-

319 5313 549 5379 έϐησαν,
571 5307 626 5369 ὃς
657 5307 868 5359 κελεύει
913 5309 986 5376 μὴ
1021 5307 1128 5358 δεῖν
1163 5308 1356 5374 ἑτέραν
1385 5307 1568 5358 πίστιν
1611 5310 1760 5375 παρὰ
1791 5308 1884 5375 τὴν

319 5400 603 5473 ὲνΝικαίᾳ
660 5401 984 5452 ἐκτίθεσθαι.
1047 5401 1344 5460 Φλαὸιανδς
1389 5401 1444 5452 δὲ
1502 5401 1528 5451 ὁ
1562 5400 1885 5466 ἁγιώτατος,

323 5496 464 5563 μετὰ
491 5493 588 5556 τὴν
619 5495 938 5560 παράνομον
982 5493 1197 5561 εκείνην
1249 5491 1591 5559 καθαίρεσιν,
1627 5491 1889 5557 ὠθισμοῖς

321 5587 419 5635 καὶ
456 5583 788 5649 λακτίσμασι
815 5582 967 5651 παρὰ
996 5581 1104 5631 τῶν
1131 5582 1259 5649 περὶ
1293 5583 1584 5648 Διόσκορον
1620 5583 1713 5631 καὶ
1745 5583 1889 5650 Χρυ-

323 5678 520 5742 σάφιον
561 5677 655 5743 τῆς
718 5674 940 5726 συνόδου
1001 5659 1466 5740 ἀπελαυνόμενος,
1533 5677 1669 5740 μετὰ
1699 5675 1891 5740 τρίτην

400 5852 475 5918 (1)
509 5849 789 5902 Juvenalis
825 5849 1055 5909 scilicet,
1101 5848 1361 5913 Douinus,
1396 5861 1501 5901 etc.

533 5949 774 6002 l'A‘rzzot.
836 5945 950 6001 litt.
989 5943 1220 6000 CXLVI

1995 4660 2042 4711 ei
2085 4674 2205 4712 esse
2229 4671 2499 4715 naturam.
2536 4662 2836 4719 Dioscorus
2863 4683 3026 4735 porro
3064 4672 3439 4738 subinferens,
3496 4677 3561 4728 lit

1999 4769 2099 4806 nos
2151 4770 2364 4819 omnes,
2424 4757 2523 4820 ait,
2571 4759 2813 4826 ejusdem
2877 4762 3154 4830 opinionis
3215 4781 3422 4819 sumus.
3488 4770 3558 4821 lbi

2004 4846 2210 4901 Leonis
2246 4864 2392 4916 papa:
2422 4851 2600 4903 locum
2627 4861 2873 4906 tenentes
2900 4856 3045 4909 illius
3070 4859 3133 4910 ad
3169 4858 3480 4912 Flavianum
3511 4876 3564 4914 et

1996 4941 2264 5008 synodum
2310 4941 2483 5010 ipsam
2550 4943 2704 4998 datas
2748 4945 2959 5000 litteras
3011 4947 3116 5017 legi
3159 4951 3458 5017 petierunt.
3498 4953 3563 5008 Ut

2002 5047 2131 5084 vero
2164 5033 2460 5087 Dioscorus
2480 5050 2572 5087 eas
2597 5035 2806 5105 rejeeit,
2834 5041 3161 5093 mandatarii
3184 5051 3554 5096 transversum

2001 5121 2239 5173 Dioscuri
2264 5123 2526 5191 impetum
2549 5124 3067 5191 animadvertentes,
3089 5145 3116 5182 c
3135 5135 3344 5199 synodo
3367 5132 3566 5186 disces-

2000 5227 2122 5265 sere
2153 5224 2207 5266 ct
2242 5213 2465 5266 Romam
2506 5231 2807 5272 recurrere.
2845 5219 3161 5283 Dioscorus,
3197 5219 3320 5274 eum
3372 5223 3565 5276 factio-

2003 5310 2086 5358 nis
2120 5323 2231 5358 sua:
2265 5309 2646 5376 popularibus,
2681 5310 3037 5380 Eutychetem
3073 5312 3283 5366 reddita
3311 5318 3359 5365 ei
3387 5329 3568 5368 sacer-

2002 5400 2168 5452 dotali
2218 5403 2502 5470 dignitate,
2549 5404 2600 5455 in
2641 5403 2910 5472 integrum
2949 5407 3225 5458 restituit:
3260 5407 3422 5476 550
3445 5423 3564 5459 eam

2004 5505 2132 5542 vero
2158 5491 2415 5546 Flaviano
2445 5506 2498 5546 et
2522 5494 2758 5547 Eusebio
2779 5495 3020 5565 Dorylaeo
3051 5499 3370 5566 abrogavit,
3406 5515 3568 5551 eano-

2007 5597 2127 5635 m-In
2173 5584 2345 5645 illum,
2408 5601 2569 5654 quem
2643 5589 2757 5657 ipse
2822 5590 2960 5643 forte
3034 5601 3408 5659 transgressus
3460 5606 3569 5654 εει,

2008 5676 2338 5742 obtendens,
2393 5681 2597 5734 nullam
2636 5683 2796 5736 aliam
2832 5683 2952 5736 fidei
2995 5683 3309 5744 formulam.
3350 5695 3553 5755 praeter-

3105 5957 3183 6013 3‘.)
