4250 6440
743 398 871 462 i227

1966 409 2375 470 NICEI‘HOHI
2426 410 2762 468 (ALLISTI

3845 401 3976 463 1223

733 529 896 588 quam
945 527 1065 581 quze
1127 511 1314 566 Nicma:
1359 519 1442 565 est
1493 512 1653 578 facta,
1697 518 2138 587 promulgandam
2181 534 2300 573 esse

2371 520 2619 588 ,hpépav
2658 519 2747 570 τὸν
2803 519 2915 586 βίον
2961 514 3246 585 μακαρίως
3305 510 3628 583 μετήλλαξε,
3691 511 3785 562 καὶ
3815 510 3984 562 αὑτοῦ

734 614 1092 660 statuentem.
1163 605 1336 660 Porro
1387 605 1699 674 Flavianus,
1760 609 1843 661 vir
1898 611 2296 676 sanctissimus,

739 707 863 768 post
941 696 1276 768 ejuscemodi
1345 697 1683 766 illegitimam
1773 704 2299 770 exauctorationem,

736 787 1066 841 turbulentis
1129 787 1553 856 impulsionihus
1609 798 1666 843 et
1715 790 1944 844 calcium
2027 794 2223 849 ictibus
2269 810 2299 849 a

735 877 980 932 Dioscori
1016 885 1071 932 et
1099 876 1426 948 Chrysaphii
1458 880 1694 934 factione
1731 896 1794 934 ex
1831 884 2042 952 synodo
2069 887 2297 956 ejectus,

735 972 896 1025 tertio
956 980 1081 1039 post
1109 971 1196 1024 die
1241 970 1405 1024 vitam
1461 971 1695 1026 feliciter
1727 974 1886 1038 liniit,
1917 991 2041 1030 cum
2070 978 2156 1031 ille
2185 979 2300 1048 ipse

736 1063 1026 1117 Dioscorus
1058 1062 1373 1116 ealcibusin
1417 1074 1663 1118 ventrem
1706 1066 1869 1120 etiam
1914 1068 2160 1124 veritatis
2216 1073 2297 1140 ip-

732 1153 847 1208 sius
879 1155 1300 1223 propugnatoris
1343 1154 1581 1210 defuncti
1621 1157 1917 1216 iusiluerit.
1948 1159 2014 1216 Et
2042 1163 2301 1230 postridie

733 1245 1000 1311 episcopi,
1040 1245 1271 1300 militum
1304 1247 1397 1316 qui
1439 1263 1533 1301 eos
1568 1249 1737 1302 armis
1777 1251 2010 1305 sublatis
2048 1254 2291 1306 cireum-

733 1347 1019 1401 stetcraut,
1053 1339 1101 1390 vi
1158 1341 1294 1392 actis
1346 1339 1608 1395 adversus
1660 1354 1906 1419 sanctum
1940 1344 2089 1398 illum
2139 1347 2302 1400 editis

733 1427 1079 1481 subscribere
1131 1431 1479 1484 suntcoacti.
1518 1430 1652 1484 Cum
1712 1434 1912 1503 quibus
1935 1445 1990 1488 et
2029 1436 2299 1502 Domuus,

733 1515 958 1571 Joannis
993 1519 1044 1570 in
1084 1519 1328 1573 Ecclesia
1374 1520 1712 1576 Antiochena
1739 1541 2040 1590 successor,
2074 1527 2301 1581 adnota-

737 1610 884 1664 tione
940 1627 1035 1664 sua
1094 1627 1157 1666 ea
1199 1623 1313 1665 tum
1369 1614 1735 1669 confirmavit.
1762 1618 1830 1670 At
1857 1619 1997 1672 idem
2048 1623 2300 1682 potestati

736 1718 847 1756 suae
896 1702 1168 1767 redditus,
1225 1689 1368 1773 quod
1434 1706 1540 1760 illis
1615 1710 1889 1772 cessisset,
1964 1715 2299 1777 retractavit,

742 1793 997 1848 Dioscoro
1026 1803 1081 1848 et
1116 1797 1458 1866 principibus
1493 1813 1559 1851 ex
1587 1799 1708 1852 aula
1735 1802 2006 1870 imperiali
2051 1804 2181 1858 viris
2213 1821 2300 1858 re-

737 1888 960 1948 sistens.
1018 1897 1072 1941 et
1121 1896 1307 1942 contra
1345 1888 1584 1950 decreta.
1646 1902 1834 1961 utpote
1866 1910 1986 1962 qua:
2039 1896 2303 1951 adversus

737 1978 1137 2032 ecclesiasticas
1201 1980 1626 2036 constitutiones
1677 1983 1816 2036 facta
1865 1995 2067 2050 essent,
2097 1987 2302 2042 vocife-

738 2084 882 2132 rans,
912 2069 1287 2138 syuodumquc
1330 2071 1552 2139 impiam
1604 2075 1908 2141 appellans,
1952 2086 2006 2129 et
2054 2080 2301 2132 subscri-

738 2159 977 2227 ptionem
1008 2158 1243 2226 denique
1276 2175 1426 2211 suam
1457 2159 1609 2214 reddi
1643 2163 1744 2216 sibi
1773 2162 2047 2230 flagitans.
2086 2165 2296 2220 Verum

737 2250 977 2320 synodus
1022 2267 1086 2304 ea
1133 2251 1198 2304 de
1228 2267 1391 2304 causa
1449 2252 1577 2306 huic
1616 2269 1836 2321 quoque
1894 2258 2295 2312 sacerdotalem

736 2341 941 2395 ademit
981 2341 1339 2411 dignitatem:
1380 2342 1432 2395 in
1477 2359 1581 2410 qua
1621 2355 1673 2398 et
1711 2345 1831 2398 lbas
1861 2347 1950 2399 ille
1995 2348 2301 2402 Edesseno-

737 2449 856 2486 rnm
880 2433 1195 2504 episcopus,
1223 2445 1278 2488 et
1307 2437 1526 2505 sapiens
1541 2439 1904 2508 eruditusque
1937 2439 2304 2496 Theodoritus

742 2523 995 2578 Ecclesiae
1046 2524 1170 2595 Cyri
1200 2536 1406 2595 pastor,
1444 2541 1706 2597 prauerea
1757 2531 1947 2584 Daniel
1981 2529 2301 2598 Carrarum,

739 2615 867 2666 item
927 2613 1166 2668 lrenaaus
1220 2615 1370 2684 Tyri,
1427 2626 1483 2670 et
1546 2618 1839 2686 Aquilinus
1873 2619 2303 2690 Byblicpiseopi

741 2706 1081 2761 exauctorati
1113 2719 1262 2761 sunt.
1295 2708 1545 2762 Decrevit
1575 2710 1690 2763 haec
1722 2713 1963 2778 synodus
1990 2728 2207 2780 quoque
2236 2713 2303 2767 de

2402 613 2614 664 ἐκείνου
2645 611 2962 679 Διοσκόρου,
3015 608 3114 672 λὰξ
3157 607 3523 675 ἐναλλομένου
3574 602 3717 656 κατὰ
3756 601 3867 654 τῶν
3899 619 3980 651 κε-

2403 706 2618 758 νεώνων
2643 705 2720 775 τῷ
2760 704 2861 772 τῆς
2904 702 3165 772 ἀληθείας
3222 701 3527 768 ἀγωνιστῇ.
3559 698 3639 768 Τῇ
3661 697 3706 749 δ’
3737 695 3863 764 ἑξῆς
3895 693 3986 763 βία

2400 799 2510 852 τῶν
2564 796 2882 866 περικύκλῳ
2939 793 3295 865 στρατιωτῶν
3365 788 3865 858 ἐπαναλημμένων
3915 786 3986 837 τὰ

2402 891 2561 959 ξίφη,’
2587 893 2699 953 τ’λῖς
2747 889 2886 942 κατὰ
2934 886 3025 939 τοῦ
3054 887 3202 940 όσίου
3259 885 3656 955 ὑπομνήμασιν
3680 881 3729 932 oi.
3759 879 3988 930 ἐπίσκο-

2403 997 2494 1034 ποι
2526 981 2875 1050 ὑπογράφειν
2910 978 3421 1050 κατηναγκάζοντο.
3473 975 3610 1029 Μεθ’
3645 970 3718 1028 ὧν
3755 973 3851 1026 καὶ
3894 971 3987 1021 Δό-

2407 1086 2538 1139 μνος
2576 1073 2604 1123 ὁ
2662 1074 2762 1141 τῆς
2801 1071 3083 1140 Ἀντιόχου
3137 1070 3278 1138 μετὰ
3367 1067 3626 1135 Ἰωάννην
3691 1064 3989 1131 γενόμενος

2404 1161 2850 1229 καθυπέγραςρεν.
2928 1161 3019 1222 Εἰς
3071 1160 3262 1212 ἑαυτὸν
3309 1158 3367 1210 δὲ
3421 1157 3735 1226 γενόμενος,
3779 1155 3988 1206 ἀναπα-

2404 1252 2577 1304 λαίειν
2605 1253 2866 1320 ἐπειρᾶτο
2895 1251 2994 1320 τὴν
3027 1248 3230 1323 ἧτταν·
3299 1248 3582 1317 Διοσκόρω
3621 1263 3680 1296 τε
3730 1243 3824 1295 καὶ
3875 1244 3990 1302 τοῖς

2403 1345 2467 1395 ἐκ
2525 1342 2788 1412 βασιλέων
2833 1342 3123 1395 ἀνθίστατο
3181 1342 3451 1410 ἄρχουσι·
3492 1337 3730 1390 κατεϐόα
3782 1351 3840 1386 τε
3874 1332 3986 1384 τῶν

2405 1434 2763 1505 πραχθέντων
2787 1435 2859 1497 ὡς
2899 1435 3052 1504 παρὰ
3076 1435 3169 1487 τὸν
3195 1432 3654 1500 ἐκκλησιαστικὶν
3673 1430 3800 1498 ὅρον
3824 1442 3988 1494 γεγε-
4048 1460 4054 1467 -

2404 1528 2696 1596 νημὲνων·
2752 1529 2845 1580 καὶ
2891 1528 3066 1598 ἀσεόἧ
3118 1529 3216 1596 τὴν
3277 1526 3496 1579 σύνοδον
3550 1520 3982 1589 κατωνόμαζεν.

2405 1619 2501 1671 καὶ
2526 1618 2625 1688 τὴν
2649 1620 2857 1671 οἰκείαν
2881 1619 3058 1671 ὀπίσω
3103 1618 3356 1687 ἀνεζήτει
3388 1613 3734 1682 ὑπογραφὴν.
3775 1605 3916 1661 Ἀλλ’
3949 1609 3984 1675 ὴ

2408 1709 2627 1773 σύνοδος
2671 1711 2766 1761 καὶ
2800 1710 2993 1763 τοῦτον
3020 1711 3108 1762 διὰ
3141 1709 3314 1762 ταῦτα
3348 1705 3671 1767 καθελοῦσα,
3705 1703 3802 1770 τῆς
3829 1704 3986 1766 ἱερω-

2409 1802 2574 1869 σύνης
2598 1803 2824 1869 ἀφίστα.
2892 1802 3020 1855 Ἐπὶ
3057 1804 3120 1872 δὴ
3151 1801 3325 1870 ταύτῃ
3361 1803 3426 1870 τῇ
3461 1797 3664 1866 συνόδῳ
3693 1798 3788 1847 καὶ
3831 1791 3987 1851 Ἱόας

2338 1879 2375 1932 Β
2407 1895 2610 1953 ὲκείνο;
2641 1895 2739 1962 τῆς
2782 1895 3122 1964 Ἐδεσσηνῶν
3155 1894 3546 1962 προεδρεύσας,
3605 1887 3986 1956 ἀποκηρύττε-

2405 2001 2518 2038 ται.
2576 1986 2696 2037 Ἔτι
2748 1986 2805 2038 δὲ
2841 1985 3192 2055 καθαιρεῖται
3244 1984 3336 2036 καὶ
3391 1986 3418 2034 ὁ
3474 1981 3640 2041 πολὺς
3680 1981 3735 2030 ἐν
3799 1978 3893 2040 λόγ
3933 1992 3984 2034 ις

2406 2075 2569 2142 σοφὸς
2597 2076 2966 2144 Θεοδώρητος,
2985 2078 3085 2145 τὴν
3108 2074 3402 2142 Κυρεστῶν
3436 2071 3751 2140 ποιμαίνειν
3777 2068 3981 2134 λαχών·

2406 2166 2544 2234 πρὸς
2584 2167 2759 2235 τούτῳ
2791 2167 2846 2219 δὲ
2888 2169 2980 2229 καὶ
3016 2167 3216 2235 Δανιὴλ
3245 2166 3457 2234 Καρίας
3499 2165 3800 2222 ἐπίσκοπος
3823 2179 3835 2192 ·
3869 2162 3896 2211 ὅ
3923 2174 3986 2212 τε

2406 2257 2585 2326 Τύρου
2620 2258 2938 2327 Εἰρηναῖος·
2971 2261 3065 2313 καὶ
3103 2259 3238 2325 πρός
3266 2275 3329 2324 γε
3371 2256 3650 2319 ’Λκυλῖνος
3681 2257 3708 2307 ὁ
3747 2254 3984 2306 Βύϐλου.

2404 2349 2642 2418 Διῃτήθη
2689 2349 2743 2400 δὲ
2783 2349 2958 2421 ταύτῃ
3018 2350 3112 2402 καί
3175 2367 3296 2403 τινα
3351 2349 3664 2419 Σωφρονίου
3698 2348 3880 2417 χάριν,
3923 2346 3985 2408 ὃς

2406 2439 2506 2508 τὴν
2542 2440 3042 2494 Κωνσταντιναίων
3073 2443 3370 2494 ἐπεσκόπει
3405 2441 3480 2510 τῷ
3515 2441 3658 2502 τότε,
3709 2441 3806 2491 καὶ
3845 2436 3986 2492 ἄλλα

2404 2530 2526 2583 τινὰ
2557 2530 2592 2584 ἃ.
2626 2532 2739 2593 τοῖς
2785 2533 3195 2601 γεγραμμένοις
3246 2533 3584 2600 ἁνείληπται.
3649 2532 3758 2584 Καὶ
3790 2532 3851 2582 τὸ
3884 2529 3989 2598 μὲν

2404 2623 2462 2674 ὲν
2516 2622 2728 2692 Ἐφέσῳ
2753 2623 3047 2693 λῃστρικὸν
3088 2625 3366 2693 συνέδριον
3403 2623 3593 2677 τοῦτον
3630 2621 3853 2690 διελύθη
3891 2621 3990 2672 τὸν

2406 2715 2625 2782 τρόπον.

741 2801 1339 2874 Sophronioquazdam,
1376 2805 1468 2873 qui
1502 2815 1613 2858 tum
1639 2805 2186 2874 Constantinopolim,
2260 2809 2496 2864 visenda:
2546 2812 2666 2881 ejus
2728 2812 2919 2881 gratia,
2989 2822 3234 2880 venerat,
3268 2823 3324 2868 et
3351 2815 3455 2868 alia
3496 2817 3720 2885 insuper
3747 2828 3868 2882 qua
3927 2813 3986 2866 in

740 2901 878 2954 actis
935 2903 1315 2956 continentur.
1354 2901 1748 2956 Przedatorium
1779 2903 1981 2971 Ephesi
2003 2905 2298 2960 concilium
2337 2907 2404 2960 ad
2435 2907 2582 2962 hunc
2609 2909 2846 2963 solutum
2873 2919 2961 2964 est
2994 2910 3237 2966 modum.

1171 3013 1327 3083 551
1379 3013 1603 3069 CAPUT
1645 3015 1880 3071 XLVIII.

743 3107 1048 3181 Confutatio
1081 3122 1261 3159 eorum
1284 3107 1384 3181 qui
1413 3106 1843 3160 Christianorum
1873 3125 2028 3163 sacra
2075 3111 2306 3181 maligne

813 3179 1130 3250 exagitant:
1180 3186 1227 3228 et
1272 3177 1579 3231 Gra’carum
1613 3181 1990 3248 gentiliumque
2040 3177 2306 3250 nugarum

816 3249 1102 3300 traductio.

815 3366 893 3421 Ne
928 3381 1057 3421 vero
1107 3367 1184 3421 eis
1231 3367 1516 3437 quisquam
1565 3369 1661 3438 qui
1699 3369 1859 3424 aliter
1909 3371 2207 3439 Opinantur
2253 3382 2309 3424 et

749 3458 907 3513 idolis
930 3459 1133 3512 addicti
1161 3468 1308 3519 sunt,
1331 3475 1430 3514 nos
1452 3461 1648 3525 rideat,
1669 3462 1896 3531 perinde
1921 3464 2073 3531 quasi
2102 3479 2200 3530 per
2222 3479 2309 3517 res

749 3566 916 3605 novas
938 3566 1152 3621 semper
1182 3551 1384 3621 aliquid
1417 3553 1482 3606 ad
1520 3555 1678 3608 fidem
1707 3554 1927 3608 all'eratn
1943 3571 2025 3616 us,
2080 3566 2135 3609 et
2165 3557 2306 3625 apud

748 3659 847 3697 nos
895 3645 1225 3712 posteriores
1274 3645 1547 3713 prioribus
1604 3647 1892 3714 derogent.
1949 3648 2055 3703 Nos
2105 3649 2305 3700 ctenim

749 3734 1079 3788 ineffabilem
1105 3744 1266 3803 atque
1299 3735 1908 3804 incomprehensibilcm
1941 3737 2178 3805 Dcierga
2208 3753 2309 3792 nos

752 3823 1136 3894 benignitatem
1169 3835 1224 3877 et
1273 3826 1706 3879 misericordiam
1761 3829 2123 3896 inquirentes,
2161 3844 2307 3882 eam-

750 3930 854 3983 que
915 3929 1260 3983 summopere
1288 3915 1467 3969 eolere
1498 3926 1662 3985 atque
1710 3919 2058 3986 magnificare
2077 3928 2307 3974 conten-

754 4008 966 4069 dentes,
1014 4002 1080 4060 eo
1113 4005 1254 4074 quod
1287 4023 1397 4061 rem
1445 4023 1562 4061 eam
1599 4010 1818 4077 assequi
1846 4026 1953 4064 non
1991 4027 2303 4081 possumus,

753 4102 857 4154 huc
889 4109 1048 4167 atque
1079 4099 1204 4153 illuc
1240 4115 1340 4153 nos
1387 4102 1774 4155 convertimus.
1807 4103 1995 4157 Nullus
2048 4122 2178 4159 sane
2211 4123 2307 4160 eo-

751 4207 865 4244 rum
895 4191 984 4259 qui
1026 4192 1076 4242 in
1115 4191 1347 4245 haereses
1380 4193 1588 4261 delapsi
1626 4205 1775 4257 sunt,
1828 4195 1955 4247 illud
1983 4198 2039 4248 in
2078 4198 2309 4252 concilio

753 4285 1023 4354 prmcipue
1064 4284 1276 4347 habuit,
1316 4294 1375 4337 ut
1410 4285 1656 4337 divinum
1701 4285 1909 4339 Numen
1958 4288 2311 4356 blasphemus

2984 3025 3232 3079 ΚΕΦΑΔ.
3270 3027 3411 3082 MH'.

2423 3115 2757 3189 Ἀναλογία
2779 3115 2929 3189 πρὸς
2947 3116 3578 3189 τοὺς-διατωθάζοντας
3598 3120 3670 3174 τὰ
3690 3123 3949 3189 ἡμέτερα
3968 3138 3988 3155 ο

2544 3186 2642 3238 καί
2681 3186 3015 3254 κατάλογος
3044 3187 3165 3240 τῶν
3211 3188 3587 3256 Ἑλληνικῶν
3610 3186 3831 3246 Mlier.

2479 3364 2642 3416 Ἀλλὰ
2673 3366 2747 3434 μή
2776 3383 2860 3426 τις
2889 3368 3038 3436 ἡμᾶς
3064 3367 3174 3419 τῶν
3203 3366 3376 3430 ἄλλως
3403 3367 3757 3432 δοξαζόντων,
3787 3373 3881 3421 καὶ
3909 3375 3995 3423 al-

2407 3455 2593 3520 δώ).οις
2623 3461 3074 3527 προστετηκότων
3102 3459 3440 3527 ἐπιγελάσοι,
3469 3461 3544 3524 ὡς
3575 3463 3662 3514 ἀεὶ
3691 3466 3993 3533 καινότερα

2411 3550 2474 3616 τῇ
2525 3549 2707 3600 πίστει
2753 3552 3185 3620 ποριζομένους,
3235 3555 3332 3604 καὶ
3372 3553 3481 3604 τῶν
3533 3556 3812 3626 προτέρων
3859 3560 3992 3621 τοὺς

2411 3639 2694 3707 δευτέρους
2736 3639 3149 3709 καθαιροῦντας.
3195 3641 3392 3710 Ἢμεῖς
3437 3647 3537 3713 μὲν
3573 3650 3682 3716 γὰρ
3718 3649 3818 3719 τὴν
3857 3653 3992 3719 περὶ

2413 3734 2560 3800 ἡμᾶς
2603 3731 2895 3801 ἀδιήγητόν
2936 3750 2994 3784 τε
3041 3737 3135 3785 καὶ
3178 3735 3572 3804 ἀκατάληπτον
3613 3740 3748 3792 Θεσῦ
3795 3741 3993 3808 φιλαν-

2415 3825 2662 3895 θρωπίαν
2694 3827 3090 3892 ἀναδιφῶντες,
3123 3832 3216 3881 καὶ
3248 3831 3545 3899 ὑπερφυῶς
3578 3836 3862 3905 γεραίρειν
3890 3839 3992 3890 καὶ

2417 3915 2740 3984 μεγαλύνειν
2773 3917 3108 3987 βουλόμενοι,
3142 3921 3217 3990 τῷ
3245 3923 3682 3996 δυσκαταλήπτῳ
3714 3929 3809 3980 τοῦ
3846 3933 3995 3998 πρά-

2412 4027 2619 4079 γματος
2648 4013 2800 4066 ἐνθεν
2829 4015 3083 4067 κάκεῖθεν
3113 4019 3561 4088 περιτρεπόμεθα
3583 4041 3596 4054 ·
3626 4023 3808 4086 οὐδεὶς
3861 4028 3995 4094 μέν·

2411 4120 2492 4155 τοι
2526 4105 2632 4154 τῶν
2668 4105 2746 4166 είς
2784 4106 3028 4174 αἱρέσεις
3060 4107 3461 4178 ὀλισθησὰντων
3493 4113 3625 4164 αὖτό
3661 4115 3821 4166 τοῦτο
3861 4117 3996 4183 βλα-

2416 4200 2654 4266 σφημεῖν
2672 4199 2731 4250 τὸ
2745 4199 2897 4252 Θεῖον
2917 4201 3224 4275 ὴοέλησενῆ
3245 4205 3512 4273 ἀτιμάσαι
3533 4226 3776 4278 προηγου
3787 4213 3988 4279 μένως-

2418 4290 2552 4341 ἀλλὰ
2572 4292 2924 4361 λογισάμενο;
2951 4297 3197 4363 κρεῖττον
3214 4301 3464 4367 ἐφευρεῖν
3482 4302 3624 4371 ἢπερ
3646 4305 3692 4355 of
3712 4304 3788 4373 τῷ
3809 4308 3994 4376 χρόνῳ

753 4375 1044 4429 maledicto
1066 4385 1152 4429 aut
1175 4379 1499 4430 contumelia
1535 4379 1806 4432 alliceret:
1844 4380 1936 4432 sed
1964 4383 2305 4447 prmstantius

2371 4379 2825 4452 ιπροειὶηφότες,
2873 4387 2989 4452 εἴτε
3035 4389 3151 4440 τόδε
3201 4391 3578 4458 πρεσϐεύσειε.
3629 4396 3709 4449 Τά
3761 4375 3993 4469 γείνμὴν

751 4465 1046 4534 quidquam
1112 4481 1169 4518 se
1225 4466 1565 4534 prolaturum
1624 4483 1763 4530 esse,
1845 4485 2006 4535 quam
2073 4470 2310 4538 majores

750 4560 998 4622 fecerint,
1031 4560 1081 4613 si
1109 4559 1211 4613 hoc
1243 4560 1321 4613 vel
1364 4560 1494 4613 illud
1523 4560 1919 4629 promulgaret,
1953 4561 2304 4615 existimavit.

753 4650 998 4706 Universi
1047 4648 1298 4718 equidem
1350 4649 1624 4703 communi
1698 4651 1943 4702 omnium
1993 4652 2307 4716 concordia,

752 4758 871 4809 quae
931 4743 1005 4811 (l)
1041 4744 1316 4812 praacipua
1367 4742 1645 4811 religionis
1687 4753 1882 4798 nostra:
1915 4754 2062 4805 sunt,
2092 4754 2148 4798 et
2189 4761 2309 4814 qua:

752 4835 929 4887 cultus
981 4833 1150 4886 divini
1209 4849 1426 4887 causam
1465 4835 1771 4896 continent,
1819 4835 2024 4902 capita,
2083 4836 2309 4904 profite-

756 4943 895 4979 mur.
917 4925 1152 4980 Trinitas
1169 4926 1312 4979 enim
1333 4927 1384 4978 in
1419 4927 1621 4979 unitate
1644 4938 1855 4980 naturae
1879 4927 2074 4981 dirime
2097 4945 2125 4981 a
2148 4930 2309 4984 nobis

752 5018 1200 5086 depraedicatur:
1237 5025 1291 5072 et
1318 5029 1440 5073 ante
1467 5018 1755 5071 luciferum
1797 5021 2308 5088 supersubstantiali

749 5109 896 5163 Patri
953 5110 1164 5180 genitus
1198 5111 1342 5164 Deus
1370 5109 1630 5172 Verbum,
1657 5110 1799 5178 quod
1835 5110 2114 5165 nativitate
2144 5113 2311 5168 altera

754 5209 1070 5273 incorrupte
1123 5216 1345 5274 propter
1406 5206 1727 5258 immensam
1803 5220 1926 5273 erga
2002 5217 2308 5261 creaturam

752 5309 906 5346 suam
961 5293 1388 5348 misericordiam
1442 5306 1662 5346 carnem
1701 5294 2015 5361 assumpsit.
2068 5295 2221 5359 Quod
2262 5297 2304 5350 si

755 5395 1014 5451 praeterea
1041 5393 1263 5453 propter
1310 5384 1600 5438 obscuram
1653 5381 1905 5436 Numinis
1939 5385 2302 5453 cognitionem

749 5473 999 5526 homines
1053 5473 1179 5526 novi
1239 5473 1537 5542 quidquam
1558 5471 1817 5536 afferunt,
1861 5489 1970 5526 non
2002 5457 2226 5539 novum,
2254 5478 2302 5529 ίιΙ

706 5573 711 5577 ·
743 5572 845 5627 est,
882 5566 1026 5634 quod
1058 5567 1227 5631 Deus,
1256 5565 1582 5634 utequidem
1611 5575 1763 5632 puto,
1796 5574 2083 5634 prepterea
2128 5569 2305 5622 libero

745 5656 975 5712 arbitrio
1033 5660 1217 5714 locum
1263 5659 1496 5722 dederit,
1539 5665 1597 5711 ut
1620 5657 1862 5711 Ecclesia
1889 5660 2006 5725 eius
2038 5663 2304 5718 catholica

818 5837 891 5907 (l)
920 5837 1218 5892 Συνεκτικᾶ
1256 5838 1346 5892 καὶ
1378 5839 1561 5910 κύρια.
1589 5839 1782 5904 Evagr.
1808 5839 1902 5894 lib.
1934 5853 1973 5902 ι,
2008 5855 2126 5903 cap.
2164 5843 2218 5897 *2.

2414 4477 2569 4526 κοινὰ
2603 4478 2697 4529 καὶ
2729 4479 2916 4546 καίρια
2951 4481 3041 4555 καὶ.
3076 4484 3511 4552 συνεκτικώτερα
3543 4487 3642 4556 τῆς
3683 4489 3990 4559 θρησκείας

2413 4565 2618 4617 ἅπασιν
2656 4565 3042 4638 ὡμολόγηται⁶
3093 4571 3260 4640 Τριὰς
3303 4574 3411 4644 γὰρ
3451 4579 3508 4628 τδ
3555 4584 3989 4648 κηρυττόμενον.

2413 4659 2471 4708 ὲν
2501 4659 2688 4725 μονάδι
2722 4661 2937 4726 φύσεως
2967 4666 3368 4735 γνωριζόμενον
3395 4685 3408 4698 ⁸
3443 4676 3536 4721 καὶ
3564 4673 3591 4722 ό
3623 4675 3729 4740 πρὸ
3764 4681 3990 4745 ςςωπςό.

2415 4765 2509 4816 ρου
2559 4750 2836 4818 γεννηθεὶς
2886 4753 3017 4816 Θεὸς
3069 4757 3240 4822 Λόγος
3286 4759 3363 4828 τῷ
3417 4761 3726 4833 ὑπερουσίῳ
3779 4770 3987 4837 [Ιατρί.

2414 4842 2594 4909 σάρκα
2645 4843 3152 4913 προσειλημμένσς,
3204 4850 3434 4920 δευτέρᾳ
3483 4856 3730 4925 γεννήσει
3785 4861 3992 4930 ἀῤῥεύο

2416 4950 2552 4991 atto;
2587 4935 2759 5001 φειδοῖ
2787 4935 2881 4988 τοῦ
2917 4939 3255 5007 πλάσματος.
3289 4943 3348 4995 El
3377 4943 3425 4996 δ’
3448 4945 3540 4997 ἐπὶ
3571 4948 3786 5012 τούτοις
3824 4959 3992 5005 xum

2413 5041 2532 5075 τινα
2557 5025 2630 5095 τῷ
2664 5029 2790 5096 περὶ
2823 5027 2882 5080 τὸ
2911 5029 3066 5082 Θεῖον
3089 5032 3269 5103 ἀδήλῳ
3299 5038 3411 5098 τοῖς
3442 5039 3760 5107 ἀνθρώποις
3791 5062 3991 5098 νεωτε-

2418 5117 2649 5185 ρίζετοι,
2685 5119 2744 5170 τὸ
2769 5120 2955 5172 καινὸν
2986 5123 3174 5175 οὐδέν’
3201 5126 3337 5178 Θεοῦ
3373 5145 3462 5196 γε,
3491 5125 3665 5198 οἶμαι,
3695 5134 3773 5202 τῷ
3799 5137 3988 5201 αὐτεξ-

2414 5209 2584 5277 ουσίῳ
2619 5209 2802 5279 χώραν
2849 5213 3116 5281 διδόντος,
3153 5217 3222 5268 ἶν’
3256 5220 3506 5273 ἐντεῦθεν
3539 5223 3572 5291 ὴ
3610 5225 3781 5277 αὐτοῦ
3818 5229 3986 5281 καθο-

2414 5298 2537 5368 λικὴ
2555 5301 2870 5371 Ἐκκλησία,
2892 5307 3144 5360 κάκεῖθεν
3160 5311 3220 5362 τὸ
3241 5316 3320 5375 είς
3338 5313 3570 5386 διάφορα
3592 5326 3985 5391 μεταρῤέπειν,

2415 5393 2546 5458 πρὸς
2580 5395 2642 5443 τὸ
2671 5395 2787 5446 δέον
2821 5396 2914 5447 καὶ
2949 5399 3338 5473 εὐσεόἑστερον
3376 5407 3576 5473 μᾶλλον
3609 5412 3680 5463 τὰ
3713 5413 3986 5482 λεγόμενα

2414 5485 2826 5551 αἰχμαλωτίσαι,
2865 5491 2961 5541 καὶ
2991 5493 3132 5559 πρὸς
3165 5496 3293 5562 μίαν
3319 5497 3437 5550 ὁδὸν
3467 5499 3681 5554 εὐθεῖαν
3712 5508 3806 5556 καὶ
3851 5509 3984 5559 ἁπε-

2414 5576 2684 5645 ξεσμένην
2729 5579 2825 5648 τὴν
2876 5583 2970 5634 τοῦ
3024 5584 3258 5654 ἀληθοῦς
3314 5589 3515 5661 δηλαδὴ
3575 5593 3797 5664 εὕρεσιν
3847 5602 3984 5652 αὐτὶ

2416 5670 2732 5738 ποδη-,ησοι,
2766 5673 2851 5741 ἐφ’
2877 5667 2921 5741 ᾧ
2952 5677 3043 5730 καὶ
3078 5680 3224 5746 μάλα
3267 5682 3559 5752 σύμςιυνον
3595 5689 3774 5742 ἐκεῖνο
3809 5694 3870 5746 τὸ
3906 5697 3980 5764 τε)
