4250 6440
322 413 459 482 1233

1240 408 1839 479 ECCLESIAS’UC/E
1880 418 2263 479 HISTORle
2301 418 2445 479 LIB.
2492 418 2645 483 XIV.

3428 411 3559 475 123-1

318 528 637 578 otz'ﬂizioav
679 528 831 596 γνοίη
876 526 974 595 τὴν
1018 526 1317 599 θυγατέρα,
1362 530 1625 592 Βασιλεὺς
1669 530 1713 583 δ’
1740 530 1896 594 εὐθὺς
1924 532 1967 592 Α
2001 550 2033 603 g

2011 548 2157 603 gens,
2186 534 2241 587 in
2277 533 2516 589 medium
2552 531 2797 601 protulit.
2833 531 2923 585 Illa
2953 531 3167 586 consilii
3213 530 3399 593 dubia,
3432 544 3559 582 cum

318 618 550 682 πέμπων
586 617 644 681 ἐξ
681 617 944 687 Ἐϐδόμου
980 620 1080 690 τὴν
1114 622 1343 692 ἀδελφὴι
1388 624 1727 694 Ποῦλχερίλν
1764 626 1886 676 ἀνε-

317 706 536 759 καλεῖτο
556 747 571 769 ,
603 707 831 776 ἕϐδομον
861 709 978 773 ἔτος
1012 713 1128 763 ἐκεῖ
1156 712 1567 781 ὲκπερὰνασαν.
1606 716 1673 768 Ἦ
1704 714 1759 767 δὲ
1793 716 1889 767 σὺν

318 803 513 869 πομπῇ
553 802 717 873 πολλῇ
754 803 849 856 καὶ
884 804 1182 875 δορυφορίᾳ
1219 804 1430 877 μεγάλῃ
1469 804 1603 876 πρὸς
1636 804 1705 858 τὰ
1741 805 1893 875 βασί-

316 891 437 942 λεια
472 891 657 960 ἧγετο.
697 893 787 956 Ἐξ
823 894 991 961 αὐτῆς
1027 894 1083 946 δὲ
1119 897 1195 957 εἰς
1227 895 1460 962 Ἔφεσον
1495 895 1797 965 πέμψασα,
1833 896 1894 948 τὸ

318 982 621 1035 Φλαῦιανοῦ
645 985 789 1035 Θεῖον
821 985 979 1053 σῶμα
1010 987 1217 1039 ἐκεῖθεν
1249 987 1326 1050 εἰς
1362 988 1460 1055 τὴν
1487 987 1733 1057 βασιλίδα
1760 1004 1894 1056 μετ-

321 1076 563 1141 ήνεγκε·
618 1076 713 1127 καὶ
767 1074 855 1128 διὰ
904 1077 1073 1144 μέσου
1144 1078 1244 1143 τῆς
1295 1076 1502 1139 πόλεως
1551 1077 1897 1147 ἐκκομίσασα

325 1168 420 1217 σὺν
450 1166 589 1218 αἰδοί
620 1169 713 1219 καὶ
748 1166 1050 1239 δορυφορίᾳ,
1085 1172 1415 1239 περιφανεῖ,
1451 1170 1599 1223 ἔνδον
1631 1170 1738 1224 τῶν
1768 1170 1898 1224 ἁδύ·

324 1277 431 1310 των
459 1260 552 1311 τοῦ
582 1260 728 1329 ἱεροῦ
755 1260 864 1312 τῶν
897 1262 1150 1330 μαθητῶν
1177 1263 1268 1315 τοῦ
1296 1262 1534 1332 Χριστοῦ
1565 1262 1779 1331 σεμνῶς
1806 1266 1899 1317 καὶ

328 1352 573 1414 εὖλαὸέῗις
610 1354 990 1422 κατατίθησιν.
1021 1354 1255 1407 Ἔπειτα
1290 1357 1369 1417 εἰς
1410 1356 1597 1425 σχῆμα
1636 1356 1764 1408 ναοῦ
1802 1356 1900 1424 τὴν

328 1447 386 1495 ἐν
438 1448 552 1508 τοῖς
605 1447 1065 1515 χαλκοπρατείοις
1113 1448 1221 1500 τῶν
1260 1447 1527 1501 Ἰουδαίων
1577 1454 1902 1515 συναγωγὴν

336 1535 870 1602 ;.·ετασχηματίσασα
890 1574 905 1598 ,
935 1536 1029 1587 κει)⁵
1059 1535 1139 1598 εἰς
1169 1535 1365 1595 κάλλος
1396 1535 1511 1605 ἅμα
1543 1535 1641 1587 καὶ
1675 1534 1904 1604 μέγεθος

330 1624 764 1694 ἑκλαμπρύνασα
784 1668 799 1691 ,
833 1626 1111 1695 περιφανῆ
1144 1625 1289 1679 θεῖον
1319 1621 1466 1679 οἷκον
1497 1628 1564 1696 τῇ
1596 1625 1905 1697 Θεομήτορι

331 1719 627 1783 ἁνεγεέρει.
659 1718 827 1771 Ἐνοα
864 1719 929 1788 δὴ
960 1722 1053 1771 καὶ
1081 1719 1244 1790 ἔτερα
1274 1718 1585 1789 βραχύτερα
1621 1734 1908 1787 προσοικο-

330 1810 643 1876 δομήσασα,
692 1811 791 1872 τὴν
837 1811 1024 1880 τιμίαν
1070 1814 1169 1875 τῆς
1217 1810 1562 1880 Θεομήτορος
1611 1810 1708 1863 καὶ
1755 1811 1908 1879 ἱερὰν

334 1897 513 1967 ζώνην
558 1900 817 1954 κατέθετο
866 1904 925 1953 ὲν
970 1903 1106 1973 αὐτῇ
1155 1906 1222 1975 τῇ
1273 1902 1372 1972 τῆς
1421 1904 1580 1968 ἁγίας
1629 1904 1909 1973 τραπέζης
1942 1880 1981 1934 Β

338 1990 480 2058 σορῷ
506 2008 519 2020 ·
564 1994 659 2044 καὶ
699 1992 757 2057 ἐξ
800 1993 1011 2047 ἐκείνου
1053 1993 1188 2062 ἁγία
1231 1993 1388 2064 σορὸς
1428 1995 1455 2046 ό
1498 1995 1598 2060 τῆς
1643 1993 1908 2047 Θεοτόκου

333 2077 485 2144 nixo;
516 2078 670 2145 οὗτος
705 2084 995 2157 ἐπώνυμον
1027 2084 1395 2156 ἐκληρώσατο.
1430 2086 1539 2139 Καὶ
1571 2087 1639 2138 τὰ.
1676 2087 1775 2155 μὲν
1808 2080 1911 2141 ὧδε

335 2175 611 2238 ἐγένοντο.

1994 627 2047 679 in
2081 641 2335 695 magnum
2367 639 2512 681 esset
2545 626 2791 695 conjecta
2825 634 3052 689 metum,
3090 634 3149 678 ut
3175 624 3277 678 sibi
3306 622 3562 677 llierosoo

1992 717 2134 787 lyma
2161 727 2343 785 petere
2373 718 2590 779 liceret,
2626 716 2783 784 petiit
2818 732 2830 767 :
2862 714 2926 769 ad
2959 730 3122 784 quam
3152 713 3547 782 profectionem

1994 828 2053 866 se
2080 821 2208 866 voto
2236 821 2553 878 nuncupata
2590 809 2696 862 Deo
2729 810 3091 878 obligaverat,
3124 806 3166 859 si
3200 807 3252 859 in
3287 805 3565 858 matrimo-

1995 903 2147 957 nium
2175 902 2497 957 collocatam
2531 900 2695 954 tiliam
2730 901 2971 955 vidisset.
3031 900 3333 969 Imperator
3375 895 3566 950 confc-

1997 996 2125 1051 stim
2156 998 2211 1049 in
2239 995 2545 1065 Septimum
2585 993 2755 1057 misit,
2807 1002 2862 1046 et
2920 1007 3164 1047 sororem
3217 988 3563 1044 Pulclieriam

1998 1088 2294 1157 septimum
2314 1087 2426 1157 jam
2464 1086 2538 1140 ibi
2572 1101 2778 1140 annum
2810 1068 3374 1153 agenteinrevocavit
3409 1094 3569 1148 :qme

1936 1221 1943 1227 .
1999 1180 2409 1251 quamprimum
2435 1194 2559 1234 cum
2591 1189 2859 1248 apparatu
2893 1176 3269 1244 comitatuque
3308 1173 3483 1228 multo
3516 1172 3569 1225 iit

2002 1272 2339 1343 imperialem
2388 1271 2567 1325 aulam
2609 1269 2792 1324 rediit.
2852 1268 3132 1337 Ephesum
3189 1266 3357 1320 certis
3396 1263 3575 1317 homi-

2003 1369 2168 1423 nibus
2215 1366 2421 1431 missis,
2485 1380 2703 1419 sacrum
2763 1361 3005 1417 Flaviani
3072 1374 3273 1428 corpus
3327 1356 3456 1411 inde
3517 1356 3573 1411 it:

2006 1461 2194 1514 urbem
2224 1460 2584 1527 imperantem
2613 1455 2911 1518 transtulit,
2942 1463 3107 1522 atque
3138 1452 3189 1505 id
3213 1466 3309 1520 per
3340 1449 3578 1502 mediano

2005 1551 2285 1605 civitatem
2307 1564 2432 1604 cum
2462 1548 2815 1603 observantia
2848 1557 2904 1601 ct
2958 1560 3155 1614 pompa
3201 1542 3411 1598 celebri
3459 1540 3577 1594 illa-

2010 1651 2147 1706 tum,
2185 1642 2326 1696 intra
2373 1639 2534 1709 adyta
2558 1648 2874 1693 sanctorum
2914 1634 3317 1705 discipulorum
3365 1630 3574 1686 Christi

2010 1733 2199 1802 templi
2257 1730 2545 1801 splendide
2598 1738 2654 1784 et
2724 1728 2985 1799 religioso
3065 1724 3331 1795 reposuit.
3386 1720 3581 1776 Postea

2008 1822 2321 1879 Judzeorum
2351 1835 2652 1892 synagoga,
2677 1818 3106 1888 Chatcopratiis,
3139 1819 3193 1869 in
3242 1813 3430 1885 templi
3474 1816 3585 1867 for—

2013 1926 2157 1965 niam
2186 1909 2429 1974 redacta,
2458 1910 2991 1981 pulchritudineque
3018 1907 3183 1962 simul
3230 1915 3288 1960 et
3331 1903 3589 1973 amplitu-

2014 2002 2144 2056 dine
2176 2012 2462 2066 exornata,
2518 2000 2788 2070 insignem
2832 2000 2929 2054 Dei
2974 1996 3243 2053 Ceuitrici
3289 1995 3459 2049 autem
3502 2008 3588 2046 εσυ

2016 2108 2165 2147 crant
2193 2092 2525 2147 construxit.
2562 2091 2669 2148 Ubi
2703 2089 3010 2147 minoribus
3038 2088 3162 2143 aliis
3194 2086 3426 2157 adjectis
3457 2084 3588 2137 acdi-

2020 2183 2181 2248 iiciis,
2210 2184 2578 2239 venerandam
2618 2193 2675 2239 et
2726 2197 2940 2237 sacram
2970 2181 3068 2235 Dei
3114 2178 3303 2234 Matris
3353 2178 3408 2232 in
3466 2176 3586 2243 ipso

336 2270 630 2325 sanctioris
667 2286 871 2328 mensa:
905 2272 1088 2328 loculo
1120 2289 1316 2328 zonam
1361 2275 1653 2345 reposuit:
1689 2284 1746 2328 et
1807 2288 1873 2328 ex
1939 2288 2007 2330 eo
2045 2286 2291 2347 tempore
2349 2293 2413 2332 ea
2484 2278 2580 2332 Dei
2635 2276 2932 2332 Genitricis
2986 2274 3133 2330 aedes
3204 2271 3347 2329 sacri
3416 2269 3583 2325 loculi

337 2376 541 2417 nomen
591 2374 676 2419 est
739 2375 1057 2421 consecuta.
1112 2368 1292 2439 Atque
1362 2370 1477 2423 haec
1545 2369 1766 2438 quidem
1834 2369 1916 2424 sic
1950 2380 2094 2426 acta.

940 2499 1190 2553 ΚΕΦΑΔ.
1235 2500 1318 2553 N'.

350 2611 449 2677 Ὡς
479 2614 516 2679 ἡ
542 2612 798 2678 βασιλὶς
827 2612 1093 2667 Eudoxus
1149 2615 1236 2677 είς
1272 2613 1667 2679 Ἰεροσόλυμα
1710 2610 1877 2678 διέϐη
1900 2627 1915 2643 ο

416 2683 680 2749 καὶπερὶ
740 2683 857 2736 τῶν
904 2682 1104 2737 ἐκεῖσε
1151 2680 1638 2750 οἰκοδομημάτων
1699 2679 1916 2748 αὐτῆς.

414 2752 523 2805 Καὶ
558 2752 688 2820 περὶ
744 2752 983 2821 ἀγωγῆς
1016 2752 1113 2804 καὶ
1167 2754 1402 2819 διαίτης
1440 2751 1554 2821 τῶν
1581 2752 1652 2803 ἐν
1691 2753 1917 2821 Παλαι-

412 2823 597 2944 ἓςὲνῃ
614 2822 910 2943 ἵιιοναχῶν
935 2840 948 2854 ’
977 2824 1075 2875 καὶ
1101 2821 1181 2887 ὡς
1205 2823 1487 2875 ἐτελεύτα
1512 2820 1545 2887 ἠ
1571 2820 1919 2885 βασίλισσα

465 2910 498 2944 υ
539 2908 609 2944 οκ
634 2908 695 2944 α.

411 2893 695 2945 Εὺδοκία.

432 3007 497 3059 Ἥ
526 3007 582 3059 δὲ
613 3006 822 3075 βασιλὶς
856 3006 1085 3059 Εὐδοκὶα
1116 3006 1208 3057 ἐπὶ
1236 3005 1333 3074 τὴν
1362 3004 1527 3072 ἁγίαν
1558 2968 1651 3057 τοῦ
1685 3000 1924 3073 Χριστοῦ

349 3100 508 3152 πόλιν
548 3099 903 3167 ἐπειγομένη,
958 3097 1112 3166 μόλις
1157 3097 1391 3149 ἐνταῦθα
1435 3097 1665 3163 γίνεται.
1711 3094 1821 3149 Καὶ
1860 3093 1925 3163 δὴ

2634 2505 2857 2562 CAPUT
2908 2504 2969 2558 L.

2035 2620 2102 2675 Ut
2136 2622 2451 2689 imperatria:
2476 2621 2715 2676 Eudocia
2747 2621 3108 2691 Hierosolyma
3138 2619 3367 2690 petierit,
3408 2624 3459 2672 et
3480 2635 3596 2687 qua:

2099 2693 2169 2745 ibi
2214 2694 2567 2745 construxerit
2597 2693 2844 2760 (edi/icio.
2891 2692 2964 2744 De
2991 2693 3096 2745 vita
3128 2699 3177 2743 et
3203 2693 3601 2760 conversatione

2107 2761 2517 2815 Palmtinorum
2546 2758 2958 2827 monachorum;
2984 2771 3031 2815 et
3057 2768 3113 2814 ut
3144 2760 3456 2830 imperatria:
3490 2758 3600 2813 Ett-

2104 2832 2254 2886 docia
2281 2848 2308 2885 e
2339 2834 2447 2887 vita
2479 2833 2745 2903 ntigrarit.

2105 3011 2340 3066 Eudocia
2378 3025 2507 3065 vero
2530 3010 2778 3080 Augusta
2816 3007 3209 3079 profectionem
3249 3009 3304 3061 in
3348 3016 3595 3063 sanctam

2033 3102 2236 3159 Christi
2268 3103 2546 3157 civitatem
2584 3101 2881 3171 adurgens,
2927 3100 3146 3154 tandem
3180 3101 3289 3155 huc
3321 3102 3596 3169 pervenit.

350 3189 448 3242 τοῦ
490 3190 666 3241 ἐκεῖσε
708 3186 815 3241 λεὼ
854 3187 995 3239 κατὰ
1032 3187 1163 3241 Θέαν
1202 3187 1419 3258 ἐκείνης
1467 3187 1924 3258 συνερρυηκότος,
1954 3221 1999 3284 c

2037 3195 2246 3250 Etcum
2283 3193 2520 3263 p0pulns
2564 3192 2674 3247 illic
2707 3190 2775 3246 ad
2824 3192 3173 3260 spectandam
3214 3206 3333 3245 eaut
3362 3189 3605 3284 conﬂue-

353 3282 508 3345 τέλος
539 3281 675 3352 πρὸς
704 3280 832 3344 ἔπος
861 3279 957 3332 καὶ
984 3280 1127 3332 τοῦτ’
1152 3280 1535 3349 ἀπεφθέγξατο
1559 3296 1571 3309 ·

368 3505 678 3576 Ἰζμετέρης
712 3506 926 3577 γενεῆς
959 3524 1022 3561 τε
1056 3508 1155 3562 καὶ
1191 3510 1441 3577 αἵματος
1478 3511 1725 3578 εὔχομαι
1759 3504 1934 3572 εἶναι,

357 3642 456 3703 τὰς
507 3641 566 3706 ἐξ
603 3640 853 3703 Ἑλλάδος
892 3642 1144 3704 ἀποικίας
1189 3646 1253 3695 ἐκ
1297 3642 1526 3695 παλαιοῦ
1566 3645 1741 3694 ἐκεῖσε
1783 3658 1938 3708 γεγε-

359 3732 605 3800 νημένας
637 3732 1014 3802 αἰνισσομὲνη.
1044 3736 1141 3795 Ἂς
1178 3735 1230 3786 εἴ
1260 3752 1337 3802 τῳ
1377 3735 1628 3802 βούλησις
1666 3733 1934 3793 κατιδεῖν,

360 3824 643 3895 Στράϐωνι
683 3826 1060 3894 ἐντυγχανέτω
1096 3826 1175 3894 τῷ
1208 3827 1525 3895 γεωγρᾶφῳ
1552 3842 1566 3857 ⁸
1602 3828 1681 3877 ἔτι
1718 3828 1771 3877 δὲ
1806 3825 1937 3877 Φλέ-

365 3932 514 3981 Tth
546 3918 640 3970 καὶ
670 3918 921 3988 Διοδώρῳ
947 3917 1023 3986 τῷ
1051 3917 1353 3987 Σικελιώτῃ
1379 3934 1391 3947 ο
1421 3918 1556 3987 πρὸς
1584 3918 1640 3970 δὲ
1665 3916 1942 3987 Ἀρριανῷ

362 4026 421 4059 τε
466 4009 562 4061 καὶ
602 4009 920 4080 Πεισάνδρῳ
964 4010 1041 4077 τῷ
1088 4012 1289 4079 ποιητῇ
1318 4025 1331 4039 ·
1381 4010 1475 4062 καὶ
1521 4010 1655 4076 πρός
1700 4026 1761 4075 γε
1807 4011 1942 4061 Οὐλ-

367 4096 567 4166 πιανῷ,
603 4098 844 4167 Λιόανίῳ
896 4114 955 4151 τι
1002 4101 1094 4153 καὶ
1153 4099 1455 4167 ἰουλιανῷ,
1506 4102 1615 4159 tot;
1658 4100 1934 4167 ὲκκρίτοις

364 4191 479 4242 τῶν
515 4190 829 4258 σοφιστῶν·
890 4192 981 4244 ὅτε
1034 4191 1131 4244 καὶ
1178 4190 1277 4261 τὴν
1354 4190 1626 4260 Ἀντιόχου
1683 4191 1940 4257 διιοῦσαν,

379 4286 679 4354 Ἀντιοχεῖς
736 4283 906 4336 εικόνι
943 4286 1003 4336 ἐκ
1055 4282 1259 4352 χαλκοῦ
1300 4284 1540 4354 ὰρίστως
1600 4285 1942 4355 πεποιημένῃ

370 4375 599 4443 ἐτίμων,
631 4376 664 4445 ἡ
700 4376 796 4428 καὶ
828 4376 993 4446 μέχρι
1025 4378 1133 4430 τῶν
1166 4379 1462 4448 κατωτέρω
1494 4379 1704 4448 χρόνων
1730 4380 1948 4448 διήρκε-

373 4484 464 4519 σεν
489 4484 501 4495 ·
534 4467 593 4531 ἐξ
621 4464 686 4537 ἧς
714 4469 1014 4537 ἐρεθισθεὶς
1061 4471 1374 4534 Θεοδόσιος,
1437 4470 1700 4540 μεγίστην
1754 4474 1945 4541 μοῖραν

2037 3295 2139 3351 ret,
2173 3293 2454 3354 postremo
2484 3283 2549 3337 ad
2577 3283 2808 3338 verbum
2844 3284 2977 3337 illud
3015 3298 3279 3352 perquam
3310 3271 3451 3337 scite
3484 3298 3605 3337 car-

2039 3393 2163 3431 mcn
2197 3376 2363 3430 dictis
2392 3374 2514 3430 aliis
2536 3374 2771 3444 adjecit:

2112 3513 2178 3567 Et
2212 3512 2393 3578 stirpis
2419 3519 2605 3565 uestra:
2638 3526 2720 3563 me
2766 3511 2881 3564 dico
2919 3518 2968 3564 et
2998 3511 3271 3581 sanguinis
3303 3528 3433 3571 esse.

2037 3649 2384 3703 subobscure
2408 3661 2473 3701 eo
2494 3646 2801 3716 antiquitus
2822 3644 3068 3700 colonias
3093 3661 3157 3701 ex
3181 3644 3388 3700 Graecia
3415 3646 3609 3701 ductas

2041 3755 2161 3793 esse
2198 3738 2536 3808 significans.
2570 3738 2674 3791 Eas
2704 3737 2796 3807 qui
2833 3750 3167 3805 cognoscere
3193 3736 3331 3800 vult,
3383 3736 3609 3791 Strabo-

2044 3847 2165 3885 nent
2216 3829 2613 3899 geographum,
2658 3838 2710 3882 et
2773 3828 3128 3895 Pltlegontem
3155 3866 3169 3889 ,
3212 3836 3265 3881 et
3309 3827 3608 3882 Diodorum

2046 3922 2329 3986 SiCulum,
2395 3931 2509 3973 tutu
2570 3923 2737 3974 etiam
2806 3919 3098 3973 Arrianum
3162 3927 3216 3972 ct
3286 3918 3609 3973 Pisandrum

2045 4025 2285 4077 poetam,
2332 4010 2492 4081 555
2538 4018 2805 4079 prattcrea
2850 4008 3181 4079 Ulpianum,
3232 4008 3523 4062 Libaniuut
3557 4020 3613 4064 et

2040 4103 2323 4159 lulianum
2360 4101 2637 4169 sophistas
2681 4100 2932 4170 egregios
2979 4100 3141 4169 legat.
3196 4099 3316 4166 Quo
3370 4112 3646 4168 tempore

2045 4196 2213 4249 etiam
2244 4193 2591 4248 Antiochiam
2626 4207 2746 4246 eam
2782 4190 3107 4261 profectam,
3136 4191 3284 4247 cives
3323 4192 3394 4246 ibi
3431 4202 3612 4245 statua

2044 4301 2182 4340 aerea
2210 4284 2504 4340 faberrime
2534 4285 2672 4358 facta
2705 4284 3158 4348 cohonestarunt,
3179 4271 3306 4352 'qum
3329 4284 3395 4338 ad
3435 4293 3615 4352 paste-

2048 4378 2192 4432 riora
2213 4378 2377 4432 etiam
2410 4386 2652 4446 tempora
2682 4376 3019 4445 perduravit.
3038 4375 3153 4441 Qua
3185 4391 3241 4430 re
3267 4375 3617 4431 Theodosius

2050 4476 2366 4537 permotus,
2434 4467 2724 4521 maximam
2775 4466 3051 4520 mmnibus
3104 4474 3321 4534 partem
3377 4463 3616 4532 adjecit,

370 4558 451 4628 τῷ
495 4560 664 4628 τείχει
723 4562 1034 4631 προσῆπτε.
1092 4560 1374 4626 Διανοῖξας
1423 4561 1532 4631 γὰρ
1570 4562 1706 4632 πρὸς
1767 4557 1942 4631 εὖρος.
1974 4577 2025 4636 1)

2011 4582 2025 4632 ι
2055 4575 2229 4628 usque
2261 4559 2327 4613 ad
2375 4567 2585 4627 portam
2621 4571 2740 4626 qua
2774 4556 2829 4610 in
2869 4556 3151 4625 Daphnem
3183 4554 3288 4608 fert
3321 4554 3375 4608 in
3428 4554 3618 4607 latitu-

377 4652 540 4721 μέχρι
574 4651 671 4720 τῆς
703 4652 879 4716 πύλης
900 4653 995 4721 τῆς
1021 4653 1112 4704 ἐπὶ
1136 4654 1353 4721 Δάφνην
1403 4651 1646 4720 ἀγούσης
1702 4653 1951 4717 ἐφείλκυ-

378 4760 433 4794 σε
470 4759 485 4773 ο
521 4743 617 4793 καὶ
669 4742 905 4812 πάρεστι
958 4743 1018 4795 τὸ
1073 4744 1404 4812 προάστειον
1442 4747 1553 4807 τοῖς
1612 4745 1951 4815 βουλομένοις

374 4833 510 4904 όρᾷν
544 4850 558 4865 ο
595 4835 652 4895 ἐς
668 4832 828 4903 δεῦρο
860 4835 968 4903 γὰρ
995 4834 1055 4887 τὸ
1091 4835 1319 4888 παλαιὸν
1354 4835 1719 4904 ίχνηλατείται
1752 4839 1950 4907 τεῖχος,

374 4928 484 4979 τῶν
534 4926 805 4996 λειψάνων
867 4926 1235 4993 ξεναγούντων
1277 4928 1374 4991 τὰς
1424 4928 1614 4997 ὄψεις·
1658 4928 1839 4992 ἄλλοις
1898 4928 1954 4981 δὲ

376 5020 524 5070 δοκεῖ
552 5020 644 5070 τὸν
672 5020 926 5089 μέγιστον
948 5020 1226 5073 Θεοδόσιον
1260 5020 1320 5072 τὸ
1358 5023 1535 5091 τεῖχος
1567 5020 1812 5090 εὖρῦναι.
1844 5020 1955 5074 Καὶ

380 5115 492 5174 τοῖς
526 5112 769 5180 λουτροῖς
800 5110 1096 5173 Οὐάλεντος
1126 5112 1217 5164 ὲπί
1244 5130 1296 5164 τι
1322 5112 1431 5164 τῶν
1462 5111 1644 5181 μερῶν
1676 5111 1953 5181 λυμήναν·

381 5214 475 5260 τος
524 5197 617 5250 τοῦ
654 5198 850 5267 πυρὸς,
877 5199 1078 5268 χρυσὸν
1130 5206 1434 5271 παρασχεῖν
1473 5200 1617 5271 ὁλκῷ
1664 5200 1953 5252 διακοσίων

381 5290 583 5359 λιτρῶν
616 5289 1009 5360 βαρυνόμενον.
1042 5291 1151 5343 Καὶ
1180 5291 1260 5351 δὶς
1289 5291 1346 5343 δὲ
1375 5291 1533 5358 λόγος
1591 5289 1703 5360 ἔχει
1746 5290 1954 5360 ταύτην

382 5382 476 5433 ἐπὶ
506 5382 604 5450 τὴν
631 5380 989 5452 Ἰερουσαλὴμ
1021 5380 1319 5450 ἀφικέσθαι
1349 5398 1362 5412 ’
1397 5380 1523 5433 ἔνθα
1552 5382 1950 5451 γεγενημένην,

387 5472 615 5525 πλείστα
646 5473 782 5542 πρὸς
804 5475 973 5543 τιμὴν
1004 5473 1243 5545 Χριστοῦ
1274 5473 1679 5544 διαπράξασθαι
1711 5490 1725 5504 ο
1783 5473 1955 5527 πολλά

384 5583 440 5617 τε
462 5566 572 5616 τῶν
601 5566 814 5631 εὖαγῶν
848 5567 1228 5636 μοναστηρίων
1268 5567 1550 5635 ἀνήγειρε,
1583 5567 1675 5618 καὶ
1712 5566 1810 5628 τὰς
1861 5584 1955 5620 κα-

386 5656 653 5726 λουμένας
690 5657 895 5728 λαύρας
930 5660 1026 5712 καὶ
1061 5660 1456 5728 φροντιστήρια
1506 5658 1628 5711 Θεῖα
1666 5658 1953 5727 ὲδείματο”

386 5742 461 5799 ὧι
490 5747 745 5820 διάφορος
780 5749 879 5817 μὲν
927 5753 959 5820 ἡ
1011 5752 1203 5819 ἀγωγὴ
1258 5752 1350 5802 καὶ
1381 5752 1415 5819 ἡ
1460 5750 1658 5814 δίαιτα,
1689 5752 1721 5815 ἠ
1774 5751 1829 5802 δέ
1894 5767 1958 5818 γε

388 5839 633 5894 πολιτεία
669 5844 806 5909 πρλις
836 5843 928 5896 ἕνα
966 5845 1189 5914 Θεοφιλῆ
1240 5844 1439 5896 σκοπὸν
1474 5844 1721 5909 τελευτᾷ.
1762 5844 1821 5893 0i
1860 5844 1957 5910 μὲν

2050 4649 2236 4703 dinem
2273 4648 2354 4702 eis
2389 4647 2674 4716 promotis.
2701 4648 2945 4717 Eamque
2999 4644 3375 4699 suburbanam
3429 4643 3609 4713 regio-

2050 4756 2174 4795 nem
2207 4755 2436 4795 cernere
2462 4742 2699 4809 quisque
2732 4747 2932 4808 potest.
2985 4738 3118 4792 Nam
3169 4737 3237 4791 ad
3294 4736 3400 4791 hoc
3442 4752 3616 4805 usque

2054 4843 2268 4900 tempus
2296 4831 2522 4899 vestigia
2571 4830 2772 4884 veteris
2827 4829 2997 4893 muri,
3048 4828 3298 4897 reliquiis
3332 4829 3455 4898 ejus
3497 4842 3616 4882 sese

2051 4938 2176 4978 cum
2225 4923 2590 4976 admiratione
2645 4921 2823 4975 oculis
2864 4920 3260 4985 inferentibus,
3304 4920 3619 4989 deprehen-

2052 5019 2281 5071 duutur.
2319 5016 2454 5069 Aliis
2482 5024 2664 5069 autem
2704 5016 2935 5077 videtur,
2969 5030 2995 5065 a
3035 5014 3271 5067 maximo
3300 5012 3622 5067 Theodosio

2056 5108 2257 5162 mcenia
2303 5122 2424 5162 esse
2472 5107 2721 5161 dilatata.
2780 5107 2959 5175 Atque
3004 5111 3073 5159 ab
3093 5106 3284 5160 eodem
3314 5105 3368 5159 in
3417 5104 3618 5159 lavacri

2057 5200 2324 5267 Valentis,
2382 5201 2662 5270 aliquibus
2693 5215 2761 5254 ex
2808 5198 3058 5269 partibus
3112 5197 3372 5252 incendio
3415 5194 3617 5252 diruti.
3688 5250 3691 5253 Α

2062 5292 2440 5357 refectionem,
2485 5306 2683 5346 aurum
2722 5290 3087 5343 ducentorum
3137 5287 3318 5358 pondo
3356 5285 3621 5340 librarum

2058 5388 2246 5442 datum
2281 5400 2403 5441 esse
2429 5385 2655 5439 dicitur.
2682 5383 2845 5438 Fama
2875 5397 3007 5436 vero
3057 5392 3160 5443 cst,
3202 5379 3289 5435 bis
3327 5378 3622 5434 Eudociam

2060 5478 2434 5542 Hierosolyma
2470 5475 2805 5546 perrexisse,
2841 5475 2933 5528 ubi
2962 5473 3194 5544 plurima
3242 5471 3310 5525 ad
3348 5473 3622 5525 honorem

2059 5570 2263 5628 Christi
2315 5568 2549 5639 peregit.
2598 5568 2735 5622 Nam
2787 5579 2837 5622 et
2882 5569 3050 5621 multa
3079 5581 3232 5621 sacra
3292 5564 3623 5618 monasteria

2062 5663 2323 5718 excitavit
2357 5678 2370 5712 :
2414 5669 2471 5714 et
2507 5660 2689 5712 lauras
2717 5674 2835 5728 quae
2870 5666 3162 5721 vocantur,
3195 5667 3455 5726 angustas
3481 5655 3628 5707 scili-

2062 5765 2149 5809 cet
2177 5752 2575 5807 monachorum
2604 5750 2790 5815 cellas,
2822 5750 3152 5819 scholasque
3183 5750 3397 5803 divinas
3437 5746 3627 5801 condi-

2063 5843 2142 5895 dit
2182 5854 2457 5909 :quarum
2506 5838 2717 5892 varium
2775 5839 2997 5908 quidem
3047 5848 3130 5893 est
3179 5837 3513 5901 institutum,
3566 5846 3616 5889 ct
