4250 6440
337 395 474 451 1⁸23⁸1

1296 400 1889 462 ECCLESIASTICJﬁ
1934 404 2315 463 IIISTORIE
2357 404 2505 463 LIB.
2548 405 2695 463 XIV.

3422 368 3578 458 me

337 500 477 558 εἶναι
508 502 900 572 κληρώσαιντο,
952 507 1080 575 πρὶς
1127 509 1214 559 τὶιν
1268 514 1470 580 κόσμεν
1538 515 1904 583 ἐπανήκουσιν
1935 519 2015 576 At

1880 536 1904 565 ν
1935 519 1977 576 Α
2008 530 2114 583 que
2168 516 2255 575 id,
2291 516 2333 569 si
2377 516 2451 569 ita
2500 517 2665 568 vitam
2723 513 2985 567 ducentes
3033 512 3271 575 lateant,
3329 511 3557 569 faciunt.

332 587 517 653 αὖθις.
551 594 912 664 Παραφόρους
950 596 995 647 δ’
1026 600 1252 661 ἑαυτοὺς
1289 598 1427 655 εἶναι
1472 608 1708 675 σχῆμασὶ
1763 625 1901 661 τισιν

334 684 595 747 ἀτάκτοις
643 686 1128 757 ἐπαγγελλόμενοι,
1186 690 1329 744 οὕτω
1389 695 1486 764 τὴν
1540 698 1701 767 κενὴν
1742 698 1903 762 δόξαν

343 776 788 844 περιφρονοῦσιν.
858 781 953 832 Ὃν
1009 782 1319 837 τελευταῖον
1387 787 1622 855 χιτῶνα,
1679 790 1901 844 Πλάτων

334 870 500 936 φησιν
532 871 560 921 ὀ
593 870 905 940 φιλόσοφος,
958 876 989 942 ἠ
1056 873 1201 945 ψυχὴ
1243 880 1482 947 πέφυκεν
1526 881 1900 939 ἀποτίθεσθαι.

334 965 441 1015 Καί
495 981 558 1030 γε
632 967 1016 1035 φιλοσιφοῦσιν
1089 972 1381 1037 ἀπάθειαν,
1451 976 1677 1040 ἀπαθῶς
1742 979 1902 1046 δῆθεν

332 1055 625 1123 ἐσθίοντες,
662 1059 765 1112 κᾶν
801 1062 859 1112 ἐν
892 1063 1171 1134 καπηλείῳ
1217 1068 1248 1132 ἦ
1287 1070 1636 1140 μαστροπεέῳ
1668 1072 1714 1123 εί
1743 1071 1901 1123 τοῦτο

329 1145 513 1215 δεήσοι
541 1150 695 1218 δρᾷν,
721 1148 843 1203 οὔτε
881 1155 1169 1223 πρόσωπον
1194 1152 1339 1211 οὗτοι
1363 1160 1431 1212 δι’
1462 1162 1641 1225 αἰδοῦς
1683 1164 1901 1233 τιθέμε-

330 1255 431 1289 νοι.
478 1239 883 1306 Πῳσὸάλλουσι
914 1242 966 1296 δὲ
990 1245 1183 1315 ἀθρόον
1212 1249 1304 1302 καὶ
1335 1249 1636 1318 βαλανείοις
1684 1256 1901 1321 γυναιξὶ

332 1329 707 1397 συλλούμενοι,
745 1334 1003 1399 πολλάκις
1068 1339 1491 1409 εὑρισκομέναις
1520 1348 1613 1396 καί
1649 1346 1721 1407 ὡς
1752 1347 1902 1413 ἐχου-

331 1438 383 1473 σι
421 1424 657 1490 φύσεως,
692 1427 787 1478 καὶ
818 1429 914 1480 σὺν
974 1430 1211 1494 ἐκείναις
1268 1434 1602 1497 αὐλίζονται.
1650 1438 1803 1491 Οὕτω
1845 1440 1901 1492 δὲ

330 1516 439 1565 τῶν
462 1517 651 1569 παθῶν
685 1521 1077 1590 περιγίνονται,
1108 1526 1182 1588 ὡς
1214 1527 1308 1579 καὶ
1335 1527 1434 1596 τῆς
1469 1532 1708 1599 φυσικῆς
1734 1534 1901 1603 ύπερ-

331 1608 546 1660 κεῖσθαι
579 1611 882 1680 δυνάμεως,
914 1616 1008 1666 καὶ
1036 1621 1317 1685 τυραννεῖν
1348 1622 1517 1692 αὐτήν
1550 1640 1564 1655 ’
1606 1623 1718 1677 οὔτ’
1760 1626 1900 1695 ὄψει,

328 1699 455 1752 οὗτε
487 1702 621 1768 ἀφῇ,
646 1703 837 1770 πολλῷ
863 1720 927 1771 γε
984 1706 1089 1775 μὴν
1124 1709 1306 1773 αὐτοῖς
1337 1713 1605 1783 φιλήμασι
1639 1721 1903 1787 τεχνικοῖς

329 1794 421 1842 καὶ
455 1794 815 1859 περιπλοκαῖς
834 1797 951 1858 ταῖς
975 1797 1067 1848 τοῦ
1096 1798 1286 1865 θήλεος
1312 1803 1443 1871 πρὸς
1470 1805 1536 1857 τὰ
1562 1807 1659 1874 τῆς
1688 1812 1902 1874 φύσεως

330 1879 728 1947 ἀποκρίνεσθαι
764 1881 1033 1951 ἰδιώματα
1061 1902 1070 1912 ·
1102 1886 1219 1938 ἀλλ’
1270 1868 1469 1943 ὡσανεὶ
1529 1868 1641 1958 μετ’
1694 1868 1903 1963 ἀνδρῶν
1940 1868 1978 1917 Β

329 1973 725 2040 διατρίῦοντας,
758 1974 953 2038 ἀνδίας
998 1970 1159 2039 εἶναι,
1196 1981 1414 2047 γυναιξί
1444 1982 1489 2036 δ’
1537 1984 1690 2048 αὖθις
1732 2005 1900 2057 προσ-

328 2064 670 2127 οτιιλοῦντας,
726 2071 990 2132 γυναῖκας
1026 2085 1040 2100 ·
1078 2070 1291 2137 φύσεώς
1342 2090 1403 2126 τε
1446 2076 1712 2146 ἑκατέρας
1745 2082 1904 2148 μετέο

330 2172 543 2222 χοντας,
570 2156 744 2211 δοκεῖν
770 2153 916 2213 εἶναι
942 2162 1029 2213 ἐπὶ
1066 2164 1196 2231 μιᾶς
1228 2180 1244 2198 ·
1287 2167 1381 2219 καὶ
1412 2167 1561 2230 τέλος
1612 2172 1807 2237 είπεῖν,
1848 2172 1906 2224 ἑν

328 2245 405 2315 τῷ
442 2248 670 2317 τοιούτῳ
706 2251 977 2320 ὑπερφυεῖ
1011 2254 1110 2325 βίῳ
1139 2255 1236 2325 τὴν
1268 2258 1469 2327 ἀρετὴν
1508 2261 1904 2333 ἀντιπράττου-

328 2358 429 2391 σαν
472 2340 633 2407 φύσει
661 2344 973 2411 καταπῆξαι
1010 2347 1227 2414 νόμους,
1283 2348 1409 2402 ὥστ’
1456 2354 1513 2404 ἐν
1557 2353 1746 2421 μηδενὶ
1799 2354 1905 2407 τῶν

328 2430 646 2495 ἀναγκαίων
676 2434 888 2497 ἐφεῖναι
930 2435 1099 2503 αὐτὴν
1151 2439 1311 2507 κόρον
1373 2444 1542 2510 σχεῖν.
1595 2444 1792 2514 Πεινῇν
1848 2445 1904 2498 δέ.

330 2523 509 2574 πάντα
542 2524 637 2575 καὶ
667 2524 848 2593 διψῇν,
881 2529 973 2579 καὶ
1006 2529 1075 2580 δι’
1106 2532 1435 2599 ἐγκρατείας
1478 2535 1634 2603 ἥκειν
1688 2537 1905 2607 ἀπάσης

327 2618 355 2667 ὸ
388 2615 539 2682 σφῶν
566 2616 729 2683 νόμος
754 2620 1055 2682 νομοθετεῖ.
1105 2621 1228 2673 Ἐπὶ
1258 2623 1411 2675 τόσον
1438 2625 1493 2677 δὲ
1524 2629 1618 2678 καὶ
1646 2629 1708 2680 τὸ
1745 2630 1904 2698 σῶμα

330 2708 708 2774 περιστέλλειν
741 2710 937 2777 ὁρίζει,
962 2713 1083 2765 ὅσον
1102 2714 1200 2782 βίᾳ
1239 2718 1338 2784 τὴν
1360 2718 1603 2788 ἀνάγκην
1638 2723 1902 2792 συνέχειν.

332 2799 442 2850 Καὶ
475 2800 565 2851 ἐπὶ
593 2800 751 2853 τόσον
787 2804 971 2864 αὐτοῖς
991 2804 1396 2874 ὴκριὸωμένοις
1447 2809 1709 2880 σταθμοῖς
1756 2815 1905 2866 ἀντι-

330 2889 740 2956 ταλαντεύεται,
773 2891 846 2953 ὡς
878 2893 942 2945 ἐκ
996 2892 1289 2965 διαμέτρου
1335 2897 1627 2966 χωροῦσιν,
1680 2902 1904 2955 ἀνεπαί-

336 2982 533 3049 σθητον
567 2982 753 3069 αὐτοῖς
787 2982 888 3053 τὴν
925 2984 1099 3054 ῥοπὴν
1124 2986 1473 3042 καθεστάναι.
1507 2990 1611 3042 Καὶ
1642 2994 1796 3045 τόσον
1839 2992 1902 3063 δὴ

329 3073 593 3127 τάναντία
627 3076 825 3144 κρατεῖ
850 3075 980 3145 παρ’
1012 3077 1199 3139 αὐτοῖς
1227 3081 1322 3131 καὶ
1372 3080 1668 3151 ὑπερφυῶς
1704 3086 1922 3156 κέκρα-,

2009 607 2169 661 Aliud
2209 617 2471 676 praeterea
2529 607 2814 661 tnonastici
2867 604 3111 659 exercitii
3165 618 3358 672 genus,
3413 604 3559 672 quod

2007 712 2198 767 parum
2231 698 2403 752 abluit
2440 699 2571 768 quin
2607 696 2961 766 praeterirem,
2995 694 3458 749 commemorabo.
3502 692 3559 746 Id

2009 804 2121 858 pra:
2152 788 2273 842 aliis
2306 789 2506 843 merito
2550 790 2754 858 primas
2805 788 2948 841 ferre
2997 796 3277 850 censetur,
3320 795 3375 840 et
3420 784 3561 854 apud

2009 881 2374 949 paucissimos
2399 880 2692 949 reperitur.
2728 878 2867 933 Sunt
2897 893 3130 947 namque
3160 877 3431 939 nonnulli,
3467 875 3557 944 qui

2009 986 2133 1025 cum
2171 987 2267 1039 per
2298 971 2500 1025 multos
2533 972 2753 1025 virtutis
2800 969 3020 1023 labores
3068 984 3132 1022 eo
3172 968 3467 1027 evaserint,
3510 975 3567 1019 ut

2007 1064 2263 1128 ἀπαθεῖς,
2300 1063 2404 1117 hoc
2439 1070 2542 1128 est,
2583 1061 2907 1124 indolentes,
2947 1068 3002 1113 et
3032 1058 3415 1113 aﬂeetionibus
3440 1072 3565 1126 per-

2009 1157 2471 1225 pessionibusque
2522 1153 2779 1209 omnibus
2827 1152 2989 1206 liberi
3032 1152 3165 1215 sint,
3204 1150 3257 1203 in
3304 1148 3562 1203 mundum

2011 1256 2323 1300 recurrunt.
2378 1247 2442 1300 Et
2491 1245 2734 1314 genibus
2794 1244 3125 1312 quibusdam
3190 1243 3566 1312 incompositis

2008 1338 2295 1392 dementes
2323 1352 2382 1392 se
2410 1353 2529 1392 esse
2556 1337 2965 1401 assitnulantes,
2997 1337 3070 1391 ita
3107 1351 3299 1390 vanam
3326 1346 3567 1389 contem—

2010 1438 2144 1480 nuut
2196 1427 2446 1496 gloriam,
2498 1427 2661 1496 quam
2720 1436 3025 1480 extremam
3080 1426 3317 1478 tunicam
3383 1424 3566 1493 (juxta

2014 1517 2297 1573 Platonem
2327 1516 2934 1587 pbi1050phum)anima
2979 1515 3257 1585 deponere
3298 1515 3455 1568 solet.
3507 1514 3565 1568 In

2008 1610 2271 1679 ἀπαθείᾳ,
2309 1611 2411 1663 hoc
2433 1617 2536 1673 est,
2563 1608 2861 1663 indolentia
2895 1606 3375 1678 philosophantur,
3409 1603 3565 1677 ⁸57

2007 1702 2124 1759 sine
2176 1701 2467 1757 aﬂ'ectione
2507 1712 2672 1771 atque
2711 1701 2877 1755 animi
2922 1699 3310 1759 commotione,
3345 1697 3400 1752 in
3431 1710 3564 1751 cau-

2008 1811 2151 1866 pona
2182 1804 2297 1861 aut,
2324 1796 2369 1849 si
2392 1810 2529 1864 opus
2561 1796 2653 1859 sit,
2688 1796 2741 1847 in
2770 1793 3018 1863 lupanari
3046 1792 3228 1846 clbum
3264 1789 3563 1859 capientes.

2010 1896 2065 1941 et
2096 1902 2275 1956 neque
2305 1894 2657 1955 conspectum
2687 1884 3031 1954 cujusquam,
3056 1897 3233 1950 neque
3264 1881 3440 1935 locum
3474 1878 3569 1931 ali-

2009 1993 2172 2047 quem
2204 1985 2545 2031 reverentes.
2573 1974 2771 2030 Balnea
2804 1989 3021 2044 quoque
3077 1970 3483 2041 ingrediuntur.
3516 1981 3570 2021 et

2009 2083 2134 2121 cum
2166 2066 2510 2121 mulierculis
2538 2081 2680 2134 saepe
2706 2066 2894 2128 etiam,
2924 2074 2983 2117 ut
3017 2075 3210 2118 natura
3253 2063 3377 2126 fert,
3412 2060 3571 2118 nudis

2008 2157 2214 2220 lavant,
2248 2165 2301 2209 et
2334 2171 2461 2210 cum
2494 2155 2700 2209 eisdem
2746 2155 3017 2211 habitant.
3064 2152 3214 2208 Adeo
3261 2168 3390 2206 vero
3434 2150 3569 2204 aﬂ‘c-

2009 2248 2289 2304 ctionibus
2338 2246 2895 2317 perpessionibusque
2957 2246 3268 2314 superiores
3318 2253 3465 2309 sunt,
3513 2254 3571 2297 ut

2008 2348 2218 2393 natura:
2251 2340 2357 2391 vim
2389 2345 2673 2406 superent,
2708 2345 2763 2390 et
2792 2337 3139 2406 tyrannidem
3178 2334 3231 2388 in
3257 2349 3376 2389 eam
3417 2350 3571 2389 exer-

2008 2441 2165 2487 ceant
2195 2448 2209 2485 :
2238 2430 2475 2505 denique
2509 2439 2567 2482 ut
2605 2443 2781 2497 neque
2811 2438 3056 2497 aspectu,
3088 2441 3262 2495 neque
3293 2434 3567 2487 contactu,

2008 2536 2189 2589 neque
2223 2522 2364 2576 adeo
2405 2521 2473 2575 ab
2525 2532 2642 2574 arte
2676 2522 2863 2589 petitis
2890 2519 3115 2581 osculis,
3158 2529 3324 2588 atque
3374 2517 3571 2570 mulie-

2013 2614 2203 2667 bribus
2228 2612 2625 2681 complexibus,
2661 2612 2727 2665 ad
2759 2627 2878 2665 eam
2924 2627 3044 2679 qua:
3088 2610 3309 2680 propria
3360 2617 3572 2662 natum:

2007 2715 2091 2760 est
2116 2705 2617 2775 concupiscentiam
2648 2713 3119 2759 commoveantur.
3170 2703 3303 2757 Cum
3331 2701 3463 2754 viris
3492 2698 3569 2753 illi

2009 2806 2290 2851 versantes
2323 2796 2427 2850 viri
2468 2806 2617 2859 sunt,
2644 2811 2769 2849 cum
2803 2795 3126 2849 mulieribus
3178 2792 3454 2847 mulieres.
3509 2790 3573 2845 th

2008 2906 2129 2944 cum
2162 2890 2446 2959 utriusque
2468 2906 2628 2945 sexus
2653 2892 2757 2944 vim
2788 2889 3038 2943 obtinere
3064 2888 3372 2949 vidcantur,
3399 2904 3567 2941 unum

2005 2984 2277 3038 obtinent.
2311 2983 2486 3051 Atque
2529 2991 2585 3036 ut
2610 2982 2776 3039 semel
2804 2982 3000 3045 dicam,
3036 2981 3088 3034 in
3122 2980 3227 3034 hoe
3261 2981 3383 3033 vita:
3407 2994 3571 3049 gene-

2009 3090 2090 3137 re,
2130 3073 2277 3143 quod
2306 3084 2525 3143 captum
2572 3082 2779 3128 natura:
2824 3082 3067 3141 superat,
3130 3072 3306 3125 virtus
3358 3080 3569 3124 natura:

329 3181 440 3229 ται,
465 3164 568 3232 τῆς
595 3164 741 3227 θείας
770 3165 993 3236 χάριτος
1026 3170 1104 3230 είς
1139 3168 1196 3220 ἒν
1228 3174 1567 3243 συναγούσης
1584 3176 1650 3228 τὰ
1672 3177 1900 3245 ἄμικτα,
1931 3193 1973 3251 c

1891 3220 1900 3242 ,
1931 3193 1973 3251 c
2010 3169 2272 3222 adversas
2297 3166 2445 3235 leges
2489 3165 2626 3232 fixit,
2657 3175 2717 3219 ut
2747 3164 2801 3219 in
2835 3164 2981 3217 nulla
3008 3178 3193 3217 earum
3218 3177 3399 3215 rerum
3449 3176 3569 3232 quas

331 3257 429 3306 καὶ
469 3251 535 3308 αὖ
571 3256 735 3309 πάλιν
767 3258 940 3328 καιρῷ
1001 3262 1331 3330 προσήκοντι
1375 3265 1709 3336 διαιρούσης,
1763 3268 1901 3322 ὥστε

330 3343 390 3394 τὸ
420 3342 568 3406 ξένον
598 3344 675 3406 είς
710 3344 878 3415 ἀκοὴν
939 3344 1085 3416 ζωὴν
1139 3350 1196 3399 ἑν
1245 3351 1424 3421 ταυτῷ
1491 3355 1585 3406 καὶ
1638 3354 1903 3426 νέκρωσιν

333 3435 519 3497 αὐτοῖς
549 3439 844 3501 κατοικεῖν,
881 3439 1041 3505 φύσει
1071 3440 1439 3497 ἐναντιώτατα
1474 3447 1569 3503 καὶ
1624 3447 1765 3517 λόγῳ
1812 3452 1904 3503 καὶ⁵

334 3526 645 3593 πράγματι.
674 3527 849 3580 Ὅπου
896 3530 997 3597 μὲν
1020 3531 1127 3600 γάρ
1164 3549 1214 3584 τι
1246 3532 1353 3587 τῶν
1411 3537 1599 3590 παθῶν
1652 3540 1902 3611 ὑφέρπει,

334 3617 467 3680 ῖδοις
495 3617 561 3670 ἀν
595 3618 753 3688 σῶμα
804 3621 999 3689 νεκρὸν
1049 3623 1216 3691 μηδὲν
1261 3624 1403 3696 δρῶν
1455 3629 1553 3681 ὅσα
1602 3633 1693 3682 καὶ
1747 3634 1903 3703 τάφῳ

340 3710 594 3777 κείμενον
627 3727 638 3740 ο
675 3711 801 3762 ἑνοα
837 3715 881 3765 δ’
912 3714 1112 3782 ἀρετῆς
1152 3718 1384 3787 ἐργασίᾳ
1441 3720 1534 3773 καὶ
1591 3724 1723 3793 πρὸς
1774 3726 1904 3777 Θεὸν

336 3803 543 3871 ἱκετείᾳ
576 3802 765 3871 ῥώμην
788 3804 979 3874 καινὴν
1005 3807 1099 3857 καὶ
1136 3808 1295 3875 σῶμα
1337 3808 1501 3873 ξένιος
1532 3815 1779 3883 σφριγῶν
1806 3817 1904 3887 τὴν

334 3893 524 3961 ἀκμήν
555 3908 568 3921 ’
607 3895 711 3945 κᾶν
740 3896 835 3948 καὶ
866 3899 1174 3967 γεγηρακος
1215 3900 1300 3967 εἴη
1330 3903 1531 3974 σφόδρα
1564 3911 1653 3958 καὶ
1682 3907 1901 3978 ἔξωρον.

340 3982 518 4050 Καίγ’
549 3985 809 4054 ἑκάτερος
863 3987 975 4054 βίος
1006 3988 1178 4052 οὕτως
1234 3993 1461 4056 ἐκείνοις
1510 3999 1901 4067 συμπλέκεται,

334 4074 467 4127 ὥστ’
506 4076 702 4143 ἀμέλει
737 4079 825 4129 καὶ
847 4079 943 4147 τὴν
972 4081 1151 4149 σάρκα
1188 4085 1418 4153 πάμπαν
1452 4090 1822 4159 νεκρώσαντές
1843 4110 1901 4145 τε

336 4169 430 4220 καὶ
458 4166 810 4235 ἀποθέμενοι,
840 4167 1008 4232 ζῶσιν
1035 4172 1121 4223 άεί
1149 4189 1160 4201 ·
1194 4176 1289 4225 καὶ
1355 4177 1492 4244 μετὰ
1532 4181 1638 4232 τῶν
1688 4180 1903 4243 ζώντων

332 4256 532 4309 ὡσανεὶ
576 4259 944 4325 συνδιάγουσι,
974 4262 1041 4314 τά
1076 4264 1300 4315 ἐκείνων
1332 4270 1596 4331 παντοίως
1632 4271 1899 4339 θεραπεύ-

333 4366 488 4411 οντες
515 4350 889 4417 σώματα,καὶ
944 4352 1042 4415 τάς
1092 4355 1201 4407 τῶν
1254 4358 1522 4426 δεομένων
1575 4362 1723 4425 λιτὰς
1783 4364 1901 4433 Θεῷ

334 4441 721 4510 ἀναφέρουσιν,
756 4443 953 4511 ἐπίσης
996 4446 1060 4513 τῇ
1096 4446 1341 4517 προτέρᾳ
1374 4448 1521 4519 βιοτῇ
1585 4452 1895 4520 διαζῶντες,

2009 3258 2334 3314 necessariae
2367 3266 2516 3320 sunt,
2558 3256 2779 3311 satietas
2830 3254 2945 3325 ipsa
2992 3254 3170 3309 locum
3226 3254 3440 3308 habeat.
3490 3253 3569 3308 Ita

2009 3353 2084 3406 illi
2119 3367 2337 3419 semper
2386 3349 2639 3403 csuriunt
2684 3359 2739 3403 et
2772 3349 2988 3410 sitiunt,
3041 3345 3570 3416 temperantiamque

2007 3454 2062 3497 et
2093 3441 2497 3497 continentiam
2534 3441 2589 3495 in
2620 3440 2789 3494 rebus
2838 3439 3097 3494 omnibus
3144 3438 3383 3494 retinere
3421 3439 3570 3508 leges

2004 3550 2194 3590 eorum
2216 3535 2434 3605 jubent.
2458 3536 2608 3589 Adeo
2636 3535 2801 3589 etiam
2835 3532 2939 3587 illa:
2968 3547 3165 3601 corpus
3198 3532 3569 3602 constringere

2006 3627 2351 3695 prmeipiunt.
2396 3636 2453 3679 ut
2503 3625 2550 3678 vi
2600 3626 2764 3680 etiam
2811 3623 3112 3680 necessitas
3155 3624 3566 3692 comprimatur.

2006 3715 2136 3768 'l'am
2186 3731 2340 3783 aequa
2372 3715 2535 3769 etiam
2572 3730 2667 3783 per
2693 3713 3095 3767 exactissimam
3131 3713 3400 3767 rationem
3455 3722 3566 3765 sta-

2007 3812 2119 3859 tera
2149 3806 2258 3859 vita
2312 3806 2391 3859 eis
2439 3806 2696 3867 libratur,
2747 3813 2806 3859 ut
2854 3805 2981 3858 dum
3026 3803 3154 3858 lanx
3215 3813 3446 3873 utraque
3471 3819 3567 3873 per

2005 3896 2337 3949 diametrum
2366 3905 2418 3948 et
2449 3896 2648 3948 lineant
2678 3894 2911 3947 mediam
2954 3895 3098 3947 inter
3146 3908 3203 3947 se
3234 3894 3418 3958 distat,
3447 3894 3567 3948 nul.

2005 3990 2112 4043 lum
2146 3990 2413 4042 sentiatur
2447 3996 2803 4039 uinulentum.
2838 3986 2903 4039 Et
2954 3994 3242 4054 tantOpere
3289 4000 3378 4040 res
3422 3988 3566 4039 inter

2006 4098 2063 4137 sc
2096 4082 2385 4136 contraria:
2412 4082 2464 4133 in
2500 4080 2582 4134 eis
2617 4090 2671 4133 et
2703 4086 2921 4132 exstant
2947 4088 3002 4133 et
3034 4080 3354 4141 miscentur,
3383 4080 3565 4133 divina

2004 4171 2176 4237 gratia
2212 4184 2273 4220 ea
2327 4184 2448 4237 quin
2497 4168 2714 4221 misceri
2759 4176 3040 4237 nequeunt
3085 4170 3472 4239 conjungentc,
3504 4179 3565 4224 et

2006 4272 2253 4331 tempore
2289 4279 2504 4315 rursum
2536 4278 2636 4316 suo
2668 4261 3036 4331 disjungente,
3092 4272 3153 4315 ut
3181 4263 3325 4331 quod
3374 4264 3562 4315 auditu

2004 4356 2199 4408 mirum
2249 4364 2351 4413 est.
2397 4356 2450 4408 in
2501 4354 2691 4409 eodem
2744 4368 2975 4422 corpore
3021 4362 3076 4407 et
3126 4356 3236 4408 vita
3290 4354 3451 4409 simul
3513 4365 3562 4409 et

2006 4446 2351 4501 mortiﬁcatio
2386 4446 2610 4510 habitet,
2636 4461 2757 4515 qua:
2787 4456 3003 4510 natura,
3033 4449 3245 4498 ratione
3280 4454 3337 4500 et
3365 4461 3420 4500 re
3452 4446 3564 4514 ipsa

339 4532 474 4601 πλὴν
505 4533 613 4602 ὅσῳ
646 4535 720 4604 μὴ
750 4534 856 4615 τῶν
875 4536 1186 4603 ἀναγκαίων
1210 4538 1406 4602 ἐνδεεῖς
1440 4536 1579 4594 εἶναι
1622 4546 1714 4596 καὶ
1751 4545 1899 4616 τόπῳ
1933 4526 1972 4580 D
2004 4536 2017 4590 ί

1885 4564 1899 4598 ›
1933 4526 1972 4580 Ι)
2004 4536 2151 4592 inter
2184 4551 2242 4591 se
2285 4536 2518 4590 maxime
2559 4547 2688 4590 sunt
2725 4535 3042 4606 pugnantia.
3088 4534 3224 4590 Cum
3258 4536 3401 4590 enim
3433 4536 3563 4590 affe-

338 4623 779 4693 περιορίζεσοαι,
834 4627 968 4678 πᾶσι
1011 4627 1056 4679 δ’
1100 4629 1297 4697 ἀκαρεὶ
1345 4633 1604 4696 συνεῖναι,
1651 4636 1745 4687 καὶ
1805 4638 1901 4700 τὰς

338 4716 600 4768 ἁπάντων
639 4717 859 4769 ἀκούειν
912 4719 1119 4785 φωνὰς,
1184 4721 1277 4771 καὶ
1326 4724 1457 4774 πᾶσι
1511 4725 1897 4792 συγγίνεσθαν

339 4799 415 4858 ὧν
451 4808 645 4875 συχναὶ
676 4810 915 4874 γονάτων
948 4809 1154 4872 κλίσεις
1188 4813 1249 4862 τὸ
1281 4812 1461 4882 ἔργον,
1530 4815 1797 4885 σύμπονοί
1843 4837 1902 4871 τε

337 4896 755 4961 ἐπαναστάσεις,
782 4897 879 4965 τῆς
900 4898 1139 4965 ἐφέσεως
1163 4899 1331 4967 μόνης
1356 4902 1452 4970 τὴν
1480 4902 1695 4971 ἠλικίαν
1729 4904 1901 4957 ὑπαν-

337 4984 588 5053 εχούσης,
628 4987 723 5039 καὶ
770 4991 868 5056 τὴν
915 4988 1159 5042 ἑκούσιον
1191 4990 1477 5046 ἀσθένειαν
1513 4994 1903 5068 ἀναζωπυρού-

339 5092 439 5144 σης
469 5093 481 5104 ·
514 5077 747 5145 ἄσαρκοί
778 5095 923 5141 τινες
957 5079 1204 5150 ’ἀθληταὶ
1238 5082 1333 5135 καὶ
1364 5082 1654 5153 άναίμονες
1704 5087 1902 5141 παλαι-

344 5167 487 5219 σταί.
520 5162 612 5229 Οἷς
631 5168 828 5239 ἀρίστη
859 5170 1157 5223 πανδαισία
1191 5174 1285 5227 καὶ
1313 5177 1493 5248 τρυφὴ
1542 5179 1793 5246 νηστείας
1842 5178 1903 5233 τὸ

340 5261 649 5326 κράτιστον,
675 5261 769 5312 καὶ
800 5258 1085 5328 σφριγῶσα
1113 5262 1363 5332 τράπεζα
1388 5267 1448 5318 τὸ
1484 5269 1651 5337 μηδὲν
1687 5269 1902 5323 ἑλέσθαι

337 5350 411 5411 ὡς
442 5344 554 5401 οἶόν
586 5366 645 5401 τε
683 5351 1071 5417 ἀπογεύεσθαι.
1107 5355 1169 5407 Et
1203 5355 1259 5408 δέ
1293 5373 1395 5410 που
1434 5357 1581 5422 ξένος
1611 5359 1900 5431 ἑπιδημοίη

341 5435 445 5486 κᾶν
470 5435 528 5501 ἐξ
556 5436 800 5501 ἑωθινοῦ,
828 5435 970 5491 οὕτω
1004 5439 1339 5509 φιλοφρόνως
1356 5444 1650 5499 διάκεινται
1685 5442 1906 5517 φιλοτη-

341 5526 488 5585 σίαις
512 5529 726 5588 καιναῖς
756 5529 1112 5599 δεξιούμενοι,
1164 5532 1239 5595 ὠς
1266 5535 1482 5588 εἰκάσαι
1552 5539 1715 5607 μηδὲν
1775 5540 1902 5592 ἀλλο

338 5618 483 5682 σφᾶς
511 5616 598 5667 δια
632 5617 746 5684 βίου
784 5620 1101 5686 σπουδάσαι,
1140 5622 1170 5691 ἢ
1202 5624 1330 5676 αὐτὸ
1364 5624 1427 5696 δὴ
1456 5625 1613 5679 τοῦτο
1647 5631 1857 5701 τρυφᾷν
1883 5647 1898 5663 ·

341 5710 800 5777 παρηλλαγμένον
827 5708 967 5773 εἶδος
1007 5718 1268 5787 νηστείας
1298 5718 1643 5782 ἐπινοοῦντες
1679 5738 1693 5752 ο
1729 5722 1901 5783 ἀδεῶς

341 5802 499 5876 ὸηθεν
552 5803 755 5855 ἐσθίειν
811 5805 882 5873 μὴ
946 5806 1299 5887 βουλομένους
1334 5826 1346 5841 '

1407 5811 1477 5873 ὡς
1530 5812 1788 5875 ἔκπληξιν
1842 5816 1901 5868 τὸ

2004 4630 2115 4684 etio
2146 4628 2413 4697 quaepiam
2451 4642 2544 4680 seu
2575 4626 2856 4694 perpessio
2888 4626 3187 4695 subrepsit,
3219 4635 3333 4680 tum
3366 4641 3563 4695 corpus

2003 4721 2194 4774 videas
2225 4726 2499 4772 mortuum
2534 4727 2591 4772 et
2616 4716 2752 4770 nihil
2797 4731 2984 4784 agens,
3023 4717 3252 4787 perinde
3305 4727 3471 4786 atque
3506 4719 3561 4772 in

2003 4812 2260 4881 sepulcro
2312 4810 2614 4879 repositum
2666 4817 2833 4863 esset.
2881 4807 3016 4863 Cum
3053 4818 3237 4862 autem
3279 4810 3559 4878 egregium

2002 4902 2221 4956 virtutis
2251 4915 2389 4971 opus
2415 4902 2807 4969 peragendum,
2840 4908 2891 4953 et
2923 4913 3109 4967 preces
3138 4899 3205 4952 ad
3234 4899 3400 4953 Deum
3430 4900 3555 4953 fun-

2003 4990 2197 5045 denda:
2231 4998 2381 5056 sunt,
2412 5000 2523 5045 tum
2563 4991 2731 5045 robur
2756 5004 2957 5043 novum
2990 4998 3046 5043 et
3087 5005 3291 5059 corpus
3333 4991 3562 5047 miriﬁce

2002 5082 2247 5137 vividum
2271 5096 2483 5146 cernas,
2520 5083 2731 5136 etiamsi
2762 5082 2813 5135 id
2852 5082 3007 5137 senio
3028 5084 3138 5153 jam
3167 5082 3479 5139 confectum
3509 5093 3561 5139 et

2003 5172 2278 5226 exoletum
2306 5172 2599 5225 admodum
2636 5171 2729 5227 sit.
2782 5172 2958 5227 Vitam
3005 5182 3234 5243 utraque
3269 5174 3368 5241 illi,
3427 5190 3561 5245 prae-

2003 5272 2214 5317 sentem
2264 5263 2520 5318 videlicet
2569 5274 2623 5318 et
2671 5263 2947 5328 futuram,
3004 5265 3073 5319 ita
3138 5268 3471 5335 complicaut
3507 5278 3563 5322 et

2003 5357 2365 5426 coniungunt,
2402 5364 2462 5410 ut
2502 5371 2667 5411 carne
2698 5370 2927 5425 prorsus
2956 5357 3013 5411 in
3047 5359 3201 5413 obitu
3234 5358 3560 5414 mortiﬁcata

2004 5457 2168 5516 atque
2203 5446 2476 5517 deposita,
2518 5462 2741 5518 semper
2784 5449 2991 5515 vivant,
3052 5458 3107 5504 et
3153 5450 3559 5520 quodammodo

2004 5556 2127 5595 cum
2164 5541 2477 5595 viventibus
2509 5543 2674 5596 simul
2705 5553 3129 5609 conversentur,
3161 5558 3391 5614 corpora
3435 5544 3558 5598 illo-

2004 5648 2125 5686 rum
2156 5632 2306 5687 varie
2352 5642 2631 5700 curantes,
2683 5642 2737 5688 et
2782 5635 3206 5704 supplicantium
3255 5651 3447 5706 preces
3489 5635 3558 5690 ad

2006 5725 2173 5778 Deum
2211 5723 2512 5779 referentes
2546 5742 2558 5777 :
2595 5725 2783 5778 itidem
2812 5736 2871 5778 ut
2901 5743 2952 5779 ιη
2986 5730 3167 5796 priore
3204 5730 3308 5782 vita
3357 5728 3559 5796 ἀθεωτ-

2008 5826 2108 5877 tes.
2138 5829 2500 5875 Drmtcrouam
2534 5818 2678 5873 quml
2716 5819 2883 5872 rebus
2928 5820 3251 5874 necessariis
3280 5836 3384 5874 non
3413 5819 3525 5873 indi
