4250 6440
680 408 828 471 1ἳ39

1899 406 2313 468 NlCEPliORl
2361 410 2701 469 CALLlS’I‘l

3796 408 3928 472 1240

685 537 871 593 gcant,
905 532 957 574 et
986 522 1104 575 loco
1134 519 1281 572 nullo
1303 518 1854 572 circumscribantur.
1891 518 2161 574 Omnibus
2198 523 2248 574 in
2286 541 2306 594 Α

2320 582 2323 593 λ
2355 524 2727 591 πραττόμενον
2755 517 2916 584 εἶναι,
2954 523 3116 574 πόσον
3171 523 3222 584 ἐς
3262 522 3466 592 τροφὴν
3499 523 3747 593 αὐτάρκη
3811 529 3925 578 δεό-

687 621 964 668 momento
996 610 1219 675 adsunt,
1254 610 1497 663 omnium
1548 624 1707 663 voces
1746 609 1999 674 audiunt,
2027 620 2081 665 et
2126 626 2249 665 curn

685 702 938 760 omnibus
962 710 1277 759 versantur.
1309 699 1472 772 558
1506 699 1708 754 Horum
1732 716 1869 771 opus
1891 712 1974 758 est
2001 701 2255 772 frequen-

686 810 765 853 tes
784 812 1022 869 genuum
1057 795 1441 850 inclinationes
1470 806 1522 849 et
1556 809 1745 867 graves
1790 810 2010 849 rursum
2060 796 2252 850 statio-

688 906 804 954 nes,
849 886 1125 945 desiderio
1158 886 1276 943 solo
1307 902 1539 956 corpora
1577 903 1768 942 eorum
1822 886 2153 953 sustinente,
2196 898 2252 943 ct

687 981 1051 1037 voluntariam
1083 979 1520 1035 imbecillitatem
1558 988 1865 1034 recreante.
1896 978 1977 1034 illi
2031 978 2251 1036 athleta

685 1070 905 1141 quidam
941 1078 1072 1125 sunt
1105 1084 1271 1125 carne
1295 1079 1569 1133 carentes,
1599 1081 1647 1124 et
1685 1070 1987 1125 luctatores
2027 1070 2249 1142 sangui-

686 1160 772 1215 nis
802 1170 1083 1229 expertes.
1130 1159 1239 1213 illis
1287 1160 1538 1214 convivia
1594 1159 1879 1229 splendida
1931 1170 1986 1216 et
2042 1159 2252 1215 delicim

685 1267 910 1309 summa!
935 1261 1083 1317 sunt,
1120 1251 1398 1307 assiduum
1427 1253 1697 1325 jejunium
1744 1272 1755 1307 :
1802 1263 1857 1309 et
1896 1269 2085 1309 mensa
2130 1253 2250 1323 cpi-

687 1359 835 1409 para,
864 1351 922 1397 ut
964 1341 1147 1412 quoad
1182 1342 1301 1410 ejus
1328 1342 1443 1395 tieri
1484 1351 1685 1412 potest.
1747 1342 1883 1397 nihil
1920 1342 2029 1397 cibi
2082 1341 2251 1411 degu-

684 1443 847 1489 stent.
879 1432 1032 1501 Quod
1076 1432 1121 1488 si
1152 1434 1406 1489 alicunde
1444 1434 1646 1504 hospes
1675 1432 1954 1496 adveniat,
1981 1430 2251 1487 matutino

684 1524 851 1580 etiam
908 1532 1179 1595 tempore,
1234 1531 1345 1578 tam
1401 1523 1637 1594 benigne
1692 1533 1747 1578 et
1802 1532 2053 1578 amanter
2108 1536 2250 1577 novo

688 1612 1073 1684 hospitalitatis
1097 1627 1299 1686 genere
1339 1627 1465 1668 eum
1503 1612 1807 1682 excipiunt,
1840 1620 1901 1668 ut
1931 1612 2067 1667 nihil
2098 1611 2247 1667 aliud

685 1720 778 1762 eos
810 1720 905 1775 per
958 1704 1147 1769 vitam,
1183 1719 1345 1775 quam
1406 1704 1472 1758 ad
1534 1720 1660 1760 eum
1723 1704 1945 1759 modum
2002 1702 2247 1759 deliciari

685 1795 964 1850 studuisse
999 1804 1160 1866 putes
1194 1812 1207 1849 :
1242 1794 1390 1849 aliud
1419 1810 1545 1851 mox
1596 1810 1791 1851 rursus
1829 1794 2025 1867 jejunii
2075 1808 2249 1866 genus

2360 632 2534 682 μενοι.
2570 614 2764 685 κομιδῆ
2820 613 3131 686 βραχυτάτη
3182 614 3409 678 διαζῶσι
3458 617 3676 687 τροφῇ’
3740 617 3926 687 ἐχθροί

2358 706 2568 769 έαυτοίς
2598 705 2961 769 καθεστῶτες,
2992 706 3086 759 καὶ
3107 705 3216 760 τῶν
3274 705 3421 760 ίδίὼν
3463 705 3771 778 βουλήσεων
3831 710 3926 763 καὶ

2356 801 2452 869 τῆς
2486 799 2699 868 φύσεως
2729 799 2931 854 ῑκδοτοι
2958 802 3071 863 τοῖς
3105 798 3272 854 πάλαι
3329 798 3628 869 θελήμασιν
3661 816 3676 831 ·
3728 800 3803 865 ὡς
3860 800 3929 855 ἂν

2354 890 2443 945 διὰ
2467 891 2688 945 πάντων
2721 890 2906 954 αὐτοῖς
2932 890 2991 943 τὸ
3026 886 3153 961 ἦδον
3184 892 3282 962 τῆς
3335 890 3542 960 σαρκὸς
3596 890 3928 962 ἀποσφαιρι-

2357 982 2531 1052 σθείη,
2559 983 2652 1037 καὶ
2686 983 2832 1055 ψυχὴ
2866 982 3088 1057 διεξάγῃ
3115 982 3183 1037 τὰ
3232 969 3518 1044 κάλλιστα.
3549 984 3647 1038 ὅσα
3700 984 3764 1054 δὴ
3810 983 3931 1054 Θεῷ

2357 1075 2492 1147 πρὸς
2537 1077 2833 1146 ἀρέσκειαν
2879 1076 3151 1147 νουνεχῶς
3200 1076 3563 1147 ἐπιλεγομένη
3598 1077 3688 1130 καὶ
3728 1076 3929 1130 διασώ-

2355 1167 2544 1232 ζουσα.
2580 1169 2862 1240 Μακάριοι
2890 1168 3061 1233 οὕτως
3091 1170 3190 1239 τῆς
3225 1169 3273 1222 τ’
3300 1168 3554 1223 ἐνταυθοῖ
3586 1168 3795 1239 διαίτης
3835 1172 3929 1224 καί

2354 1261 2636 1325 πολιτείας
2670 1277 2684 1292 '
2726 1261 2907 1333 πολλῷ
2931 1262 2986 1317 at
3023 1264 3225 1334 μᾶλλον
3259 1261 3672 1334 μακαριώτεροι
3706 1264 3803 1331 τῆς
3844 1264 3931 1315 έν-

2353 1351 2543 1408 τεῦθεν
2574 1355 3044 1424 μεταναστάσεως,
3067 1356 3123 1419 ές
3152 1356 3217 1427 ἢν
3242 1354 3330 1409 διὰ
3358 1356 3558 1418 παντδς
3587 1355 3834 1427 χαίνουσι
3867 1354 3929 1409 τὶ

2320 1489 2325 1496 .
2353 1446 2686 1517 ποθούμενον
2717 1450 2847 1503 ίδεϊν
2895 1449 3261 1518 ἐπειγόμενοι.
3296 1448 3399 1503 Καὶ
3429 1450 3612 1503 τοίνυν
3643 1450 3675 1519 ἡ
3720 1448 3928 1519 βασιλὶς

2354 1538 2586 1594 Εὒδοκία
2640 1540 2855 1606 πολλοῖς
2885 1542 3151 1606 τοιούτοις
3207 1540 3597 1614 περιτυχοῦσα,
3645 1540 3817 1597 πολλά
3844 1559 3925 1604 τε,

2353 1631 2427 1697 ὡς
2460 1632 2699 1704 εἴρηται,
2733 1634 3015 1704 μοναστῶν
3048 1634 3443 1707 ἱνδιαιτήματά
3464 1652 3521 1690 τε
3547 1636 3637 1689 καὶ
3669 1635 3928 1704 καταγώ-

2352 1740 2447 1793 για
2500 1726 2843 1796 δειμαμένη,
2899 1726 2994 1782 καὶ
3026 1728 3091 1781 τὰ
3153 1727 3258 1780 τῶν
3330 1726 3722 1799 Ἰεροσολύμων
3776 1727 3927 1797 τείχη

2354 1816 2636 1887 εὐρύνασα
2703 1818 2798 1872 καὶ
2852 1818 3228 1884 ἀνανεώσασα,
3299 1820 3391 1873 καὶ
3446 1820 3578 1892 πρὸς
3617 1820 3677 1874 τὸ
3729 1821 3929 1892 εὐπρε-

684 1888 1079 1957 οκοοείιεηιεε.
1142 1887 1439 1957 οῑὺιιιηίιιιε
1512 1888 1785 1943 arbitram
1871 1902 1971 1943 8110
2052 1895 2617 1973 εερρτεΒπέστερον
2690 1906 3205 1980 διασκευασαμένη,
3276 1911 3367 1962 καὶ⁵
3440 1887 3501 1963 ab
3578 1887 3930 1964 lmexomiev

685 1980 953 2043 uolentes,
1003 1981 1140 2035 adeo
1194 1989 1254 2036 ut
1307 1994 1392 2060 res
1437 1994 1499 2035 ea
1552 1980 1807 2035 omnibus
1862 1980 1916 2034 in
1973 1989 2250 2050 stuporem

683 2073 898 2137 evadat,
940 2087 1062 2127 cum
1115 2072 1181 2128 ad
1230 2074 1436 2128 victum
1499 2072 1860 2128 sutilcientem
1909 2082 2121 2127 tantum
2174 2072 2254 2127 eis

685 2165 847 2227 desit.
885 2166 1162 2235 quomodo
1194 2176 1303 2221 tam
1334 2168 1533 2236 exiguo
1578 2166 1840 2222 alimento
1888 2166 2073 2220 vivere
2128 2180 2252 2233 pos-

684 2259 816 2313 sint.
878 2256 1115 2314 Inimici
1167 2259 1206 2314 ii
1270 2259 1375 2315 sibi
1430 2259 1563 2328 ipsis
1628 2266 1789 2322 sunt,
1843 2258 2253 2327 voluntatisque

683 2350 920 2420 proprias
946 2359 1000 2405 et
1030 2361 1241 2406 natura
1298 2350 1670 2404 destinatione
1714 2348 1880 2403 animi
1926 2348 2249 2419 jamdudum

682 2450 970 2512 concepta.
1005 2443 1334 2512 proditores,
1369 2442 1512 2500 utin
1538 2440 1701 2497 rebus
1732 2440 1993 2497 omnibus
2027 2441 2251 2495 delicias

682 2534 867 2587 carnis
896 2533 1059 2604 longe
1092 2548 1119 2585 a
1159 2548 1216 2588 se
1261 2533 1536 2603 rejiciant.
1577 2541 1633 2587 et
1674 2532 1854 2586 anima
1890 2534 1971 2587 eis
2011 2530 2063 2585 iu
2107 2540 2248 2585 statu

680 2640 782 2681 suo
855 2625 1227 2696 pulcherrime
1298 2625 1567 2680 consistat
1638 2642 1651 2679 :
1732 2638 2071 2693 quaecunque
2139 2623 2250 2678 Deo

684 2718 883 2787 placita
916 2728 1062 2782 sunt,
1097 2717 1397 2786 prudenter
1423 2716 1668 2787 deligens
1701 2725 1864 2785 atque
1893 2728 2247 2770 conservans.

687 2808 896 2866 Felices
926 2808 1002 2865 illi
1056 2824 1282 2879 prorsus
1334 2807 1668 2878 cjuscemodi
1717 2806 2134 2861 conversatione
2197 2814 2253 2860 et

686 2903 811 2957 vitae
847 2902 1142 2958 instituto:
1176 2903 1337 2971 longe
1372 2911 1552 2957 autem
1592 2899 1873 2955 feliciores
1906 2914 2000 2953 sua
2033 2914 2098 2954 ex
2150 2898 2252 2952 bac

680 2994 794 3049 vita
838 2994 1191 3065 migratione,
1220 2994 1285 3047 ad
1315 3007 1478 3062 quam
1523 2991 1598 3047 illi
1633 3006 1853 3058 semper
1884 2990 2153 3059 ast-iram,
2186 2991 2250 3043 ad

682 3096 928 3157 optatqu
986 3088 1140 3141 illum
1189 3085 1676 3154 desideratumque
1724 3083 2020 3138 vivendum
2078 3082 2250 3136 anhe-

681 3170 887 3236 lantes:
946 3179 1132 3249 Itaque
1183 3177 1425 3234 Eudocia
1478 3176 1723 3247 Augusta
1775 3190 1897 3230 cum
1962 3175 2149 3231 multis
2196 3174 2247 3228 id

682 3289 853 3343 genus
900 3274 1190 3329 monachis
1239 3273 1514 3329 collocuta
1559 3256 1664 3335 est.
1719 3279 1775 3325 et
1829 3270 1998 3325 multa
2046 3268 2247 3339 (sicuti

683 3366 889 3421 dictum
924 3366 1028 3437 est)
1065 3365 1460 3419 monachorum
1485 3363 1762 3418 domicilia
1794 3372 1850 3417 et
1884 3361 2250 3416 habitationes

683 3460 1013 3515 construxit.
1052 3458 1555 3528 Hierosolymorum
1590 3456 1755 3511 etiam
1804 3469 1993 3509 muros
2024 3454 2253 3523 protulit

684 3562 740 3608 et
790 3552 1101 3608 renovavit.
1164 3547 1542 3620 Episcopalem
1602 3557 1863 3617 praeterea
1902 3548 2123 3604 domum
2177 3545 2250 3599 ibi

684 3660 747 3700 οι
788 3623 1163 3699 fundamentis
1187 3642 1320 3712 ipsis
1351 3650 1589 3698 erectam
1622 3640 1992 3710 pulcherrime
2025 3653 2255 3693 exorna-

685 3738 785 3799 vit.
812 3735 1105 3804 eidemque
1130 3734 1278 3789 mille
1305 3734 1693 3787 numismatum
1720 3731 1955 3787 reditum
1978 3730 2250 3784 attribuit.

690 3829 743 3881 in
773 3824 1079 3881 Phordisiis
1113 3837 1413 3894 pauperum
1443 3821 1781 3877 domicilium
1810 3820 2123 3882 aedificavit.
2160 3820 2251 3876 ubi

687 3914 1075 3987 quadringenti
1129 3928 1288 3967 sacro
1335 3911 1527 3967 morbo
1566 3911 1882 3966 laborantes
1916 3910 2251 3964 habitarent.

690 4010 811 4065 Alia
842 4008 969 4063 item
1000 4021 1304 4076 pauperum
1339 4005 1616 4075 hospitum
1651 4013 1707 4059 et
1736 4003 2025 4059 viduarum
2072 4002 2256 4057 diver-

692 4101 842 4157 soria
874 4097 1148 4164 condidit,
1187 4097 1377 4164 eisque
1408 4095 1777 4151 substantiam
1811 4109 1967 4147 suam
2006 4094 2254 4149 donavit.

695 4194 981 4260 Ecclesiis,
1049 4189 1386 4247 nosocomiis
1460 4205 1554 4244 seu
1626 4204 1898 4259 mgrorum
1978 4187 2256 4254 domibus,

697 4285 1067 4343 sacrosanctis
1117 4283 1362 4348 edibus,
1424 4291 1481 4336 et
1532 4281 1849 4335 monasticis
1903 4280 2146 4348 virorum
2206 4292 2260 4336 et

698 4380 993 4435 mulierum
1025 4376 1341 4439 domiciliis,
1376 4373 1611 4429 vicesics
1654 4373 1802 4428 mille
1852 4373 2261 4444 quandringvn-

700 4485 782 4527 tas
810 4479 868 4525 et
901 4470 1178 4540 octoginta
1212 4481 1393 4522 aureae
1440 4476 1672 4520 monetae
1706 4464 1877 4519 libras
1932 4464 2208 4520 dedicavit
2242 4482 2256 4519 :

2355 1996 2418 2047 ὲκ
2486 1993 2699 2063 βάθρων
2758 1997 2937 2051 αὐτῶν
2986 2000 3221 2062 ἀνίστα.
3272 2002 3727 2074 ἁποχαρισαμένη
3802 2004 3928 2057 τού-

2354 2103 2429 2157 τῳ
2489 2090 2579 2140 καὶ
2658 2089 2922 2159 πρόσοδον
3008 2092 3361 2161 νομισμάτων
3440 2093 3649 2163 χιλίων.
3726 2094 3815 2147 Ἐν
3871 2094 3928 2148 δὲ

2351 2177 2653 2248 Φορδισίοις
2707 2182 2971 2250 πτωχεϊον
3026 2181 3245 2253 ἀνίστη.
3288 2184 3345 2237 ἐν
3394 2176 3438 2252 ᾧ
3484 2184 3927 2254 τετρακόσιοιτῇ

2355 2270 2473 2342 ῑερᾷ.
2500 2273 2639 2345 νόσῳ
2691 2273 3152 2345 προσειλημμένοι
3204 2275 3530 2347 ένδιαίτημα
3583 2272 3752 2347 εἶχον.
3819 2276 3931 2329 Καὶ

2351 2363 2485 2417 ἄλλα
2544 2364 2602 2419 δι
2664 2366 2906 2435 πτωχετα
2960 2364 3052 2418 καὶ
3120 2366 3355 2432 ξενῶνας
3429 2368 3522 2421 καὶ
3588 2370 3929 2438 γηροκομεῖα

2351 2457 2608 2529 ἀνήγειρε
2648 2474 2661 2488 ο
2724 2462 2817 2511 καὶ
2874 2459 2936 2511 τὸ
2997 2459 3187 2530 περιὸν
3240 2460 3374 2531 αὐτῇ
3433 2460 3532 2528 τῆς
3572 2460 3761 2524 ούσίας
3818 2463 3929 2523 τοῖς

2350 2553 2618 2616 τοιούτοις
2679 2552 3073 2625 ἀπεκλήρωσεν
3106 2570 3121 2587 ο
3176 2555 3515 2625 ἐκκλησίαις,
3559 2558 3932 2627 νοσοκομείοις

2353 2649 2445 2700 καὶ
2500 2650 2769 2717 σεμνείοις
2838 2651 3083 2721 εύαγέσι.
3141 2653 3235 2706 καὶ
3286 2652 3605 2722 διαιτήμασι
3678 2653 3932 2721 μοναχῶν

2352 2740 2563 2813 ἀνδρῶν
2586 2758 2643 2796 τε
2676 2744 2768 2795 καὶ
2808 2743 3106 2811 γυναικῶν,
3136 2745 3229 2798 δύο
3263 2743 3531 2815 μυριάδας
3555 2745 3648 2797 καὶ
3670 2746 3933 2813 τετρακό-

2353 2850 2441 2885 σια
2493 2833 2588 2886 καὶ
2647 2833 2980 2903 ὀγδοήκοντα
3053 2836 3279 2906 χρυσίου
3333 2834 3521 2904 λίτρας
3575 2838 3930 2905 νομισμάτων

2351 2925 2558 2988 τούτοις
2588 2926 2971 2998 ἀφιερώσασα,
3000 2928 3129 2981 άνευ
3162 2928 3268 2980 τῶν
3296 2926 3485 2982 ἄλλοτε
3539 2944 3924 2998 προσαφιερω·

2352 3016 2553 3071 οέντων
2591 3017 2748 3072 θείων
2799 3018 3099 3089 προσόδων,
3152 3019 3249 3073 καὶ
3305 3019 3414 3072 τῶν
3468 3019 3738 3089 διαφόρως
3789 3020 3927 3089 αὐτῇ

2351 3109 2656 3179 κειμηλίων
2687 3109 2849 3179 ιερῶν
2874 3110 3280 3179 γεγενημένων,
3323 3109 3510 3173 τόποις
3541 3110 3765 3178 εὐαγέσι
3792 3111 3927 3165 τισί.

2354 3199 2465 3255 Καί
2495 3216 2628 3252 ποτε
2662 3201 2725 3267 τῇ
2756 3198 2849 3251 τοῦ
2897 3199 3083 3269 Πάσχα
3115 3201 3299 3271 ἡμέρᾳ
3339 3200 3419 3263 εἰς
3455 3200 3553 3271 τὴν
3613 3201 3779 3268 ἁγίαν
3832 3202 3930 3256 τοῦ

2355 3286 2594 3358 Χριστοῦ
2635 3288 2929 3343 ἀνάστασιν
2994 3289 3328 3353 εἰσελθοῦσα,
3395 3293 3475 3353 εἰς
3524 3293 3677 3359 λόγον
3730 3294 3928 3361 φώτων

2353 3378 2604 3450 έδωρεῐτο
2633 3378 2812 3432 ελαίου
2840 3378 3028 3444 ξέστας
3064 3381 3288 3449 μυρίους
3312 3399 3325 3414 ·
3355 3383 3445 3435 καὶ
3475 3385 3587 3446 τοϊς
3610 3387 3791 3455 χοροῖς
3818 3384 3930 3438 τῶν

2357 3469 2711 3525 σπουδαστῶν
2748 3471 2845 3542 τῆς
2875 3472 3037 3542 ἁγίας
3068 3474 3308 3545 Χριστοῦ
3357 3478 3533 3548 λήμῶν
3581 3480 3930 3543 ἀναστάσεως

2356 3561 2617 3633 πρόσοδον
2675 3562 2948 3617 ἐνιαύσιον
2983 3565 3300 3636 νομίσματα
3343 3569 3693 3639 τετρακόσια.
3726 3572 3928 3625 Τελευ-

2354 3654 2505 3706 τατον
2530 3652 2585 3707 δι
2607 3653 2825 3708 πάντων
2853 3656 3077 3726 τέμενος
3104 3657 3247 3727 μέγα
3276 3658 3494 3730 ἀνίστη,
3528 3662 3683 3734 ἔξοχῇ
3718 3680 3777 3716 τε
3836 3668 3931 3717 καὶ

2356 3746 2543 3800 κάλλει
2572 3748 2829 3819 προῦχον,
2855 3746 2931 3819 τῷ
2960 3752 3163 3820 πρώτῳ
3192 3751 3249 3803 έν
3276 3751 3544 3815 διακόνοις
3565 3755 3657 3806 καὶ
3689 3757 3929 3822 μάρτυσι

2356 3839 2613 3910 Στεφάνῳ
2634 3838 2709 3910 τῷ
2742 3839 3039 3910 Θαυμαστῷ
3070 3841 3126 3907 ἐξ
3148 3842 3394 3912 ἐσχάτων
3411 3846 3691 3914 κρηπίδων
3722 3848 3930 3909 αὐτῶν,

2355 3932 2414 3987 ού
2433 3932 2572 3985 πάνυ
2606 3949 2656 3985 τι
2686 3930 2908 3995 διεστὼς
2967 3933 3384 4005 Ἱεροσολύμων,
3440 3936 3581 4007 πλὴν
3629 3939 3753 3991 ὅσον
3804 3956 3936 3995 στα-

2354 4024 2467 4079 δίου
2503 4025 2620 4089 ένός
2646 4039 2661 4055 ο
2691 4024 2819 4078 ινθα
2874 4024 3029 4093 λόγος
3066 4026 3167 4079 ὑπὸ
3203 4027 3311 4080 τῶν
3368 4029 3747 4099 Κυριοκτόνων
3802 4031 3935 4101 βλη-

2358 4115 2519 4169 οέντα
2558 4116 2747 4180 λίθοις.
2782 4118 2874 4171 τὸν
2924 4121 3295 4190 ἀμαράντινον
3338 4125 3673 4191 κομίσασθαι
3727 4129 3932 4196 στέφει-

2361 4222 2449 4259 νον
2482 4220 2494 4237 ·
2524 4206 2581 4258 έν
2608 4199 2651 4273 ᾧ
2700 4207 2796 4261 καὶ
2861 4208 2999 4278 αὑτὴ
3048 4210 3223 4281 τολλῷ
3271 4214 3616 4269 κατατίθεται
3681 4216 3931 4284 ὕστερον,

2364 4297 2498 4368 πρὸς
2536 4296 2634 4369 τὴν
2684 4297 2872 4368 ἀγήρω
2924 4303 3371 4372 μεταχωρεῖ-,σασα
3429 4304 3633 4376 βιοτὴν,
3688 4311 3935 4379 τετάρτῳ

2362 4391 2469 4442 ἔτει
2498 4390 2595 4458 τῆς
2642 4390 2732 4443 τοῦ
2789 4391 3027 4460 μεγάλου
3074 4393 3301 4455 Λέοντος
3351 4395 3651 4465 βασιλείας,
3693 4402 3934 4464 εὐσεϐῶς

2365 4484 2458 4535 καὶ
2505 4481 2813 4551 θεαρέστως
2874 4483 3140 4552 βιώσασα.
3220 4486 3501 4541 Ἐτελεύτα
3556 4490 3613 4543 δε
3670 4492 3763 4544 τὸν
3817 4493 3933 4563 βίον

700 4574 905 4634 ιιι-αξιοι·
933 4565 1071 4619 alios
1104 4576 1244 4631 quos
1285 4561 1389 4615 alio
1421 4558 1693 4615 convertit
1726 4573 1911 4613 sacros
1938 4568 2258 4628 proventus,
2297 4583 2306 4634 ι

2320 4588 2335 4630 i
2370 4574 2501 4628 ἒτῶν
2535 4575 2798 4639 ἑξήκοντα
2842 4576 2933 4629 καὶ
2964 4575 3103 4628 imi
3154 4580 3413 4650 γενομένη
3452 4595 3465 4610 °
3526 4583 3773 4638 είκοστδν
3817 4558 3937 4656 ’γάρ

698 4668 752 4716 et
790 4658 929 4713 varii
978 4656 1193 4729 generis
1231 4654 1479 4719 donaria,
1522 4669 1643 4724 quae
1691 4652 1895 4707 sanctis
1926 4651 2257 4721 quibusdam

2364 4668 2482 4730 ἔτος
2522 4666 2746 4736 ἄγουσα,
2795 4667 2873 4735 τῷ
2925 4667 3138 4737 βασιλεῖ
3187 4668 3452 4744 Θεοδοσίῳ
3510 4676 3793 4749 συνήφθη·
3836 4651 3939 4735 ⁷καὶ

698 4756 836 4811 locis
886 4750 1247 4809 consecravit.
1289 4748 1352 4804 Et
1386 4747 1681 4818 aliquando
1723 4747 1810 4801 die
1867 4746 2007 4803 testo
2040 4744 2261 4802 Paschze

2364 4758 2547 4812 διεϐίω
2573 4761 2680 4815 τοῖς
2706 4760 3051 4830 ἀνακτόροις,
3092 4762 3196 4815 ύπδ
3232 4766 3397 4835 μητρὶ
3430 4767 3523 4821 καὶ
3549 4744 3838 4843 Αὐγούᾷτη
3867 4777 3933 4844 τῇ

703 4846 964 4917 templum
989 4844 1055 4899 ad
1095 4852 1339 4899 sanctam
1371 4839 1574 4896 Christi
1608 4838 2088 4896 Resurrectionem
2122 4839 2261 4895 cele-

702 4938 962 4995 brandam
997 4938 1265 5007 ingressa.
1301 4935 1353 4987 iu
1381 4934 1731 4988 lucernarum
1761 4933 2028 4987 rationem
2078 4932 2263 4989 decies

702 5032 850 5089 suillo
882 5031 1151 5088 sextarios
1184 5027 1289 5082 olei
1324 5027 1530 5081 retulit.
1565 5024 1728 5097 559
1748 5026 1811 5081 Et
1840 5026 2025 5082 choris
2060 5040 2264 5082 memo-

704 5128 840 5183 riam
880 5139 1046 5181 sacrae
1070 5120 1278 5179 Christi
1322 5121 1767 5177 Rosurrectionis
1797 5120 2130 5182 colentibus.
2164 5136 2262 5175 an-

702 5235 872 5277 nuum
915 5224 1242 5284 proventum
1292 5213 1816 5284 quadringentorum
1870 5214 2306 5268 numismatum'

703 5313 1009 5370 constituit.
1045 5310 1329 5365 Postremo
1370 5307 1634 5378 templum
1672 5308 1868 5377 ingens
1906 5307 2265 5378 amplitudine

703 5421 760 5465 ut
790 5412 965 5462 forma
990 5402 1338 5474 praclarum.
1373 5416 1436 5457 es
1483 5400 1621 5471 ipsis
1653 5399 2049 5466 fundamentis,
2091 5402 2268 5457 admi-

706 5500 880 5557 rando
939 5499 1015 5553 illi
1073 5508 1129 5553 et
1190 5494 1370 5567 primo
1428 5492 1663 5550 diacono
1717 5494 1881 5548 simul
1933 5505 1987 5550 et
2037 5496 2267 5566 martyri

705 5590 983 5660 Stephano
1018 5587 1196 5644 stadio
1225 5602 1333 5641 uno
1370 5585 1439 5641 ab
1472 5583 1866 5657 Hierosolymis
1901 5586 2075 5641 erexit
2115 5601 2128 5638 :
2158 5599 2269 5654 quo

706 5684 828 5739 loco
879 5696 907 5735 a
952 5678 1375 5751 percussoribus
1413 5676 1627 5732 Domini
1676 5677 1821 5732 saxis
1872 5676 1961 5732 ille
2010 5678 2265 5741 obrutus,

708 5771 1219 5831 inmarcescibilem
1272 5785 1531 5826 coronant
1586 5778 1896 5838 reportasse
1944 5768 2171 5827 dicitur.
2210 5770 2266 5825 In

712 5882 822 5943 quo
852 5864 1053 5938 templo
1102 5866 1287 5937 aliquo
1337 5873 1456 5934 post
1500 5873 1744 5933 tempore
1778 5872 1832 5918 ct
1862 5862 1997 5934 ipsa,
2048 5879 2169 5920 cum
2204 5863 2266 5920 ad

2368 4850 2669 4921 ιῖουλχερία
2692 4852 2786 4921 ιτη
2834 4851 3201 4907 είκοσιεννέα·
3262 4856 3354 4910 καὶ
3402 4858 3541 4927 μόνη
3601 4860 3937 4933 Πουλχερίας

2367 4946 2492 4999 ἄνευ
2521 4946 2618 5014 τὴν
2670 4944 2951 5017 βασιλείαν
3013 4945 3247 5001 διίουνεν
3308 4953 3402 5007 επὶ
3445 4952 3539 5023 ἔτη
3600 4954 3787 5009 έπτά·
3846 4962 3937 5012 καὶ

2366 5037 2555 5092 ἕνδεκα
2589 5037 2681 5108 έτη
2715 5038 2773 5091 έν
2814 5036 3209 5108 Ἱεροσολύμοις
3241 5041 3525 5110 διήγαγεν.
3573 5045 3666 5100 Ἐκ
3723 5049 3933 5103 τούτων

2365 5131 2419 5183 δὶ
2444 5132 2687 5200 τέσσαρα
2713 5128 3016 5185 διεϐίϐασεν
3050 5130 3145 5200 [τη
3180 5130 3277 5202 τὴν
3314 5134 3369 5185 ἐν
3420 5135 3729 5209 Χαλκηδόνι
3766 5142 3938 5210 μηδι-

2371 5222 2489 5291 μῶς
2531 5220 2944 5292 παραδεχομένη
2973 5221 3191 5277 σύνοδον
3227 5226 3641 5297 οἰκουμενικὴν,
3668 5230 3742 5295 ὡς
3776 5240 3935 5303 προ-ί-

2366 5313 2517 5374 έντες
2547 5308 2888 5379 δηλώσομεν.
2926 5311 3079 5366 Μετὰ
3125 5312 3180 5366 δι
3207 5312 3267 5367 τδ
3296 5313 3394 5385 τὴν
3425 5316 3642 5373 σύνοδον
3696 5325 3933 5395 παραδέ·

2370 5401 2587 5468 ξασθαι.
2626 5402 2720 5456 καὶ
2776 5401 2909 5457 άλλα
2978 5403 3221 5475 τέσσαρα
3284 5407 3482 5463 επιϐίω
3536 5411 3629 5483 έτη
3669 5430 3683 5445 ·
3743 5416 3935 5471 [mg-:9,

2369 5492 2625 5548 ἐτελεύτα
2662 5509 2677 5524 ·
2712 5493 2843 5564 περὶ
2875 5486 2943 5565 ἧς
2969 5510 3104 5561 φασι
3134 5497 3229 5549 καὶ
3263 5497 3352 5550 τὸν
3385 5502 3676 5571 προφήτην
3714 5506 3933 5576 sim“.

2370 5603 2455 5639 ναι
2489 5584 2652 5639 Δαυῖδ
2677 5601 2691 5617 ’
2733 5584 3081 5653 Ἀγάθυνοη
3112 5588 3309 5657 Κύριε,
3342 5590 3412 5643 ἐν
3431 5590 3504 5661 τῇ
3533 5594 3777 5665 εὐδοκία
3820 5614 3934 5654 σοι·

2368 5678 2482 5748 τὴν
2509 5682 2662 5735 Σιών
2684 5697 2697 5711 ο
2718 5679 2815 5734 καὶ
2835 5680 3278 5753 οικοδομηθήτω
3308 5686 3380 5739 τὰ
3431 5688 3596 5756 τείχη
3644 5690 3933 5758 Ἰερουσα-

2369 5772 2516 5841 λήμ.
2559 5772 2719 5828 Ἀλλά
2751 5772 2818 5827 τὰ
2854 5775 2953 5844 μὲν
2990 5776 3129 5830 κατὰ
3158 5774 3257 5846 τὴν
3292 5776 3614 5848 βασίλισσαν
3676 5782 3933 5836 Εύδοκία.

2368 5864 2555 5922 τοῦτον
2582 5866 3148 5937 γενέσθαιξυνηνέγθη
3195 5870 3285 5924 τὸν
3322 5872 3541 5929 τοόπον.
