4250 6440
342 401 484 462 19H
1269 411 1860 472 ECCLESIASTICJ’.
1905 414 2285 472 lllS'l‘URUi
2322 416 2460 475 LIB.
2511 415 2661 477 XlV.
3465 420 3595 486 1252

350 515 714 568 immortalem
743 517 1060 585 cmigrassct
1087 527 1272 580 Vitam.
1302 522 1523 576 condita
1552 534 1656 584 est,
1707 535 1906 592 quarto
1950 529 2124 594 magni
2171 525 2372 579 Leonis
2431 526 2646 594 imperii
2684 541 2851 589 anno,
2919 543 3043 582 cum
3077 527 3164 580 hic
3201 529 3344 597 piam
3374 530 3593 601 Deoque

349 610 603 678 placitam
689 613 962 682 exegiSset
1022 616 1207 668 vitam.
1277 617 1539 672 Defuncto
1619 629 1798 674 autem
1867 631 1949 674 est
2025 624 2200 674 a-Iatis
2265 623 2603 693 sexagesimo
2659 623 2894 692 septimo
2955 639 3136 678 anno:
3206 639 3329 677 nam
3393 627 3588 697 viginti

347 717 526 758 annos
567 715 716 769 nata,
763 707 1077 778 Imperatori
1110 708 1421 766 Theodosio
1443 713 1732 781 conjuncta
1763 723 1865 770 est.
1923 712 1986 767 Et
2027 714 2078 766 in
2111 714 2231 768 aula
2271 715 2543 785 imperiali
2595 715 2697 770 sub
2750 726 2948 780 matre,
2984 715 3288 787 eademque
3349 719 3592 788 Angusta

347 797 657 866 Pulcheria,
693 803 886 873 viginti
921 820 1113 859 novem
1139 807 1422 879 transegit.
1470 807 1588 879 ipsa
1615 824 1744 864 vero
1775 809 1910 872 sola,
1951 811 2156 880 absque
2198 811 2512 876 Pulcheria,
2550 811 2845 883 imperium
2877 812 3038 868 annis
3087 821 3295 882 septem
3345 812 3590 868 admini-

346 893 564 947 stravit.
598 893 770 949 Porro
795 894 1190 970 Hierosolymis
1222 901 1476 956 undecim
1509 903 1792 973 transegit.
1828 903 1905 959 Εε
1946 920 2012 959 eo
2082 914 2325 976 tempore
2354 918 2593 977 quatuor
2660 907 2797 961 vixit
2829 921 3022 967 annos,
3078 907 3404 962 universalis
3431 907 3562 962 Chal

347 987 573 1042 i-edonis
598 988 789 1058 synodi
821 1000 939 1046 acta
992 1008 1101 1048 non
1149 994 1481 1063 approbans,
1532 996 1696 1053 sicuti
1731 1007 1916 1068 postea
1956 997 2225 1054 dicemus.
2295 999 2587 1072 Postquam
2652 1009 2834 1056 autem
2869 996 3062 1072 synodi
3093 999 3211 1070 ejus
3235 999 3455 1055 decreta
3481 1014 3593 1055 rata

347 1092 614 1151 grataque
641 1084 856 1152 habuit,
895 1087 1031 1143 alios
1065 1090 1230 1144 etiam
1279 1092 1539 1162 transegit
1585 1102 1859 1163 quatuor;
1901 1104 1956 1148 et
1999 1097 2216 1150 tandem
2266 1104 2482 1151 mortua
2514 1104 2619 1152 est.
2698 1096 2770 1152 De
2813 1111 2921 1166 qua
2967 1095 3289 1165 prophetam
3331 1095 3589 1151 Dav-idem

349 1171 479 1226 illud
512 1175 676 1231 etiam
719 1178 922 1235 dixisse
970 1181 1152 1238 ferunt
1188 1199 1200 1237 :
1247 1182 1384 1239 Bene
1434 1185 1537 1255 (ac,
1587 1183 1833 1249 Domine,
1882 1187 1936 1240 in
1980 1187 2114 1242 bona
2159 1188 2428 1244 voluntate
2463 1197 2552 1243 tua
2589 1187 2741 1254 Sion,
2778 1198 2828 1243 et
2887 1187 3216 1255 (adiﬁcantur
3255 1189 3407 1242 muri
3437 1187 3596 1244 hru-

344 1270 509 1324 salem
551 1272 588 1325 '.
624 1273 730 1330 nes
773 1275 1026 1334 Eudoeiaa
1059 1279 1425 1350 imperatricis
1457 1281 1523 1338 ad
1556 1281 1704 1339 hunc
1743 1298 1800 1339 se
1827 1282 2070 1340 habuere
2104 1285 2351 1342 modum.

924 1416 1174 1473 ΚΕΦΑΛ.
1230 1417 1360 1475 Νεν.

1955 1425 2001 1480 Α

2640 1421 2866 1479 CAPUT
2913 1420 3014 1476 LL.

351 1527 485 1596 Περί
516 1527 622 1584 τοῦ
649 1527 820 1606 ἁγίου
853 1529 1117 1606 Συμρὼν.
1142 1531 1221 1606 Δὃς·
1262 1531 1490 1606 πρῶτος
1539 1532 1650 1602 τὴν
1681 1532 1780 1589 ἐπί
1811 1532 1919 1605 τοῦ
2023 1577 2029 1587 .

1916 1552 1919 1570 ⁸
2023 1531 2100 1589 De
2128 1513 2315 1589 saneto
2344 1532 2622 1606 Symaone,
2659 1537 2748 1606 qui
2791 1537 2995 1604 primus
3036 1537 3197 1591 vitam
3238 1543 3285 1592 et
3314 1543 3594 1596 stationem

748 1600 950 1666 κίονος
971 1601 1266 1668 ἐπενόησε
1292 1601 1536 1660 στάσιν.

423 1713 578 1768 Κατὰ
632 1713 689 1767 δι
760 1713 950 1770 τοῦτον
999 1716 1088 1770 τὸν
1147 1720 1339 1787 χρόνον
1397 1719 1491 1773 καὶ
1555 1718 1848 1792 Συμεώνης
1894 1719 1922 1773 δ

353 1807 518 1867 πάνυ,
551 1807 578 1858 ὁ
615 1808 710 1875 τῆς
763 1806 916 1870 ὁσίας
958 1809 1050 1860 καὶ
1107 1809 1352 1878 ἀοιδίμου
1413 1811 1654 1882 μνήμης,
1709 1811 1922 1881 πρῶτος

352 1898 451 1966 τὴν
482 1899 577 1951 ἰπὶ
614 1898 790 1960 κίονος
851 1900 1042 1954 στάσιν
1109 1901 1424 1970 ἐπινοήσας,
1479 1903 1691 1973 ἤκμαζε
1719 1921 1774 1957 τε
1829 1903 1921 1959 καὶ

352 1989 700 2059 ἑγνωρίζετο,
736 1990 874 2060 ἔχων
905 1993 963 2046 τὸ
1002 1993 1208 2047 άνωοεν
1239 1992 1332 2047 τοῦ
1365 1994 1538 2057 κίονος
1576 1996 1918 2066 ινδιαίτημα.

351 2085 554 2154 δίπηχυ
583 2084 642 2138 τὸ
681 2084 801 2138 ὅλον
865 2084 1195 2154 περίμετρον
1229 2086 1509 2156 ’,ὁπηνίκα
1567 2086 1768 2153 Δόμνος
1825 2089 1924 2147 τὰς

357 2178 507 2245 ἱεράς
540 2179 696 2246 ἡνίας
758 2176 855 2246 τῆς
924 2176 1199 2246 Ἀντιόχου
1256 2173 1629 2247 διεχειρίζετο.
1679 2181 1775 2240 Ὃς
1831 2178 1925 2231 καὶ

356 2268 544 2338 ἐπειδὴ
577 2267 814 2329 άκούσας
844 2268 903 2321 τὸ
962 2267 1123 2339 ἔργον
1165 2265 1295 2338 παρ’
1324 2268 1486 2322 αὑτὸν
1533 2269 1792 2335 ἐγεγόνει.
1834 2269 1925 2322 ικ-

355 2359 597 2430 πληκτος
627 2359 747 2418 ὅλος
773 2354 860 2429 ἦν,
892 2361 985 2412 καὶ
1029 2359 1475 2430 μυστικωτέρως·
1501 2361 1682 2428 ιφίετο
1736 2360 1925 2413 συνελ-

355 2453 490 2508 ὑεῖι.
533 2451 682 2505 Ἐπεὶ
702 2451 746 2504 δ’
787 2448 880 2504 οὖν
902 2451 1072 2523 ἄμφω
1103 2452 1387 2521 συνῆλθον,
1415 2451 1514 2521 τὴν
1537 2451 1801 2523 ἄχραντον
1833 2449 1926 2505 καὶ

355 2545 696 2612 ἀναίμακτον
751 2527 942 2598 θυτίαν
971 2543 1310 2607 τελέσαντες.
1344 2545 1440 2613 τῆς
1496 2543 1759 2608 ζωοποιοῦ
1814 2561 1925 2598 κοι-

356 2634 552 2699 νωνίας
573 2635 820 2703 ἀλλήλοις
850 2634 1162 2703 μετέδοσαν.
1191 2635 1297 2688 Καὶ
1319 2635 1499 2689 τοίνυν
1531 2637 1556 2688 ὁ
1579 2636 1751 2705 μέγας
1774 2629 1927 2698 οὗτος

359 2726 498 2794 μετὰ
527 2726 619 2779 τοῦ
648 2727 801 2779 κάτω
827 2724 1106 2796 βρίθοντος
1133 2728 1404 2795 σώματος,
1434 2728 1531 2797 τὴν
1554 2727 1658 2779 τῶν
1681 2726 1926 2794 ἀγγέλων

359 2817 642 2871 πολιτείαν
674 2815 1149 2886 ικμιμησάμενος,
1193 2817 1356 2870 πᾶσιν
1387 2817 1755 2871 ἀποτάσσεται
1783 2817 1927 2884 πρά-

358 2926 533 2978 γμασι
569 2925 582 2942 ⁸
617 2908 709 2980 βία
759 2908 816 2962 δὲ
867 2908 1086 2976 φύσεως
1150 2910 1214 2961 τά
1284 2908 1534 2978 μετέωρα
1600 2909 1930 2963 καταλαϐεῖν

357 3004 732 3072 ἐπειγόμενος,
769 2995 937 3069 μέσον
975 2999 1206 3070 ούρανοῦ
1238 3001 1334 3054 καὶ
1365 2999 1469 3070 γῆς
1507 3002 1568 3054 τὸ
1609 3001 1931 3072 ινδιαίτημα

356 3099 652 3165 πήγνυσιν,
689 3093 830 3149 ὥστε
855 3093 986 3148 Θεὸν
1012 3094 1298 3164 ἀταράχως
1325 3092 1645 3163 δοξολογεῖν,
1680 3096 1774 3150 καὶ
1814 3096 1929 3166 μετ’

358 3191 610 3260 ἀγγέλων
633 3189 900 3259 ἀσίγητον
938 3189 1134 3258 ἰκτίνῳ
1189 3188 1414 3242 πλέκειν
1457 3189 1555 3258 τὴν
1616 3189 1890 3259 ὑμνῳδίαν
1915 3205 1927 3221 ⁸

361 3282 425 3332 εκ
458 3277 558 3348 μιν
592 3277 696 3345 γῆς
757 3279 856 3340 τὰς
911 3277 1018 3331 τῶν
1081 3277 1386 3348 ἀνθρώπιον
1436 3277 1648 3350 δεήσεις
1715 3275 1804 3335 οἷά
1848 3297 1932 3344 τις

364 3371 530 3437 μίσος
561 3370 940 3438 καθεστηκὼς,
967 3370 1261 3436 προσάγων
1294 3368 1436 3439 θεῷ,
1471 3371 1680 3424 ίκεῖθεν
1721 3370 1777 3426 δὲ
1835 3373 1933 3443 τὴν

361 3463 592 3530 ᾶυθονον
621 3462 783 3534 χάριν
812 3453 905 3514 καὶ
928 3462 987 3514 τὸ
1022 3461 1253 3532 ἄπειρον
1284 3462 1382 3532 τῆς
1430 3463 1716 3533 εὐμενείας
1760 3463 1932 3519 κατά*

361 3554 709 3617 γωνιαὺτοῖς.
747 3545 820 3606 Οὗ
869 3553 936 3606 τά
996 3554 1273 3625 παράδοξα
1333 3554 1439 3607 τῶν
1495 3555 1669 3623 ἔργων
1718 3556 1934 3621 πολλοῖς

364 3652 462 3715 μιν
497 3647 775 3715 ἱστόρηται
812 3646 1108 3710 αύτόπταις
1143 3647 1252 3701 τῶν
1281 3647 1600 3718 παραδόξων
1632 3651 1936 3722 γεγενημέ-

360 3756 470 3797 νοις
499 3753 513 3771 ⁸
544 3736 781 3802 ἐπαξίως
815 3737 869 3790 δὲ
908 3737 1051 3806 μάλα
1087 3741 1178 3792 καὶ
1200 3738 1396 3806 λογίως
1445 3742 1537 3792 καὶ
1586 3739 1932 3812 Θεοδὼρητος

362 3829 760 3898 κτηιστόρησεν
789 3831 816 3881 ὁ
845 3829 944 3899 τὴν
973 3829 1342 3899 Κυρεστηνῶν
1381 3831 1676 3899 εκκλησίαν
1710 3834 1933 3887 ἑπισκο-

364 3923 543 3990 πήσας
575 3921 631 3973 ιν
663 3922 728 3990 τῇ
763 3923 890 3990 παρ’
918 3919 1064 3990 αὐτῷ
1115 3921 1376 3988 Φιλοοέῳ
1425 3925 1656 3991 ίστορίᾳ
1709 3925 1936 3996 ιπιγρα-

1962 2773 2000 2827 Β

2509 1607 2564 1660 in
2599 1607 2848 1661 columna
2881 1608 3096 1662 invenit.

2092 1716 2205 1773 Hoc
2246 1717 2363 1788 ipso
2423 1727 2666 1787 tempore
2723 1718 2896 1772 etiam
2959 1733 3192 1790 magnus
3260 1719 3588 1790 Symeones.

2022 1819 2222 1864 sancta
2269 1819 2324 1864 et
2358 1808 2594 1865 celebris
2652 1808 3078 1873 recordationis,
3113 1811 3204 1881 qui
3241 1813 3454 1881 primus
3484 1822 3595 1877 sta-

2026 1902 2226 1954 tionem
2290 1901 2340 1954 iu
2396 1901 2647 1970 columna
2705 1901 2937 1962 invenit.
2993 1902 3216 1972 viguit:
3267 1905 3323 1959 et
3381 1906 3598 1960 celebre

2024 2001 2354 2044 consecutus
2394 2003 2476 2046 est
2517 2006 2743 2054 nomen,
2766 1991 3111 2047 domicilium
3144 2008 3310 2063 super
3342 1997 3596 2050 columna

2027 2079 2324 2134 bicubitale
2359 2084 2722 2150 undeqnaqne
2756 2081 3131 2153 habens,qno
3160 2092 3405 2153 tempore
3440 2086 3599 2140 Dom-

2026 2186 2129 2226 nus
2186 2185 2370 2225 sacras
2424 2171 2783 2226 Antiochena:
2851 2171 3009 2226 urbis
3063 2172 3308 2229 habenas
3364 2176 3595 2230 tenuit:

2025 2262 2310 2332 quietiam
2346 2277 2408 2316 ea
2464 2277 2523 2316 ro
2592 2263 2800 2324 audita.
2840 2278 2965 2318 cum
3025 2263 3092 2322 ad
3161 2279 3286 2318 eum
3334 2267 3595 2331 venisset,

2029 2362 2172 2408 totus
2196 2361 2585 2409 consternatus
2617 2359 2724 2418 eet.
2752 2365 2809 2410 et
2839 2369 2963 2410 cum
2995 2369 3064 2410 eo
3090 2359 3323 2427 mystico
3371 2374 3600 2412 arcano-

2025 2459 2132 2516 que
2163 2459 2455 2516 congressu
2488 2447 2787 2503 convenire
2819 2449 3124 2517 exoptavit.
3174 2448 3599 2506 Convenerunt-

2027 2553 2133 2608 que
2175 2537 2311 2593 adeo
2358 2538 2543 2603 ambo,
2594 2547 2649 2594 et
2690 2539 2961 2595 sacriﬁcio
3019 2542 3373 2599 immaculato
3436 2553 3599 2614 atque

2029 2630 2316 2686 incruento
2344 2639 2586 2701 peracto,
2617 2633 2755 2687 alter
2777 2632 2933 2687 alteri
2966 2632 3235 2688 vivilleam
3259 2637 3600 2693 communio-

2029 2736 2152 2776 nem
2187 2722 2449 2791 porrexit.
2478 2721 2640 2793 560
2679 2722 2904 2793 Magnus
2957 2724 3127 2794 igitur
3158 2729 3243 2780 vlr
3283 2725 3407 2787 iste,
3432 2728 3598 2780 etiam

2032 2815 2084 2868 in
2147 2829 2380 2883 corpore
2416 2814 2677 2870 deorsum
2712 2830 2929 2870 versum
2966 2825 3248 2888 vergente,
3286 2819 3598 2888 angelorum

2030 2904 2244 2961 vivendi
2328 2907 2637 2962 institutum
2688 2907 2955 2975 imitatus,
3035 2908 3201 2965 rebus
3258 2910 3602 2980 negotiisque

2029 2999 2286 3054 omnibus
2320 3002 2572 3072 nuntium
2617 3001 2827 3056 remisit
2854 3018 2866 3054 :
2893 3009 2947 3055 et
2976 3000 3025 3055 vi
3057 3011 3260 3058 natura:
3293 3002 3463 3066 illata,
3532 3004 3598 3056 ad

2032 3091 2285 3147 sublimia
2317 3092 2600 3162 aspiravit,
2638 3102 2805 3162 atque
2834 3093 3073 3148 medium
3120 3094 3267 3148 inter
3303 3095 3501 3151 cmlum
3547 3105 3602 3149 et

2034 3193 2232 3240 terram
2293 3184 2632 3240 domicilium
2685 3186 2789 3241 sibi
2832 3184 2969 3242 fixit.
3009 3198 3064 3242 et
3107 3197 3262 3242 extra
3299 3187 3514 3242 turbam
3549 3197 3605 3242 et

2034 3280 2325 3334 tumultum
2361 3293 2580 3334 omnem
2633 3281 2865 3349 positus.
2932 3280 3103 3335 Deum
3142 3281 3510 3351 gloriﬂcaret,
3550 3292 3605 3338 et

2033 3373 2315 3442 perpetuis
2346 3386 2468 3426 cum
2519 3371 2727 3442 angelis
2765 3373 3090 3444 hymnorum
3146 3374 3403 3430 laudibus
3463 3375 3605 3430 cele-

2033 3463 2240 3518 braret.
2288 3462 2426 3518 liinc
2453 3464 2674 3534 quidem
2706 3465 2877 3520 veluti
2923 3465 3193 3520 mediator
3223 3467 3443 3534 quidam
3477 3481 3607 3537 sup-

2035 3555 2360 3625 plicantium
2421 3556 2708 3612 haminum
2747 3572 2939 3627 preces
2980 3557 3046 3612 ad
3113 3557 3282 3612 Deum
3337 3557 3603 3619 referens.

2035 3646 2161 3702 inde
2199 3657 2382 3704 autem
2415 3647 2726 3704 aliluentem
2757 3657 2920 3718 atque
2949 3648 3272 3704 immensam
3301 3647 3607 3718 benignita-

2038 3742 2106 3795 tis
2139 3741 2371 3811 gratiam
2401 3740 2510 3794 illis
2555 3739 3420 3812 impertiens.Ciijusadmirauda
3442 3755 3606 3810 opera

2035 3846 2065 3887 a
2105 3833 2291 3888 multis
2327 3832 2571 3902 quidem,
2603 3833 2696 3901 qui
2722 3848 2786 3887 ca
2832 3833 3012 3888 oculis
3043 3834 3143 3904 ipsi
3180 3835 3296 3889 suis
3326 3835 3604 3888 viderunt.

2038 3924 2318 3980 memoria:
2342 3925 2551 3993 prodita
2585 3933 2734 3979 sunt.
2764 3922 3066 3980 Commode
3092 3936 3274 3980 autem
3299 3935 3354 3980 et
3382 3924 3609 3994 pulchre

363 4014 546 4085 φείσῃ.
590 4014 718 4067 Ὅτε
750 4013 929 4067 τοίνυν
956 4013 982 4065 δ
1012 4013 1252 4083 ἰπίγειος
1283 4007 1433 4077 οὗτος
1459 4015 1688 4083 ἄγγελος
1715 4017 1936 4086 Συμεὼ-
2038 4042 2041 4062 ‹

1928 4046 1936 4058 -
2038 4031 2098 4071 ea
2135 4015 2502 4070 Theodoritus
2548 4013 2672 4086 Cyri
2711 4016 3022 4086 episcopus,
3061 4017 3113 4070 in
3185 4015 3276 4072 Dei
3327 4025 3606 4071 amantum

365 4123 487 4176 νης,
519 4108 614 4160 καὶ
632 4109 687 4160 iv
710 4107 874 4177 σαρκὶ
927 4109 991 4178 τῇ
1021 4109 1282 4161 ἀνωτάτω
1333 4109 1791 4179 πολιτευσάμενος
1835 4110 1932 4163 Ἱε-
1962 4115 2006 4172 c

1928 4139 1932 4151 ι
1962 4115 2006 4172 c
2044 4106 2270 4161 historia
2300 4117 2385 4163 est
2412 4116 2756 4177 prosecutus.
2785 4107 2889 4163 Sed
2913 4108 3059 4163 enim
3092 4107 3181 4163 ubi
3218 4118 3475 4162 terrenus
3505 4109 3606 4162 isto

371 4198 802 4271 ρουσαλὴμ,τὴν
853 4200 1052 4272 ἀτριϐῆ
1112 4202 1203 4254 καὶ
1263 4197 1420 4269 ξίνην
1477 4201 1703 4271 ταυτηνὶ
1752 4202 1935 4270 τρίϐον
2037 4215 2049 4253 l

1929 4221 1935 4247 ν
2037 4200 2284 4270 angelus,
2320 4208 2482 4269 atque
2524 4202 2820 4256 etiamnum
2852 4200 2904 4255 in
2941 4215 3104 4256 carne
3139 4214 3407 4269 suprema:
3459 4199 3607 4254 illius

368 4291 556 4346 ἀνύειν
586 4291 844 4354 ιπέϐαλε.
909 4291 1306 4363 φιλανθρώπως
1362 4292 1410 4344 οί
1473 4292 1568 4356 τάς
1616 4293 1724 4345 τῶν
1766 4293 1935 4363 ὁρίων

370 4385 613 4451 κορυφὰς
675 4379 1069 4448 κατειληφότες
1123 4381 1361 4448 Πατέρες
1423 4380 1781 4444 διατεθέντες,
1828 4382 1936 4434 τῶν

368 4492 518 4536 τινας
545 4474 751 4527 ἑαυτῶν
783 4473 1206 4543 ἀποκρίναντες,
1239 4473 1518 4540 στέλλουσι
1569 4473 1693 4551 παρ’
1748 4474 1934 4537 αὐτὸν,

369 4565 524 4619 ταῦτ’
557 4565 733 4618 εἰπεῖν
763 4564 1134 4631 ιντειλάμενοι
1159 4579 1171 4593 ⁸
1209 4563 1274 4616 Τί
1308 4579 1388 4616 σοι
1439 4563 1691 4633 βούλεται
1726 4567 1756 4636 ἡ
1790 4565 1936 4630 ξενο-

369 4656 586 4728 πρεπὴς
643 4657 780 4721 αὕτη
837 4655 1095 4724 οῖκησις;
1150 4655 1218 4709 Τί
1265 4655 1364 4726 τὴν
1429 4660 1798 4728 τετριμμένην
1848 4661 1937 4712 γα).

368 4750 552 4820 σχεδον
582 4750 697 4812 τοῖς
727 4749 893 4802 πᾶσιν
925 4748 1102 4814 ἁγίοις
1129 4746 1527 4816 πεπατημένην
1558 4747 1672 4802 ὁδὸν
1704 4749 1935 4818 διαφεὶς,

369 4839 840 4914 παρηλλαγμίνην
899 4839 1024 4892 τινὰ
1070 4839 1162 4892 καὶ
1215 4839 1432 4906 ἀγνῶτα
1487 4840 1741 4907 καθάπαξ
1794 4843 1939 4897 εἵλου

366 4932 577 4988 ὁδεύειν
602 4950 617 4998 ;
653 4932 791 5002 Πρὸς
813 4930 878 5003 δὴ
901 4930 1112 4994 τούτοις
1144 4931 1566 5000 ἐπιτετράφασι,
1593 4934 1941 4990 καταϐαίνειν

371 5025 588 5082 ἐκεῖθεν
646 5023 922 5090 κελεῦσαι,
958 5023 1053 5076 καὶ
1091 5024 1188 5094 τὴν
1214 5023 1325 5078 τῶν
1372 5023 1639 5078 ἆκλεκτῶν
1685 5026 1941 5098 Πατέρων

368 5118 575 5174 ὁδεύειν
607 5116 883 5187 αίρεῖσοαι
915 5131 930 5147 ⁸
968 5113 1068 5170 κᾶν
1103 5115 1200 5178 μὶν
1229 5115 1506 5186 πρόθυμος
1561 5117 1771 5186 γίνοιτο
1808 5121 1941 5189 api;

369 5211 470 5283 τὴν
498 5208 708 5264 ὶκεῖθεν
740 5207 1046 5264 κατάϐασιν
1077 5208 1268 5262 εαυτδν
1314 5208 1602 5271 ἐκδιδόναι.
1639 5215 1942 5282 συγχωρεῖν

370 5301 642 5366 δκέλευον,
668 5299 764 5353 καὶ
796 5295 1011 5368 τράχειν
1037 5297 1104 5363 ἢν
1143 5297 1430 5370 ῄρετίσατο
1453 5312 1466 5329 ⁸
1505 5299 1665 5369 δῆλον
1721 5301 1828 5371 γὰρ
1876 5304 1940 5374 τῇ

371 5391 588 5462 ὑπακοῇ
611 5388 685 5450 ὼς
708 5388 838 5452 Θεὸς
855 5389 1049 5458 ὁδηγός
1083 5390 1231 5444 ἐστιν
1257 5381 1356 5457 ᾦδε
1378 5390 1613 5444 διαολεῖν
1633 5393 1894 5464 ᾑρημίνῳ
1925 5411 1937 5427 ⁸

2039 4290 2340 4346 Jerusalem
2380 4290 2515 4346 civis
2547 4299 2600 4344 et
2633 4291 2810 4346 incola
2840 4292 3161 4363 Symeones.
3191 4305 3219 4344 a
3261 4289 3478 4345 nemine
3515 4305 3611 4343 an-

2041 4395 2125 4438 tea
2181 4383 2362 4438 tritam
2418 4398 2723 4453 novamque
2777 4385 2935 4452 plane
2989 4384 3128 4438 viam
3177 4383 3455 4451 ingressus
3503 4393 3608 4445 est,

2040 4486 2286 4528 summos
2326 4472 2594 4526 montium
2637 4471 2872 4527 vertices
2903 4471 3205 4526 incolentes
3245 4470 3434 4526 Patres
3483 4485 3610 4539 pcr-

2043 4565 2277 4636 benigne
2316 4579 2442 4635 erga
2467 4578 2594 4618 eum
2629 4563 2878 4626 animati,
2910 4562 3152 4617 delectos
3186 4577 3251 4616 ex
3287 4576 3478 4616 eorum
3511 4577 3611 4614 nu-

2046 4672 2193 4711 mero
2229 4657 2488 4724 quosdam
2517 4655 2582 4709 ad
2623 4669 2750 4710 eum
2807 4655 3028 4714 misere.
3055 4653 3218 4723 eique
3263 4653 3377 4708 haec
3409 4667 3609 4707 rennn'

2042 4747 2451 4818 tiarejnssere:
2484 4745 2624 4812 Quid
2663 4745 2767 4800 sibi
2811 4746 2926 4800 vult
2958 4745 3208 4801 insolens
3228 4743 3343 4800 hac
3368 4754 3423 4799 et
3453 4759 3612 4814 pere-

2041 4839 2194 4912 grina
2231 4836 2533 4893 habitatio?
2559 4835 2673 4893 Cur
2696 4837 2876 4892 tritam
2926 4836 3067 4892 hanc
3093 4846 3151 4919 et
3189 4850 3218 4891 a
3253 4836 3459 4891 sanctis
3499 4834 3610 4890 fere

2042 4931 2302 4986 onmibus
2350 4929 2613 4984 calcatam
2649 4929 2790 4983 viam
2833 4927 3170 4998 relinquens,
3206 4926 3366 4981 aliain
3423 4942 3615 4996 quain-

2044 5021 2168 5080 dam
2225 5030 2280 5078 et
2321 5036 2547 5093 prorsus
2609 5020 2846 5092 ignotam
2903 5020 3155 5076 semitam
3205 5017 3417 5074 iniisti?
3477 5018 3612 5086 Illud

2045 5123 2307 5185 pmterea
2347 5113 2662 5169 mandatum
2707 5112 2788 5169 eis
2830 5111 3055 5178 dedere,
3093 5119 3154 5166 ut
3181 5110 3520 5167 descendere
3551 5111 3617 5166 il-

2046 5208 2178 5268 lum.
2205 5215 2261 5263 et
2287 5206 2590 5262 electorum
2623 5203 2843 5260 Patrum
2869 5203 3099 5275 vestigia
3131 5203 3289 5275 sequi
3322 5203 3607 5275 juberent.

2045 5299 2121 5354 Ae
2153 5297 2428 5367 siquidem
2489 5305 2802 5369 promptum
2855 5309 2936 5362 se,
2995 5303 3054 5352 ut
3104 5308 3172 5352 ex
3205 5295 3462 5352 columna
3513 5294 3611 5349 de-

2046 5390 2359 5455 scenderet,
2388 5391 2694 5460 praeberet:
2731 5390 3052 5462 permittere
3082 5390 3156 5454 ei,
3181 5397 3240 5444 tit
3265 5403 3426 5459 quam
3450 5387 3609 5444 vellet
3643 5440 3646 5443 .

371 5486 420 5539 εί
450 5483 506 5538 δέ
534 5451 597 5552 γῖ
628 5451 827 5546 δοῦλος
847 5451 981 5544 ιδίας
1000 5480 1228 5553 ὀρέξεως
1259 5451 1489 5550 γένοιτο,
1547 5451 1939 5539 καὶωάντιϐάί-
1974 5451 2016 5507 D

1930 5451 2016 5528 ιθ
2049 5481 2265 5536 vivendi
2336 5451 2605 5537 rationem
2678 5451 3152 5552 persequeretur,
3208 5451 3608 5552 pra-ceperunt.

371 5591 484 5628 νειν
521 5570 780 5643 πειρῷτο,
810 5573 908 5626 καὶΙ
943 5572 1017 5643 μὴ
1058 5571 1194 5642 πρὸς
1251 5571 1350 5644 τὴν
1409 5573 1712 5644 επιτροπὴν
1766 5574 1934 5639 ὀξέως

370 5662 794 5736 εὐθυδρομήσειε
849 5664 980 5736 πρὸς
1018 5665 1134 5737 βίαν
1183 5666 1247 5718 εκ
1279 5663 1434 5728 ποδός
1479 5665 1678 5732 ἕλκειν,
1711 5667 1802 5720 καὶ
1857 5668 1934 5733 είς

480 5852 494 5884 ¹
541 5847 657 5906 Psal
714 5862 763 5908 t.,
794 5845 886 5900 '20.

2043 5572 2424 5630 Obcdieotiam
2466 5589 2706 5646 namque
2745 5575 2886 5645 ejus,
2916 5574 2960 5630 si
3001 5576 3141 5630 Deus
3173 5570 3408 5630 instituti
3462 5573 3609 5644 ejus-

2045 5665 2255 5723 ccmodi
2293 5666 2399 5720 dux
2437 5676 2601 5732 esset,
2650 5665 3049 5722 declaraturam
3085 5679 3204 5722 esse
3254 5672 3607 5721 censuerunt.
