4250 6440
314 400 345 463 ‘l
358 402 462 463 245

318 611 453 680 ημῖν
508 608 738 678 γένηται
801 615 979 683 τεῖχος
1043 614 1137 665 καὶ
1188 612 1491 683 ὀχύρωμα·
1539 634 1558 666 ι
1606 612 1685 678 οἷς
1740 615 1893 685 μόλις

316 700 687 770 δυσωπηθεὶς,
716 702 900 766 ἐνδούς
931 720 992 756 τε
1017 707 1088 773 τῇ
1116 706 1304 774 δεήσει
1340 707 1588 772 ἐκείνων,
1610 707 1671 759 τδ
1694 708 1893 760 σεπτὸν

318 795 551 859 ἐκείνοις
586 797 734 848 είασε
769 796 928 863 σῶμα
959 797 1050 850 τοῦ
1090 798 1340 866 Συμεὼν,
1375 799 1403 851 δ
1442 799 1536 853 καὶ
1581 800 1744 868 μέχρι
1787 800 1895 852 τῶν

322 884 620 951 κατωτέρω
676 884 885 952 χρόνων
940 888 1122 939 ὲκεῖσι
1176 888 1240 956 δὴ
1289 887 1655 955 φυλάττεσθαι
1710 892 1801 941 καὶ
1837 890 1893 952 ἐς

316 974 482 1044 δεῦρο
510 975 713 1043 ἔγνων.
754 977 867 1044 Ἐφ’
895 972 939 1046 ᾧ
964 979 1027 1047 δὴ
1061 979 1155 1033 καί
1184 996 1237 1033 τι
1264 981 1573 1047 παράδοξον
1602 982 1894 1050 ἱστορεῖται

320 1072 428 1131 τοῖς
460 1070 797 1139 θεωρήσασι.
838 1072 949 1134 Τὰς
986 1073 1093 1141 γὰρ
1123 1074 1263 1125 κατὰ
1290 1074 1389 1143 τῆς
1417 1074 1657 1145 κεφαλῆς
1686 1075 1892 1129 καὶτοῦ

321 1163 584 1230 πώγωνος
618 1164 928 1231 προσούσας
953 1166 1146 1236 τρίχας
1176 1167 1253 1236 μὴ
1281 1167 1583 1229 διαπεσεῖν,
1613 1169 1751 1236 μήτε
1786 1170 1891 1239 μὴν

319 1256 395 1324 τῷ
420 1257 597 1326 χρόνῳ
621 1258 1011 1327 διαφθαρῆναι,
1051 1260 1206 1328 φασί·
1236 1262 1533 1326 νικήσασαι
1562 1261 1616 1314 δὲ
1648 1262 1738 1313 τὸν
1769 1264 1892 1332 χρό-

321 1367 430 1414 νον,
467 1350 550 1403 ἔτι
604 1351 987 1420 διαφαίνονται
1040 1351 1315 1418 σώζουσαι
1357 1356 1435 1424 τῷ
1483 1354 1617 1425 ὁσίῳ
1657 1355 1747 1407 τὸν
1792 1372 1893 1425 χαι

322 1443 596 1512 ρακτῆρα,
626 1443 816 1513 ῶσπερ
849 1445 1012 1509 ζῶντι
1053 1446 1147 1498 καὶ
1182 1446 1491 1515 ἀνθρώποις
1526 1448 1888 1519 διομιλοῦντι·

322 1535 723 1603 περισώζεσθαι
750 1537 806 1590 δὲ
838 1537 988 1608 αύτῷ
1024 1539 1118 1591 καὶ
1165 1538 1311 1592 ἁπαν
1338 1542 1398 1592 τὸ
1430 1539 1625 1610 δέρμα,
1675 1541 1756 1610 τῷ
1791 1556 1894 1609 μα-

323 1630 438 1698 κρῷ
472 1632 619 1700 πόνῳ
654 1634 749 1683 καὶ
793 1634 973 1703 χρόνῳ
1020 1634 1453 1703 ἐρρυτιδωμένον
1501 1651 1560 1688 τε
1609 1636 1707 1687 καὶ
1752 1636 1893 1687 ἁπι-

327 1724 582 1791 σκ>.ηκός’
614 1725 749 1793 πρὶς
777 1726 833 1777 δὲ
864 1727 958 1777 καὶ
985 1728 1034 1777 οί
1068 1729 1207 1779 κατα
1238 1726 1334 1779 τοῦ
1352 1711 1635 1795 ’στόματος
1661 1728 1893 1792 ὀδόντες,

1258 401 1853 469 ECCLESIASTlC/E
1892 411 2277 474 HISTORIA!
2317 418 2457 480 LIB.
2503 419 2658 481 XIV.

318 517 435 585 νου)
465 518 748 587 ἠγάγομεν
776 519 834 571 τὸ
855 520 1123 589 πανάγιον
1154 522 1313 587 σῶμα
1347 521 1442 575 τοῦ
1466 522 1715 591 Συμεὼν,
1740 523 1886 583 ὄπως
1917 526 1959 584 Λ
1994 538 1996 571 I

811 519 1123 589 ὸπανάγιον
1154 522 1313 587 σῶμα
1347 521 1442 575 τοῦ
1466 522 1715 591 Συμεὼν,
1740 523 1886 583 ὄπως
1917 526 1959 584 Λ
1994 533 2104 587 tur,
2140 526 2489 585 decertarent

3441 419 3576 487 1‘216

2540 547 2552 583 :
2605 539 2768 599 atque
2810 530 2861 584 id
2922 531 3009 584 vix
3057 530 3277 586 laudent
3339 534 3571 594 salvum.

1997 618 2184 671 nmltis
2216 621 2271 673 in
2302 620 2499 676 itinere
2530 622 2812 677 miraculis
2831 623 3115 688 exhibitis,
3150 624 3455 678 Antiochia:
3490 640 3581 680 το-

1997 710 2236 780 positum
2266 721 2368 766 est.
2411 713 2467 767 Id
2502 715 2669 767 etiam
2706 724 2891 783 postea
2924 716 3227 783 imperator
3259 715 3305 769 is
3338 716 3408 770 ab
3466 717 3576 771 An-

1998 805 2272 859 tiochenis
2300 807 2403 861 sibi
2432 807 2550 860 dari
2588 807 2767 876 petiit.
2820 810 2888 863 At
2932 808 3005 862 illi
3065 809 3451 878 precatoribus
3503 809 3570 864 ad

1994 913 2122 951 eum
2155 897 2357 961 missis,
2398 900 2543 952 inter
2565 900 2669 953 alia
2697 912 2752 953 et
2785 899 2900 952 hare
2924 900 3175 968 precibus
3201 903 3316 955 suis
3345 901 3577 955 addide-

1996 1005 2055 1043 re
2086 1009 2100 1045 :
2135 1009 2153 1041 ι
2196 992 2492 1059 Propterea
2526 994 2668 1061 quod
2706 995 2838 1047 urbs
2862 1002 3047 1047 nostra
3077 1009 3292 1047 murum
3328 1007 3435 1047 non
3477 995 3579 1048 ha-

1995 1083 2173 1143 beret.
2200 1085 2294 1152 qui
2346 1099 2543 1154 magno
2580 1092 2931 1139 terraemotus
2976 1088 3178 1154 impetu
3214 1088 3445 1147 corruit,
3486 1101 3576 1140 sa-

1995 1186 2342 1231 crosanctum
2379 1176 2670 1247 Symeonis
2725 1192 2927 1245 corpus
2973 1180 3081 1231 huc
3112 1178 3467 1243 adduximus,
3519 1187 3578 1231 nt

1999 1270 2158 1323 nobis
2183 1285 2282 1339 pro
2344 1285 2500 1323 muro
2530 1280 2587 1323 et
2623 1270 2767 1323 vallo
2805 1280 2974 1323 esset.
3052 1287 3070 1321 ι
3123 1268 3336 1334 Quibus
3394 1270 3579 1323 verbis

1996 1377 2141 1433 aegre
2193 1363 2304 1417 Leo
2367 1372 2668 1428 exoratus,
2712 1362 2972 1432 precibus
3024 1375 3216 1418 eorum
3278 1362 3465 1427 cessit,
3524 1372 3579 1418 ct

1998 1466 2248 1509 sanctum
2281 1454 2573 1526 Symeonis
2632 1470 2839 1525 corpus
2870 1456 2952 1510 eis
2992 1455 3234 1523 reliquit.
3293 1454 3448 1521 Quod
3503 1454 3578 1509 ibi

2000 1550 2407 1617 posterioribus
2440 1548 2798 1616 'temporilms
2841 1550 2908 1602 ad
2969 1546 3073 1601 hoc
3122 1563 3298 1616 usque
3360 1557 3578 1617 tempus

2001 1654 2278 1694 servatum
2302 1655 2424 1696 esse
2457 1640 2663 1695 scimus
2698 1640 2798 1710 (Ι).
2837 1640 2911 1694 De
2939 1640 3044 1694 hoc
3076 1639 3387 1694 mirandum
3420 1640 3580 1709 quid—

2002 1734 2148 1795 dam.
2190 1734 2285 1803 qui
2310 1735 2361 1788 id
2402 1734 2680 1791 viderunt.
2706 1733 3199 1801 memorant.,Nam
3228 1734 3423 1801 capitis
3458 1734 3580 1800 ejus

324 1816 465 1884 πλὴν
521 1818 747 1871 ἐκείνων)
798 1820 915 1869 ὅσοι
971 1819 1178 1869 πιστῶν
1238 1820 1429 1888 χερσὶν
1479 1820 1901 1887 ἁνεσπάσθησαν
1936 1830 1972 1881 [3

1894 1838 1901 1865 ι
1936 1830 1972 1881 Β
2004 1836 2058 1879 et
2117 1827 2296 1880 barba;
2336 1825 2564 1894 capillos
2596 1841 2706 1879 non
2759 1824 3053 1887 excidisse,
3104 1838 3283 1893 neque
3324 1833 3572 1894 tempore

322 1909 531 1979 φίλτρῳ
556 1910 632 1979 τῷ
657 1913 790 1979 πρὸς
819 1911 1005 1964 αὐτόν.
1045 1913 1110 1963 Ἀ
1139 1911 1203 1979 δὴ
1242 1913 1415 1964 πάντα
1454 1910 1786 1979 κηρύττουσι
1810 1911 1901 1963 διὰ

323 1998 417 2049 τοῦ
454 2001 760 2068 σχήματος,
801 1994 913 2063 οἷός
946 2018 1003 2053 τε
1037 2002 1132 2053 καὶ
1157 2000 1345 2063 πόσος,
1382 2002 1607 2070 πηλίκος
1645 2019 1704 2053 τε
1739 2003 1765 2053 ὀ
1804 2000 1898 2053 τοῦ

322 2094 459 2145 Θεοῦ
486 2094 775 2164 ἄνθρωπος
819 2091 889 2164 ἦν
920 2096 1168 2164 Συμεών.
1217 2095 1556 2163 Παράκειται
1586 2095 1641 2147 δὲ
1688 2095 1765 2163 τῷ
1797 2095 1903 2147 σώ-

327 2204 459 2251 ματι
495 2187 592 2239 καὶ
622 2190 650 2240 ὁ
698 2189 760 2240 ἐκ
807 2188 1035 2257 σιδήρου
1075 2189 1453 2253 πεποιημένος
1482 2188 1681 2249 κλοιόςο
1717 2187 1773 2248 ὃς
1806 2188 1899 2239 καὶ

323 2281 506 2345 αὐτὸς,
537 2282 758 2349 σύναμα
791 2283 867 2347 τῷ
894 2281 1211 2351 καρτερικῴ
1234 2281 1449 2331 ἐκείνου
1483 2280 1579 2333 καὶ
1613 2279 1898 2347 πολυάθλῳ

324 2376 541 2441 σώματι
574 2376 972 2436 συναεθλεύων,
1025 2378 1121 2428 καὶ
1169 2377 1279 2427 τῶν
1325 2380 1388 2426 ἐκ
1421 2375 1559 2427 Θεοῦ
1593 2376 1897 2442 μετέσχηκε

321 2465 565 2534 δωρεῶν.
604 2466 741 2517 Οὐδὲ
777 2468 882 2531 γὰρ
912 2465 1117 2535 καίπερ
1166 2465 1515 2519 ἀποθανόντα
1553 2466 1643 2518 τὸν
1675 2463 1898 2533 Συμεὼν

321 2560 347 2607 ὁ
378 2560 617 2627 ἐραστὴς
649 2558 821 2627 αὐτῷ,
856 2560 995 2611 είπω
1030 2558 1074 2609 δ’
1105 2558 1186 2610 ὅτι
1231 2558 1323 2609 καὶ
1368 2555 1644 2625 ἐρώμενος
1682 2556 1897 2625 σίδηρος

320 2650 710 2713 ἀπολέλοιπεν,
731 2648 925 2719 ὥσπερ
951 2649 1371 2717 ἀποσκιρτήσας
1398 2652 1494 2718 τῆς
1513 2649 1679 2715 καλῆς
1706 2649 1898 2711 ξυναυ-

322 2741 463 2802 >.ίας’
497 2741 612 2794 ἀλλ’
646 2741 841 2809 ἐκείνῳ
875 2740 1234 2808 παράκειται,
1266 2740 1367 2793 ὅσα
1390 2739 1453 2808 δὴ
1488 2741 1581 2791 καὶ
1607 2740 1669 2790 τὸ
1690 2739 1898 2790 ἐκείνου

326 2835 488 2903 σῶμα
527 2834 1023 2899 διαπραττόμενος,
1064 2830 1250 2893 Οὕτως
1291 2833 1481 2898 ἔμοιγε
1512 2834 1627 2893 τοῖς
1662 2831 1897 2882 καθέκαο

325 2946 451 2979 στον
498 2928 606 2978 τῶν
641 2926 851 2978 ἐκείνου
894 2926 1032 2994 ἔρως
1066 2925 1409 2989 ἐπεξελθεῖν,
1460 2924 1732 2993 ὠφέλειαν
1769 2942 1899 2994 προ-

324 3017 611 3089 ξενήσουσι
632 3017 976 3087 διηγουμένῳ
1004 3017 1095 3068 καὶ
1125 3018 1239 3077 τοῖς
1269 3016 1715 3083 ἐντυγχάνουσιν,
1748 3017 1797 3067 εί
1824 3017 1900 3085 μὴ

324 3111 757 3181 προειρημένοις
788 3109 954 3171 θείοις
985 3107 1243 3176 ἀνδράσιν
1270 3107 1435 3173 ἀξίως
1465 3107 1559 3160 καὶ
1592 3108 1737 3176 μάλα
1760 3108 1900 3178 λαμ-

323 3205 481 3276 πρῶς
514 3204 609 3256 καὶ
645 3204 724 3265 είς
774 3201 978 3264 πλάτος
1027 3201 1208 3255 πάντα
1261 3202 1568 3269 πεπόνηται
1590 3215 1605 3230 ⁸
1634 3200 1807 3263 ἄλλως
1837 3218 1898 3253 τε

325 3301 423 3354 καὶ
460 3296 599 3366 πρὸς
644 3295 780 3350 ἄλλα
809 3294 911 3362 τῆς
951 3292 1287 3361 ὶπαγγελίας
1332 3293 1457 3361 έμοὶ
1504 3293 1897 3362 προκειμένης,

324 3391 464 3447 τὲως
537 3385 676 3452 ὅπερ
742 3382 973 3442 ἐκείνοις
1042 3379 1479 3451 παραλέλειπται
1543 3380 1899 3450 διηγήσομαι.

326 3474 585 3544 Μανδραν
640 3472 763 3543 μιν,
806 3470 881 3532 ὡς
919 3468 1163 3539 εἴρηται,
1211 3468 1301 3520 τὸν
1336 3468 1514 3539 χῶρον
1562 3468 1817 3520 καλοῦσιν
1850 3469 1901 3519 οι

324 3562 617 3636 ἐπιχώριοι
645 3565 744 3632 τῆς
766 3563 1080 3631 ἀσκήσεως,
1111 3560 1208 3613 τοῦ
1233 3561 1381 3614 ὁσίου
1405 3561 1501 3630 τὴν
1533 3560 1726 3630 κλῆσιν
1752 3559 1901 3629 αὐτῷ

328 3656 739 3719 ὲπιδεδωκότος.
770 3656 1035 3726 Διέστηκε
1070 3655 1126 3708 δὲ
1163 3653 1511 3715 Θεουπόλεως
1538 3653 1772 3716 σταδίοις
1801 3655 1901 3723 μά-

328 3752 487 3803 λιστα
536 3748 873 3818 τριακοσίοις
920 3750 1058 3818 πρὸς
1091 3747 1223 3799 αὐτὸ
1253 3746 1311 3798 τὸ
1345 3745 1573 3808 ἄναντες
1608 3746 1705 3814 τῆς
1739 3764 1903 3815 κορυ-

328 3844 438 3911 φῆς
461 3841 555 3895 τοῦ
585 3842 743 3912 ὅρους
772 3841 1117 3909 διακειμένη·
1146 3840 1205 3891 τὸ
1239 3838 1283 3891 δ’
1313 3838 1571 3891 ἐπέκεινα
1603 3838 1901 3906 πρόσαντες

306 3936 513 4005 ’διήκει
550 3937 787 3997 σταδίοις
818 3934 1050 3986 εἴκοσιν·
1089 3932 1174 4000 ἐφ’
1224 3930 1252 3983 ὃ
1300 3931 1392 3982 καὶ
1422 3929 1557 3992 νεὼς
1599 3930 1794 3999 ἀνέστη
1826 3927 1903 3996 τῷ

329 4031 476 4099 ἁγίῳ
521 4031 577 4089 ἐς
626 4025 865 4096 σταυροῦ
898 4026 1085 4094 σχῆμα
1122 4022 1573 4090 διατυπούμενος,
1616 4023 1679 4073 ὲκ
1705 4022 1903 4073 τεσσα-

334 4138 444 4191 ρων
485 4118 739 4189 πλευρῶν
768 4117 947 4178 θόλοις
980 4112 1383 4184 κοσμούμενος.
1410 4112 1601 4174 Κίονες
1624 4112 1681 4164 δὲ
1714 4111 1902 4175 ξεστοῦ

330 4216 483 4268 λίθου
512 4210 879 4281 πεποιημένοι
910 4208 1366 4277 παρατετάχαται
1399 4206 1521 4267 ταῖς
1555 4206 1737 4263 στοαῖς
1770 4204 1903 4271 πρὸς

328 4307 391 4361 τὸ
424 4304 893 4376 εὐπρεπέστερον,
941 4301 1003 4354 εὖ
1061 4300 1207 4371 μάλα
1260 4301 1359 4367 τὴν
1404 4298 1612 4367 ὀροφὴν
1651 4299 1729 4357 εἰς
1774 4296 1904 4366 ὕψος

330 4401 675 4469 ἐπαίροντες·
719 4398 781 4449 τὸ
830 4395 888 4447 δὲ
933 4394 1097 4463 μέσον
1136 4393 1273 4461 αὐλή
1300 4392 1381 4454 τίς
1410 4394 1559 4444 εστιν
1595 4389 1900 4457 ὑπαίθριος,

2004 1916 2322 1982 longissimo
2360 1915 2710 1969 intercidisse
2739 1914 2936 1968 aiunt:
2971 1911 3066 1982 qui
3105 1914 3154 1964 vi
3187 1914 3454 1981 temporis
3484 1929 3579 1968 su-

2003 2019 2211 2078 perata,
2242 2009 2473 2064 formam
2499 2008 2682 2062 adhuc
2708 2008 2809 2062 viri
2833 2006 3012 2061 sancti
3054 2006 3225 2059 veluti
3266 2007 3503 2060 viventis
3522 2014 3579 2059 et

2003 2104 2143 2156 inter
2182 2102 2435 2157 homines
2458 2102 2727 2155 versantis
2756 2101 3152 2155 conservarint.
3178 2100 3393 2169 Integra
3410 2099 3575 2153 etiam

2000 2196 2121 2262 cjns
2159 2194 2308 2270 dicta
2335 2204 2419 2247 est
2472 2194 2642 2247 fuisse
2671 2193 2814 2246 cutis
2849 2192 3052 2255 omnis,
3089 2200 3255 2260 atque
3288 2192 3342 2245 in
3398 2190 3578 2245 fronte

2003 2287 2277 2355 prazcipue
2296 2286 2486 2340 labore
2523 2295 2578 2338 et
2608 2294 2855 2353 tempore
2909 2283 3085 2337 multo
3121 2282 3373 2352 rugosior
3409 2293 3577 2351 atque

2000 2376 2195 2429 durior
2226 2375 2389 2429 facta.
2414 2374 2538 2429 Oris
2563 2375 2693 2428 item
2725 2374 2946 2436 dentes,
2984 2373 3093 2427 illis
3142 2372 3391 2441 οισι-μία
3436 2387 3583 2441 quos

2004 2470 2243 2523 ﬁdelium
2275 2484 2469 2522 manus
2508 2477 2731 2537 propter
2764 2467 3044 2533 egregium
3093 2466 3147 2520 in
3178 2482 3302 2519 eum
3332 2479 3577 2519 amoveas

2001 2562 2301 2615 abstulere.
2337 2560 2468 2627 Quae
2494 2576 2626 2613 sane
2659 2560 2844 2613 omnia
2876 2570 3148 2613 staturam
3185 2559 3306 2623 ejus
3335 2566 3390 2610 et
3422 2556 3578 2609 habi-

2004 2663 2143 2714 tum,
2177 2648 2358 2723 qualis
2380 2662 2435 2706 et
2485 2663 2726 2721 quantus
2777 2652 2871 2705 Dei
2910 2651 3078 2705 homo
3105 2649 3406 2718 Synteoues
3456 2648 3578 2702 fue-

2006 2748 2096 2804 rit.
2134 2747 2398 2799 declarat.
2437 2746 2597 2800 Juxta
2624 2760 2830 2811 corpus
2860 2744 2983 2810 ejus
3007 2743 3173 2796 etiam
3209 2752 3436 2809 torques
3467 2740 3577 2793 fer-

2004 2854 2133 2892 reus
2155 2839 2372 2905 positus
2399 2847 2484 2891 est
2522 2856 2535 2891 :
2567 2837 2660 2905 qui
2698 2845 2754 2889 et
2794 2837 2932 2905 ipse,
2976 2835 3121 2904 quod
3156 2834 3429 2889 constanti
3495 2835 3574 2888 illi

2001 2940 2057 2985 et
2091 2930 2219 2984 forti
2280 2929 2335 2983 in
2382 2927 2778 2983 certaminibus
2822 2928 2992 2979 variis
3041 2926 3262 2993 corpori
3314 2923 3575 2989 adfuerit,

2004 3022 2271 3075 honorem
2305 3034 2431 3073 eum
2481 3034 2510 3072 a
2542 3019 2653 3073 Deo
2683 3028 3015 3072 consecutus
3064 3024 3168 3069 est.
3227 3013 3359 3068 Nam
3401 3027 3576 3081 quan-

2006 3114 2206 3167 tumvis
2238 3111 2557 3167 deiunctum
2588 3110 2918 3182 Symennem
2959 3124 3151 3163 amans
3192 3103 3360 3169 illius,
3393 3106 3573 3159 dicam

2002 3208 2166 3261 etiam
2189 3213 2430 3259 amatum
2454 3207 2521 3258 ab
2544 3204 2635 3259 illo
2663 3207 2897 3265 ferrum,
2916 3218 3025 3255 nou
3053 3200 3296 3269 reliquit,
3320 3207 3574 3266 tanquam

2001 3295 2071 3350 ab
2104 3296 2252 3349 illius
2281 3295 2511 3363 pulchra
2544 3291 2949 3348 consuetudine
2986 3290 3240 3344 resiliens
3265 3304 3281 3341 :
3304 3288 3574 3359 sedjuxta

2002 3388 2156 3442 illum
2191 3387 2356 3442 situm
2381 3396 2483 3450 est,
2523 3385 2689 3440 veluti
2726 3400 2927 3454 corpus
2950 3384 3099 3438 illius
3129 3382 3448 3452 perficiens.
3483 3382 3573 3434 lu-

2001 3498 2137 3552 gens
2167 3497 2299 3535 vero
2334 3481 2499 3535 mihi-
2525 3479 2725 3549 cupido
2766 3480 3090 3543 incesserat,
3116 3492 3203 3531 res
3225 3476 3348 3545 ejus
3374 3475 3577 3545 sigilla—

2002 3575 2100 3628 titn
2147 3573 2494 3638 recensendi,
2529 3571 2820 3625 utilitatem
2852 3579 2907 3625 et
2931 3569 3063 3622 mihi
3092 3567 3575 3629 commemoranti,

2000 3677 2057 3719 et
2089 3665 2377 3719 historiam
2412 3668 2553 3719 hanc
2583 3664 2781 3734 legenti
2845 3662 3111 3716 allaturas
3156 3680 3169 3715 :
3213 3660 3315 3714 nisi
3368 3660 3437 3713 ab
3471 3658 3575 3722 eis,

2002 3773 2140 3824 quos
2163 3756 2297 3821 dixi,
2330 3757 2533 3813 sanctis
2559 3756 2689 3809 viris
2722 3769 2819 3823 pro
2847 3770 2913 3807 eo
2970 3763 3135 3821 atque
3175 3755 3357 3815 decet,
3412 3751 3574 3805 lucu-

2005 3848 2182 3901 lenter
2210 3847 2512 3915 etcopiose
2540 3855 2727 3901 essent
2759 3845 3052 3913 descriptae
3088 3862 3099 3897 :
3133 3844 3407 3912 prmcipuc
3450 3856 3575 3893 cum

2005 3939 2069 3991 ad
2104 3939 2207 3992 alia
2243 3954 2363 4006 quae
2396 3939 2630 3993 instituti
2663 3938 3027 4006 promissique
3059 3938 3237 3988 nostri
3281 3944 3412 3988 sunt
3438 3932 3579 3990 rel'e-

2007 4030 2174 4082 renda
2205 4030 2365 4083 nobis
2406 4030 2811 4099 properandum
2839 4030 2931 4083 sit.
2972 4030 3151 4093 Quare
3186 4042 3356 4081 unum
3384 4028 3575 4079 saltem

2005 4122 2151 4188 quod
2188 4122 2255 4173 ab
2284 4122 2391 4174 illis
2425 4122 2858 4190 praetermissum
2906 4132 3012 4186 est,
3054 4137 3201 4174 nunc
3241 4131 3577 4172 commemo—

2008 4215 2158 4268 rabo.
2187 4214 2489 4275 Mandram,
2517 4214 2679 4267 sicuti
2713 4214 2920 4267 dictum
2963 4221 3069 4276 est,
3098 4210 3384 4264 munastici
3417 4225 3576 4262 eser-

2007 4307 2123 4360 citii
2157 4308 2279 4377 ejus
2308 4307 2489 4361 locum
2522 4308 2716 4361 incolre
2741 4311 3050 4369 nominant,
3082 4304 3451 4373 appellatione
3486 4302 3581 4354 tali

2007 4398 2055 4450 ei
2084 4413 2113 4450 a
2148 4408 2337 4453 sancto
2362 4400 2476 4467 ipso
2510 4400 2627 4452 viro
2652 4398 2926 4467 imposita.
2947 4397 3105 4468 563
3134 4397 3305 4449 Distat
3343 4410 3371 4446 a
3400 4388 3583 4447 Theo-

330 4493 495 4563 τέχνῃ
524 4493 587 4560 δή
634 4507 739 4543 τινι
790 4488 1020 4560 πλείστῃ
1066 4486 1255 4555 ἄκρως
1301 4483 1725 4555 ὲξειργασμένη·
1768 4484 1901 4536 ὅπου
1937 4506 1978 4559 ο

1937 4506 1978 4559 ο
2010 4491 2116 4559 poli
2150 4492 2341 4547 stadiis
2368 4493 2666 4562 plurimum
2714 4494 3000 4551 trecentis,
3032 4490 3099 4544 ad
3136 4488 3398 4543 acelivem
3428 4501 3581 4539 mon-

331 4586 475 4641 κατὰ
512 4584 677 4651 μέσον
725 4585 753 4635 ὁ
808 4580 1411 4651 τεσσαρακοντάπηχυς
1465 4581 1673 4641 ἐκεῖνος
1725 4578 1907 4647 ἵδρυτο

333 4677 503 4727 κίων·
554 4666 599 4740 ᾧ
649 4671 1004 4742 χρησάμενος
1050 4671 1078 4722 ὁ
1122 4672 1271 4732 ὅσιος
1304 4671 1555 4739 κλίμακι,
1590 4671 1617 4721 ὁ
1646 4668 1906 4736 ἔνσαρκος

330 4766 565 4833 ἅγγελος
596 4766 731 4833 πρὸς
762 4763 853 4815 τὸν
880 4764 1137 4833 οὐράνιον
1165 4763 1441 4831 ἀνέδραμε
1474 4762 1677 4830 χῶρον.
1710 4762 1829 4815 Τῶν
1864 4759 1907 4813 δ’

331 4858 642 4929 εἰρημένων
678 4875 769 4927 μοι
821 4856 995 4909 στοῶν
1040 4854 1177 4924 πρὸς
1228 4858 1293 4924 τῇ
1341 4858 1557 4924 κορυφῇ
1606 4853 1906 4921 κλειθρίδιά

331 4966 454 5001 τινα
481 4947 836 5010 καθεστᾶσιν,
861 4946 1007 5016 ἆπερ
1039 4944 1172 4997 ἔνιοι
1198 4942 1421 5014 θυρίδας
1456 4946 1638 4995 καλεῖν
1662 4945 1901 4997 εἰώθασι.

337 5041 483 5112 Πρὸς
516 5041 709 5100 αὑταῖς
737 5039 803 5109 δὴ
828 5041 947 5100 τοῖς
982 5041 1169 5099 στοαῖς
1203 5039 1297 5090 καὶ
1322 5038 1383 5089 τὸ
1417 5037 1582 5107 ῥηθὲν
1616 5035 1905 5105 προαύλιον

333 5134 607 5205 ὕπαιθρον
655 5134 1041 5203 ἀποκρίνεται,
1102 5132 1199 5184 καὶ⁸
1247 5132 1432 5201 χώραν
1488 5131 1759 5193 ὃιδούσαις
1796 5134 1906 5190 τοῖς

334 5226 635 5295 ᾑρημένοις
689 5222 845 5284 tm,-
883 5222 1019 5292 ὁρᾷν
1052 5221 1276 5285 ἔσωθεν,
1316 5220 1411 5273 καὶ
1454 5220 1563 5273 ἔσω
1614 5221 1775 5273 πάλιν
1802 5219 1908 5271 ἁπδ

334 5318 446 5371 τῶν
487 5315 711 5383 ἔξωθεν.
771 5314 941 5367 Ἔνθα
989 5314 1081 5365 τὸν
1122 5313 1555 5383 παρακύπτοντα
1599 5313 1733 5383 όρᾷν
1760 5313 1907 5364 ἐστιν

332 5410 543 5480 ἀστέρα
569 5410 693 5462 τινὰ
724 5408 1083 5478 ὑπερμεγέθη
1112 5407 1234 5460 καθ’
1265 5406 1410 5460 ἆπαν
1440 5408 1499 5459 τὸ
1525 5408 1762 5476 θυρίδιον
1790 5407 1907 5459 δια-

334 5504 529 5554 θέοντα
565 5502 656 5554 καὶ
686 5499 1003 5570 περιφανῶς
1033 5499 1518 5567 σελαγίζοντα,καὶ
1542 5499 1741 5551 ὡσανεὶ
1764 5518 1903 5551 παυ-

407 5662 485 5730 (ι)
534 5660 747 5729 Corpus
786 5660 1057 5714 Simeonis
1092 5675 1261 5729 usque
1293 5660 1356 5712 ad
1412 5659 1625 5728 Evagrii
1678 5658 1902 5714 Schola-

334 5734 458 5783 stici
484 5743 728 5799 tempora
752 5732 1024 5797 integrum
1052 5734 1285 5783 duravit.
1307 5731 1476 5801 llujns
1502 5742 1664 5798 caput
1689 5746 1745 5785 sc
1774 5747 1896 5782 cum

339 5802 526 5855 multis
557 5803 931 5854 sacerdotibus
981 5803 1176 5856 t'idtSSC
1224 5804 1411 5855 scribit
1465 5802 1724 5868 I'Ivagrins
1782 5802 1897 5867 epi-

337 5884 562 5933 scopum
617 5872 917 5924 Mtiochir
974 5881 1162 5939 agente
1221 5873 1574 5926 (eit’hrtrimn
1614 5873 1893 5927 (ιτπρνιιο,

2019 4584 2085 4636 tis
2114 4585 2379 4639 verticem
2416 4585 2541 4639 sita.
2583 4585 2860 4638 Ascensus
2918 4582 3125 4636 arduus
3164 4579 3468 4635 stadiorum
3501 4578 3583 4629 vi-

2012 4678 2147 4746 ginti
2178 4686 2282 4738 est.
2332 4676 2423 4730 ubi
2471 4685 2526 4729 et
2572 4675 2838 4743 templum
2874 4673 2994 4726 viro
3024 4679 3234 4735 sancto,
3288 4669 3340 4722 in
3398 4667 3582 4722 crucis

2011 4769 2248 4835 speciem
2286 4766 2782 4830 conformatum,et
2813 4782 2880 4820 ex
2910 4775 3150 4835 quatuor
3178 4760 3431 4833 partibus
3452 4776 3583 4828 por-

2016 4862 2212 4916 ticibus
2241 4870 2593 4925 exornatum,
2626 4861 2929 4915 excitatum
2995 4869 3101 4914 est.
3136 4858 3298 4913 Juxta
3332 4856 3583 4927 porticus

2008 4966 2102 5007 eas
2127 4968 2196 5007 ex
2241 4967 2371 5005 saxo
2397 4951 2564 5020 polito
2590 4952 2863 5005 columnae
2886 4949 3274 5007 decentissime
3295 4957 3585 5002 construc—

2013 5056 2078 5099 tae
2112 5054 2259 5110 sunt,
2290 5061 2412 5115 qua:
2468 5060 2736 5099 summam
2771 5043 3105 5098 testudinem
3139 5041 3473 5111 perpulehre
3524 5042 3579 5092 in

2011 5137 2242 5190 sublime
2264 5136 2538 5189 attollunt.
2577 5136 2632 5188 In
2666 5134 2848 5189 medio
2873 5134 3176 5204 hypaethra,
3210 5132 3325 5186 sive
3351 5131 3579 5186 subdia—

2010 5230 2080 5283 lis
2105 5230 2226 5284 aula
2254 5239 2357 5294 cst,
2393 5240 2511 5282 arte
2537 5227 2808 5297 exquisita
2840 5233 2906 5280 ad
2936 5240 3214 5280 summum
3277 5224 3573 5279 elaborata.

2011 5322 2067 5375 In
2096 5321 2271 5375 media
2305 5337 2392 5382 ea,
2426 5322 2682 5375 columna
2719 5320 2807 5373 illa
2842 5318 3204 5388 quadraginta
3261 5315 3577 5369 cubitorum

2010 5423 2137 5475 stat,
2187 5428 2291 5481 qua
2333 5422 2554 5467 sanctus
2586 5414 2674 5467 ille
2705 5414 2787 5465 vir
2834 5420 2889 5465 et
2911 5410 3149 5464 carnalis
3199 5407 3425 5477 angelus
3459 5416 3580 5458 tan-

2010 5521 2172 5574 quam
2204 5506 2370 5559 scalis
2395 5520 2547 5569 usus,
2583 5506 2647 5559 ad
2684 5505 2966 5558 caelestem
3001 5498 3327 5555 conscendit
3391 5498 3573 5567 regio-

2007 5675 2127 5714 cnm
2163 5660 2502 5728 Philippicus
2533 5656 2875 5711 orientalium
2910 5654 3188 5728 copiarum
3227 5654 3349 5728 dux.
3385 5649 3578 5728 praesi-

2004 5728 2262 5784 dii'causa
2295 5720 2396 5784 sibi
2430 5745 2610 5783 sacras
2635 5735 2947 5781 sanctorum
2978 5720 3243 5793 reliquias
3281 5720 3420 5775 mitti
3475 5734 3574 5788 po-

2003 5804 2252 5856 Stularet.
