4250 6440
684 412 772 475 124
791 415 820 473 7

1907 412 2324 473 ΝΙίζΕΙῚΙΟΡιΙ
2362 412 2704 472 GALLISTI

3791 409 3925 470 1258

679 548 826 584 nem.
861 531 916 584 lu
974 533 1056 584 eis
1115 545 1250 598 quas
1294 529 1404 583 dixi
1473 531 1804 598 porticibus,
1857 534 1922 584 ad
1972 531 2249 597 fastigium
2284 537 2357 591 Αι

2284 537 2322 591 Α
2354 530 2568 595 όμενον,
2631 531 2724 581 καὶ
2759 526 2916 591 αὖθις
2967 529 3228 596 ἐξαπίνης
3280 524 3739 594 ἀναφαινόμενάν·
3769 527 3931 576 τοῦτυ

681 637 954 675 summum
1013 622 1239 675 cancelli
1304 623 1544 690 (quidam
1620 621 1888 676 fenestras
1974 623 2248 690 appellare

681 711 1041 771 cotisucvere)
1065 721 1218 774 sunt,
1253 713 1563 780 porticibus
1606 712 1740 781 ipsis
1770 719 1825 765 et
1864 711 2099 764 subdiali
2129 726 2250 780 qua:

680 801 825 853 dicta
862 812 944 854 cst
975 805 1114 855 auiae
1155 803 1571 871 respondentes,
1616 806 1907 872 locumque
1939 804 2250 858 volentibus

682 893 895 956 dantes,
925 904 980 946 ut
1008 909 1072 946 ex
1108 895 1223 963 ipso
1256 897 1456 965 templo
1491 908 1666 957 extra,
1701 905 1757 950 et
1805 912 2025 949 rursum
2057 897 2123 948 ab
2152 911 2248 948 cx-

685 982 870 1035 tcriori
913 985 1095 1053 templi
1126 995 1277 1053 parte
1312 987 1365 1038 in
1395 988 1653 1055 templum
1675 988 1987 1056 prospicere
2019 985 2248 1052 possint.

687 1074 787 1128 Ubi
822 1074 889 1127 ad
925 1075 1115 1129 Levutu
1144 1078 1409 1130 columna:
1441 1078 1585 1131 latus
1642 1081 1692 1131 in
1723 1079 2092 1132 cancellorum
2146 1092 2254 1130 uno

684 1167 1014 1220 cmicantem
1042 1184 1268 1222 cernere
1301 1181 1384 1222 est
1427 1171 1747 1224 immensam
1782 1171 2072 1238 quamdam
2119 1170 2255 1222 stel-

685 1262 789 1314 lam
827 1263 924 1331 (l),
957 1280 1053 1332 per
1088 1265 1378 1318 fc‘lteslrum
1427 1265 1832 1319 discurrentem
1885 1275 1940 1319 et
1969 1265 2256 1333 splendide

684 1363 1092 1414 coruscantem,
1125 1362 1180 1405 et
1215 1354 1377 1406 modo
1405 1355 1571 1406 veluti
1599 1363 1928 1416 cessantem,
1959 1369 2086 1406 mox
2125 1367 2256 1406 vero

688 1457 904 1493 rursum
945 1442 1244 1511 derepente
1291 1446 1670 1514 atl'ulgentem.
1729 1446 1786 1498 ld
1827 1445 1972 1513 quod
2011 1446 2090 1498 eis
2141 1454 2259 1496 tan-

686 1546 801 1586 tum
836 1535 1029 1588 diebus
1057 1535 1133 1596 fit,
1170 1539 1369 1605 quibus
1399 1539 1658 1591 memoria
1690 1537 1862 1590 sancti
1897 1538 1996 1590 viri
2030 1536 2254 1590 colitur.

693 1625 832 1681 Sunt
873 1627 1037 1679 etiam
1067 1628 1160 1696 qui
1193 1630 1471 1683 memoriae
1502 1631 1888 1699 prodiderunt,
1920 1629 2092 1698 ipsius
2120 1645 2259 1698 quo-

690 1733 796 1784 que
830 1717 1120 1788 Symeonis
1143 1721 1337 1775 faciem
1373 1725 1519 1777 illam
1583 1724 1692 1777 huc
1749 1734 1914 1791 atque
1963 1722 2092 1776 illuc
2127 1722 2232 1774 voli

2357 622 2400 672 δ’
2431 625 2488 672 ὲν
2513 624 2580 689 τῇ
2636 623 2826 692 μνήμῃ
2881 622 3042 690 μόνον
3075 622 3169 673 τοῦ
3211 621 3369 686 ἁγίου
3414 617 3749 686 ἐγγίνεσθαι.
3807 618 3935 668 Εἰσὶ

2357 713 2411 764 δὲ
2459 713 2507 764 οἳ
2549 714 2976 781 καθιστόρησαν,
3029 713 3124 765 καὶ
3154 712 3287 764 αὐτὸ
3316 712 3492 763 ἐκεῖνο
3537 709 3597 761 τὸ
3639 707 3731 760 τοῦ
3779 707 3934 759 ὁσίου

2360 805 2654 873 πρόσωπον
2714 803 2818 858 ᾆδε
2880 808 3102 859 κάκεῖσε
3159 807 3617 875 περιιπτάμενον,
3674 804 3777 854 ἀνὰ
3839 803 3936 853 τὸν

2362 897 2552 948 στῦλον
2583 897 2831 959 θεᾶσθαι,
2877 898 2971 968 τὴν
3027 899 3243 967 ὑπήνην
3300 897 3627 965 καθειμένον
3663 896 3738 958 ὡς
3796 898 3936 964 σχή-

2363 1004 2532 1055 ματος
2557 985 2695 1056 εἶχε,
2733 990 2828 1040 καὶ
2872 989 3038 1058 τιάρα
3064 991 3163 1059 τὴν
3209 990 3453 1057 κεφαλὴν
3491 988 3934 1055 καλυπτόμενον,

2361 1078 2434 1140 ὥς
2475 1097 2536 1145 γε
2574 1076 2643 1147 ἦν
2671 1079 2880 1142 εἰωθός.
2924 1080 3131 1149 Ὀρῶσι
3164 1081 3219 1132 δὲ
3253 1082 3453 1143 πάντες
3493 1080 3554 1131 τὸ
3596 1079 3806 1149 θαῦμα,
3841 1081 3940 1133 καὶ

2361 1175 2618 1240 γυναῖκες
2653 1173 2756 1235 ἔξω
2787 1173 2916 1242 περί
2949 1173 3048 1233 τὰς
3080 1173 3240 1240 φλιας
3290 1172 3529 1223 ἑστῶσαι
3565 1187 3580 1202 ⁸
3625 1174 3658 1241 ἠ
3693 1172 3801 1240 γὰρ
3837 1173 3938 1239 μία

2363 1265 2473 1316 τῶν
2533 1263 2767 1332 θυρίδων
2827 1265 3054 1332 ἀντικρὺ
3109 1264 3202 1316 τοῦ
3264 1263 3642 1329 σελαγίςεντος
3703 1265 3938 1330 ἀστέρος

2361 1358 2497 1411 ἐστί.
2538 1357 2712 1424 Πολλὴ
2744 1357 2850 1423 γαρ
2882 1374 2966 1418 τις
2995 1357 3172 1408 ἔνεστι
3206 1355 3422 1423 φυλακὴ
3449 1355 3523 1422 τῷ
3556 1353 3738 1424 χώρῳ,
3766 1353 3841 1414 ὡς
3871 1355 3940 1406 iv

2366 1451 2444 1515 μὴ
2471 1448 2608 1516 λάθῃ
2635 1450 2772 1516 γυνὴ
2799 1448 2906 1499 τῶν
2941 1446 3104 1514 ἱερῶν
3131 1445 3436 1514 περιϐόλων
3467 1445 3574 1496 ἔσω
3607 1449 3936 1512 φοιτήσασα.

2362 1539 2428 1592 Οἱ
2457 1540 2500 1592 δ’
2535 1539 2724 1608 ἄνδρες
2758 1541 2852 1590 καὶ⁸
2888 1537 3306 1606 τῶν’ἁγροίκιι›ν
3339 1537 3571 1589 εἰσίασιν
3611 1536 3758 1588 ἔνδον
3798 1536 3940 1603 μετα

2361 1632 2470 1682 τῶν
2495 1631 2815 1700 νωτοφόρων
2857 1633 3031 1698 σφίσι,
3066 1631 3328 1692 πολλάκις
3371 1628 3801 1698 περιπολοῦντες
3844 1627 3940 1680 τον

2364 1725 2539 1774 κίονα.
2575 1724 2826 1774 Τοσαῦτα
2854 1725 2983 1790 περὶ
3011 1723 3105 1774 τοῦ
3137 1721 3389 1790 Συμεών.

693 1827 917 1878 tantem,
980 1819 1044 1870 ad
1080 1820 1390 1872 columnam
1442 1822 1638 1883 videri,
1685 1821 1870 1881 barba,
1921 1818 2082 1872 sicuti
2138 1833 2256 1870 eam
2297 1827 2625 1886 gestaverat,
2670 1818 3046 1880 submissiore,
3106 1827 3160 1870 et
3197 1816 3372 1884 capite
3448 1816 3580 1868 tiara
3605 1825 3781 1875 tecto;
3810 1828 3938 1865 nam

693 1911 771 1962 sic
801 1927 1019 1979 quoque
1058 1913 1145 1965 ille
1177 1914 1426 1967 incedere
1451 1915 1645 1968 solitus
1678 1912 1877 1967 fuerat.
1921 1911 2244 1965 Miraculum
2282 1911 2384 1964 hoc
2447 1921 2698 1979 spectant
2757 1927 2968 1972 omnes,
3048 1911 3306 1963 mulieres
3351 1924 3588 1978 quoque,
3637 1909 3730 1961 sed
3784 1915 3939 1961 extra

693 2005 953 2071 templum
1004 2019 1066 2058 ac
1123 2018 1306 2075 postes
1345 2017 1570 2061 stantes.
1622 2007 1794 2062 Janus
1836 2010 1980 2061 enim
2035 2024 2140 2060 una
2223 2019 2289 2057 cx
2328 2003 2562 2057 adverso
2596 2005 2764 2058 stella:
2796 2003 3024 2073 fulgenti
3058 2003 3236 2056 locata
3272 2013 3376 2056 est.
3446 2002 3521 2055 Ne
3547 2003 3689 2054 enim
3738 2001 3944 2052 mulier

693 2099 960 2164 qumpiam
989 2111 1196 2152 sacram
1227 2101 1397 2154 aidem
1424 2101 1563 2154 forte
1593 2102 1953 2170 ingrediatur,
1986 2103 2150 2156 etiam
2190 2110 2355 2168 atque
2385 2098 2550 2152 etiam
2587 2100 2775 2152 nescio
2810 2114 2972 2167 quam
3009 2100 3080 2152 ob
3111 2113 3330 2152 causam
3359 2113 3455 2166 per
3485 2095 3789 2149 custodiam
3815 2097 3943 2147 loco

692 2190 743 2242 ci
775 2190 1084 2258 impositam
1119 2202 1366 2246 cavetur.
1410 2193 1518 2247 Viri
1551 2205 1759 2258 autem,
1789 2195 1954 2247 etiam
1985 2211 2048 2247 ex
2101 2192 2346 2255 rusticis,
2411 2207 2518 2244 una
2559 2206 2682 2245 cum
2749 2190 3017 2260 jumentis
3069 2191 3183 2244 suis
3240 2188 3630 2259 ingrediuntur
3657 2226 3670 2248 ,
3740 2189 3947 2254 saepius

695 2285 1006 2337 columnam
1034 2284 1203 2354 ipsam
1237 2288 1666 2369 circumeuntes.
1708 2288 1835 2342 ":t‘c
1863 2289 1929 2341 de
1965 2287 2257 2357 Symcone.

1218 2401 1379 2473 564
1418 2402 1641 2459 CAPUT
1666 2405 1775 2458 Lll.

698 2496 773 2550 De
815 2503 1003 2549 sancto
1034 2503 1081 2547 ei
1119 2513 1310 2564 magno
1353 2496 1659 2565 Etttliymio,
1707 2497 1931 2565 aliisque
1965 2497 2054 2566 qui
2085 2504 2265 2548 sancte

1116 2572 1300 2635 pieque
1337 2568 1498 2619 vitam
1537 2579 1842 2637 exegerunt.

770 2681 884 2735 Sub
915 2681 1109 2735 eodem
1141 2683 1370 2751 imperio
1405 2697 1636 2750 magnus
1665 2683 1828 2735 etiam
1885 2681 1974 2734 ille
2011 2690 2063 2732 et
2098 2680 2268 2749 incly-

701 2784 789 2826 tus
822 2774 1150 2842 Eutliymius
1191 2775 1241 2826 in
1276 2774 1561 2827 Pal-.estina
1596 2774 1874 2827 excelleit.
1907 2773 2007 2838 Qui
2036 2773 2138 2826 sub
2177 2771 2270 2824 Va-

630 2901 648 2921 -.
702 2867 1167 2935 lciithuidcmcx
1202 2867 1571 2935 promissione
1596 2878 1778 2930 natus,
1812 2882 1840 2918 a
1875 2881 2070 2934 magno
2088 2874 2268 2918 autem

701 2959 888 3012 (ltreio
915 2960 1116 3014 Acacio
1146 2959 1506 3013 Melitiuensis
1543 2957 1808 3012 Ecclesia:
1843 2960 2116 3027 episcopis
2166 2959 2272 3011 rite

704 3055 898 3105 doctus
932 3061 1094 3120 atque
1121 3052 1354 3105 eductus
1393 3069 1404 3103 :
1443 3051 1645 3104 deinde
1696 3052 1750 3104 in
1817 3053 2270 3121 presbyterorum

705 3147 950 3198 ordinem
985 3145 1234 3204 allectus,
1259 3159 1536 3196 sacrarqu
1575 3153 1780 3196 tantum
1841 3159 2020 3196 rerum
2083 3160 2271 3196 curant

706 3239 896 3300 gessit.
951 3227 1151 3290 Postea.
1181 3236 1234 3288 in
1285 3235 1568 3288 Palaestina
1621 3251 1724 3287 una
1766 3250 1888 3288 cum
1951 3233 2273 3286 admirando

708 3331 1024 3384 'l‘neoctisto
1054 3330 1105 3381 iu
1143 3340 1301 3381 antro
1340 3328 1581 3396 quodam
1611 3329 1830 3379 virtutis
1862 3327 2054 3380 statuit
2101 3326 2270 3379 offici-

712 3439 832 3477 nam
866 3439 880 3475 :
919 3423 1210 3491 multisque
1239 3431 1294 3475 et
1321 3421 1485 3473 variis
1508 3420 1680 3483 cellis,
1713 3420 2004 3473 sanctioris
2036 3419 2276 3487 philoso—

714 3519 854 3585 pliize
912 3516 1088 3570 mellis
1136 3515 1371 3584 stipandi
1432 3514 1605 3581 gratia
1665 3512 2023 3576 constructis,
2088 3512 2278 3581 ingens

713 3609 959 3666 condidit
997 3607 1418 3675 tnunasmriuut.
1474 3607 1528 3659 lti
1588 3615 1796 3659 tantum
1842 3616 2025 3658 autem
2075 3605 2277 3657 virtute

712 3702 932 3763 enituit,
971 3711 1027 3752 ut
1061 3715 1183 3754 cum
1218 3715 1391 3752 canon
1426 3710 1589 3759 esset,
1623 3708 1679 3752 et
1739 3699 1980 3752 formula
2040 3698 2273 3751 instituti

2975 2395 3225 2447 KE¢.\A.
3271 2390 3364 2443 IB'.

2369 2491 2506 2557 Περὶ
2545 2489 2648 2541 τοῦ
2680 2489 2854 2553 ἁγίου
2881 2486 2978 2557 καί
3003 2487 3272 2552 μεγάλου
3330 2487 3655 2557 Eum-uim),
3711 2485 3805 2535 καί
3836 2484 3949 2534 ἁλ-

2565 2564 2693 2612 λων
2724 2555 3016 2623 θεοφιλῶς
3047 2558 3154 2607 τὸν
3179 2557 3322 2618 βίον
3343 2555 3737 2620 διηνυκότων.

2450 2675 2574 2726 Ἐπὶ
2609 2674 2663 2724 δὲ
2698 2672 2795 2738 τῆς
2823 2671 2992 2738 αὐτῆς
3022 2670 3318 2739 ἡγεμονίας
3356 2671 3452 2722 καὶ
3480 2669 3756 2735 Εὖθύμιος
3785 2669 3938 2719 ὲκεί-

2370 2784 2457 2828 νος
2487 2768 2512 2818 ὁ
2566 2765 2738 2833 μέγας
2793 2764 2886 2814 καὶ
2922 2761 3254 2828 περιϐόητος
3305 2762 3406 2813 ἀνὰ.
3441 2761 3536 2829 τὴν
3572 2760 3952 2822 Παλαιστίνην

2371 2858 2687 2926 διέλαμπεν·
2725 2855 2785 2917 ἐξ
2821 2852 3157 2918 ἐπαγγελίας
3201 2853 3300 2919 μὲν
3353 2852 3762 2919 γεγεννημένος
3803 2854 3953 2902 κατὰ

2371 2952 2498 3010 τοὺς
2526 2950 2746 3018 χρόνους
2780 2948 3107 3006 Οὐάλεντος,
3153 2945 3390 3013 Ὀτρηῖῳ
3437 2945 3493 2997 δὲ
3540 2946 3617 3011 τῷ
3666 2944 3808 2996 πάνυ
3855 2948 3955 2996 καὶ

2387 3042 2627 3110 Ἀκακίῳ
2656 3041 2769 3100 τοῖς
2801 3037 2899 3106 τῆς
2931 3037 3238 3090 Μελιτινῶν
3265 3036 3564 3102 ἐκκλησίας
3588 3035 3754 3097 θείοις
3775 3035 3954 3102 καθη-

2375 3136 2573 3203 γεμόσι
2620 3132 2850 3201 τραφεὶς
2903 3130 3070 3196 ἀξίως
3109 3130 3204 3181 καὶ
3263 3128 3515 3190 παιδείας
3564 3128 3910 3197 μετειληχώς
3941 3143 3954 3153 ·

2376 3225 2493 3279 εἶτα
2521 3226 2619 3294 τὴν
2655 3223 2748 3276 τοῦ
2787 3220 3162 3290 πρεσϐυτέρου
3194 3219 3412 3287 δέχεται
3449 3219 3814 3286 χειροτονίαν,
3855 3221 3958 3267 καὶ

2375 3321 2483 3372 τῶν
2513 3319 2673 3386 ίερῶν
2708 3316 2885 3385 μονῶν
2905 3317 3002 3383 τὴν
3030 3313 3353 3380 ἐπιμέλειαν
3374 3311 3692 3379 ἐκληροῦτο.
3713 3309 3957 3364 Ἔπειτα

2379 3414 2518 3465 κατᾶ
2556 3410 2926 3476 Παλαιστίνην
2951 3407 3269 3474 γενόμενος,
3305 3404 3360 3455 ἕν
3392 3421 3501 3455 τινι
3541 3404 3798 3470 σπηλαίῳ
3829 3400 3960 3452 σύν-

2380 3523 2493 3574 αμα
2527 3503 2602 3573 τῷ
2633 3499 2936 3570 θαυμαστῷ
2966 3498 3277 3565 Θεοκτίστῳ
3301 3497 3360 3548 τὸ
3383 3497 3483 3563 τῆς
3514 3497 3717 3566 ἀρετῆς
3747 3497 3963 3563 πήγνυ-

2380 3613 2468 3648 ται
2500 3597 2885 3664 ἐργαστήριον,
2924 3594 3018 3643 καὶ
3053 3590 3114 3642 τὸ
3154 3592 3249 3657 τῆς
3284 3589 3606 3656 φιλοσοφίας
3641 3588 3963 3638 ἐκπονεῖται

2385 3690 2480 3741 σὺν
2513 3687 2705 3754 ἐκείνῳ
2739 3685 2860 3754 μέλι
2895 3684 3000 3735 ὑπὸ
3030 3682 3246 3742 πολλοῖς
3270 3681 3364 3731 καὶ
3395 3679 3674 3748 διαφόροις
3707 3694 3968 3743 καταγω-

719 3792 1023 3852 munastici.
1053 3801 1162 3844 tum
1191 3791 1467 3844 miraculis
1494 3793 1657 3844 etiam
1690 3791 1916 3844 edendis
1950 3790 2277 3859 praeclarum
2308 3756 2350 3810 Ο
2383 3799 2397 3846 1

2308 3756 2350 3810 α
2383 3782 2546 3847 γίοις¹
2580 3780 2670 3831 καὶ
2715 3777 2924 3844 λαύραν
2970 3773 3332 3844 ὑπερμεγέθη
3371 3772 3676 3839 συνίστησι·
3725 3771 3820 3822 καὶ
3869 3772 3967 3821 ἐπὶ

716 3885 985 3936 obtineret
1027 3899 1248 3937 nomen.
1282 3883 1414 3936 Nam
1444 3883 2038 3951 Pcrsarumeujusdum
2073 3882 2283 3935 tribuni

721 3976 890 4027 lilium
935 3974 1125 4025 morbo
1158 3973 1446 4026 liberatum
1469 3973 1533 4025 ad
1576 3973 2006 4026 incolumitatem
2041 3973 2286 4031 reduxit,

718 4076 774 4117 et
804 4066 926 4118 cceli
965 4067 1160 4133 januas
1192 4065 1432 4131 aperuit,
1485 4076 1646 4132 atque
1676 4065 1850 4116 sterili
1894 4073 2050 4117 teme
2089 4064 2284 4115 fertili-

723 4166 883 4210 tatem
917 4154 1262 4208 orationibus
1303 4155 1635 4208 couciliarit.
1676 4154 1868 4207 Effecit
1895 4156 2056 4207 etiam
2084 4197 2098 4220 ,
2135 4163 2191 4205 ut
2222 4171 2286 4208 ex

725 4248 1063 4316 paucissimis
1095 4246 1314 4314 plurimi
1353 4261 1518 4313 panes
1551 4244 1764 4307 li.-rent,
1796 4245 1995 4312 quibus
2029 4245 2289 4311 quadrin-

724 4344 866 4409 genti
901 4342 1000 4395 viri
1037 4341 1222 4395 refecti
1255 4349 1377 4393 sunt
1410 4358 1422 4393 :
1461 4341 1723 4392 mulieres
1758 4341 1974 4393 steriles
2026 4338 2291 4392 fecundas

725 4435 981 4488 reddidit.
1013 4435 1147 4488 Cum
1189 4435 1358 4487 sacris
1383 4434 1626 4503 mysticis
1661 4444 2007 4500 operaretur.
2042 4433 2133 4484 lux
2183 4447 2293 4484 cce-

726 4531 854 4581 litus
874 4526 1100 4596 perinde
1124 4535 1288 4594 atque
1308 4525 1558 4578 columna
1586 4525 1872 4593 alfulgens,
1896 4540 2020 4577 eum
2050 4525 2287 4577 circum-

727 4622 876 4673 dedit
909 4638 920 4672 :
959 4619 1126 4671 veluti
1176 4633 1310 4671 voce
1343 4619 1567 4677 emissa,
1629 4627 1833 4685 quanta
1897 4619 2021 4669 vita:
2055 4618 2291 4685 puritate

724 4711 806 4762 vir
832 4709 877 4762 is
910 4717 1054 4762 esset
1085 4707 1353 4760 iudicans.
1382 4707 1445 4759 Et
1479 4721 1592 4775 quo
1620 4707 1853 4775 quisque
1882 4723 2071 4759 eorum
2105 4709 2294 4760 animo

725 4815 889 4864 esset,
923 4800 1015 4870 qui
1058 4801 1123 4854 ad
1159 4815 1371 4854 sacram
1405 4799 1845 4852 communionem
1886 4799 2291 4866 percipiendam

726 4894 1079 4953 accedebant,
1112 4907 1208 4960 per
1237 4907 1490 4944 arcanam
1549 4890 1938 4942 revelationem
1998 4890 2296 4957 perSpirie-

731 4988 842 5049 bat,
876 4988 1018 5054 quod
1053 4984 1420 5038 clarissimum
1474 4999 1701 5050 prorsus
1758 4982 2136 5034 sanctimonia:
2179 4985 2296 5050 ejus

2385 3873 2541 3924 τόσον
2573 3869 2860 3938 προελθεῖν
2890 3869 3116 3934 ἀρετῆς,
3145 3867 3216 3926 ὡς
3243 3865 3448 3917 κανόνα
3479 3865 3573 3915 καὶ
3602 3865 3773 3914 τύπον
3807 3864 3970 3928 γενέ-

2389 3964 2511 4016 σθαι
2543 3963 2635 4013 τὸν
2665 3961 2778 4029 βίον
2816 3959 3117 4029 μοναδικῆς
3155 3957 3562 4016 καταστάσεως·
3600 3957 3882 4023 περιφανῆ
3908 3954 3971 4004 δὲ

2387 4054 2640 4123 γενέσθαι
2681 4055 2792 4114 τοῖς
2830 4051 3097 4118 θαύμασι.
3131 4050 3237 4100 Τοῦ
3276 4050 3384 4115 γὰρ
3421 4049 3646 4114 Περσῶν
3681 4047 3970 4114 φυλαρχου

2388 4149 2478 4200 τὸν
2515 4147 2678 4198 παῖδα
2710 4144 2979 4214 ἀρτιμελῆ
3017 4144 3112 4194 καὶ
3159 4141 3296 4192 σῶον
3329 4140 3564 4203 ἐδείκνυ,
3605 4141 3694 4190 καὶ
3730 4139 3828 4198 τὰς
3869 4138 3970 4188 τοῦ

2390 4239 2622 4309 οὐρανοῦ
2655 4237 2824 4306 θύρας
2866 4237 3093 4304 ἀνέῳξε,
3136 4235 3230 4286 καὶ
3262 4234 3489 4300 γόνιμον
3515 4230 3613 4300 τὴν
3653 4231 3757 4298 γῆν
3786 4232 3976 4297 ἀκαρ-

2392 4336 2520 4386 πίαν
2548 4331 2812 4385 νοσοῦσαν
2849 4330 3305 4399 παρεσκευᾶσατο
3353 4328 3472 4386 ταῖς
3507 4324 3713 4391 εὐχαῖς.
3751 4322 3976 4390 Πλῆθος

2392 4428 2444 4479 δὲ
2481 4427 2656 4494 ἄρτων
2691 4426 2751 4475 ἐκ
2801 4423 2940 4473 πάνυ
3000 4417 3360 4490 βραχυτάτων
3395 4416 3647 4483 πηγάσαι
3683 4413 3971 4479 ἐποίησεν,

2395 4519 2452 4576 ἐξ
2501 4513 2574 4570 ὧν
2613 4518 2708 4570 καὶ
2752 4515 3100 4585 τετρακόσιοι
3129 4511 3323 4578 ἄνδρες
3373 4511 3714 4578 ἐτράφησανο
3750 4507 3976 4573 γυναιξὶ

2394 4611 2436 4662 δ’
2471 4608 2896 4677 ὲστειρωμέναις
2932 4606 3027 4666 τὰς
3068 4605 3286 4673 μήτρας
3317 4601 3570 4652 εὐτεκνού
3586 4617 3677 4660 τας
3709 4598 3975 4650 καθίστα.

2396 4704 2505 4774 Τὴν
2537 4703 2579 4754 δ’
2615 4702 2767 4770 ἱερὰν
2799 4696 3178 4756 ἐπιτελοῦντος
3213 4694 3632 4762 μυσταγωγέαν,
3658 4692 3774 4757 φῶς
3811 4691 3977 4758 οὖρα-

2396 4798 2545 4850 νόθεν
2570 4790 2768 4861 οἷάπερ
2804 4792 2994 4852 στῦλος
3036 4789 3381 4858 περιλαμπον
3431 4785 3516 4836 ἐπ’
3552 4784 3717 4836 αὑτὸν
3751 4782 3979 4834 καθεῖτο

2399 4887 2822 4954 συμπαρεστὼς·
2862 4885 2954 4935 καὶ
2985 4881 3149 4934 οἱονεὶ
3182 4880 3367 4947 φωνὴν
3396 4877 3599 4944 ἀφιεὶς,
3635 4870 3746 4935 οἷος
3782 4877 3852 4943 τῇ
3877 4873 3976 4925 τοῦ

2401 4979 2514 5048 βίου
2549 4975 2900 5045 λαμπρότητι
2955 4975 2982 5024 ὁ
3034 4973 3194 5040 ἀνήρ’
3234 4971 3328 5021 καὶ
3377 4967 3487 5019 τῶν
3535 4966 3877 5033 προσιόντων
3908 4967 3978 5031 τῇ

730 5095 956 5137 summa:
990 5077 1249 5130 indicium
1283 5077 1404 5130 fuit.
1452 5076 1704 5140 Migravit
1747 5086 1928 5128 autem
1960 5076 2044 5126 vir
2104 5076 2296 5126 beatus
2332 5094 2372 5147 ι)
2405 5077 2408 5110 ε

2332 5094 2372 5147 ι)
2405 5071 2524 5140 Θείᾳ
2582 5067 2835 5134 κοινωνία
2875 5060 2987 5126 οἷος
3041 5063 3274 5122 ῑιιαστος
3332 5059 3429 5128 τὴν
3480 5057 3719 5109 διάθεσιν
3771 5056 3982 5122 νοερῶς

732 5173 798 5226 ad
831 5172 1142 5234 Dominum,
1206 5186 1328 5224 cum
1390 5169 1684 5238 nonaginta
1751 5177 1805 5221 et
1857 5177 2063 5236 septem
2124 5182 2297 5218 annos

731 5265 1019 5333 exegisset,
1055 5263 1236 5317 Leone
1279 5277 1474 5332 magno
1515 5263 1843 5329 imperante.
1878 5260 1994 5312 Vita
2040 5259 2294 5310 modera-

739 5371 825 5413 tus
875 5369 931 5413 et
991 5358 1238 5412 moribus
1292 5373 1555 5427 perquam
1611 5355 1838 5423 simplex
1895 5353 1998 5406 fuit
2044 5368 2057 5405 :
2121 5351 2303 5404 colore

737 5452 1027 5516 candidus,
1064 5463 1120 5506 et
1149 5452 1214 5504 ad
1247 5451 1453 5506 femora
1489 5465 1657 5518 usque
1684 5448 2032 5518 promissam,
2071 5459 2303 5512 eamque

737 5547 964 5599 densam
1030 5546 1240 5599 liabeus
1297 5545 1543 5598 barbam.
1605 5542 1678 5596 De
1722 5557 1830 5610 quo
1881 5540 2014 5592 illud
2067 5538 2305 5591 historia;

745 5647 1098 5692 memorant:
1140 5653 1264 5691 cum
1334 5635 1637 5690 monachus
1697 5633 1918 5703 quidam
1974 5641 2302 5690 moreretur,

743 5733 835 5801 qui
863 5731 1135 5800 egregiam
1159 5730 1376 5783 virtutis
1395 5741 1448 5783 et
1475 5728 1744 5781 castitatis
1766 5728 1961 5778 faniam
2004 5723 2303 5783 obtineret,

2404 5165 2650 5231 ἐμυεῖτο,
2683 5160 2710 5210 ὃ
2732 5160 3031 5227 τεκμήριον
3058 5153 3471 5223 ὲμφ-ανέστατον
3495 5149 3738 5217 ἀτεχνῶς
3766 5148 3867 5215 τῆς
3899 5151 3983 5209 εἰς

2406 5255 2570 5320 ἀκρον
2595 5251 2804 5302 ἐκείνου
2831 5250 3180 5315 καθάρσεως.
3214 5241 3497 5310 Ἐξεδὴμει
3521 5239 3576 5291 δὲ
3608 5238 3744 5306 πρὸς
3774 5237 3984 5304 Κύριον

2407 5349 2434 5399 ὁ
2475 5349 2744 5415 μακάριος
2801 5343 2998 5394 ἑκατὸν
3058 5339 3192 5391 ἐτῶν
3250 5334 3488 5404 γεγονὼς
3536 5333 3765 5384 δεόντων
3802 5330 3987 5396 μόνων

2408 5441 2599 5510 τριὼν,
2631 5439 2858 5497 Λέοντος
2893 5434 2984 5485 τοῦ
3019 5432 3256 5502 μεγάλου
3287 5429 3385 5497 τὴν
3422 5426 3597 5495 ἀρχὴν
3624 5421 3983 5480 διιθύνοντος’

2413 5536 2631 5602 μέτριος
2661 5529 2736 5581 ὢν
2755 5530 2813 5580 τὸ
2843 5525 2993 5596 ἦθος,
3029 5528 3122 5577 καὶ
3151 5524 3244 5576 τὸν
3269 5523 3472 5590 τρόπον
3501 5519 3644 5584 μάλα
3667 5514 3986 5566 ἁπλούστα-

2407 5643 2516 5689 τος·
2553 5626 2609 5677 τὸ
2642 5624 2696 5675 δὲ
2725 5621 2923 5692 χρῶμα
2949 5620 3166 5679 λευκὸς,
3226 5616 3355 5682 ἄχρι
3395 5614 3501 5664 τῶν
3545 5608 3734 5679 μηρῶν
3763 5607 3989 5658 δασεῖαν

2410 5720 2740 5785 καθειμένην
2785 5714 2880 5783 τὴν
2940 5715 3153 5781 ὑπήνην
3207 5712 3364 5778 ἔχων.
3431 5707 3737 5772 Ἱστίρηται
3796 5701 3987 5763 μέντοι

822 5873 898 5945 (Ι)
931 5872 1080 5926 Hanc
1127 5872 1335 5926 stellam
1406 5885 1461 5924 se
1512 5868 1710 5922 vidisse
1784 5866 1968 5920 scribit
2029 5863 2313 5929 iiragrius,
2365 5859 2454 5912 lib,
2499 5877 2534 5918 ι,
2590 5876 2708 5923 rap.
2748 5859 2829 5909 Η.
