4250 6440
677 416 814 483 1'251

1871 414 2284 475 NICEPHORI
2332 413 2672 475 CALLISTI

3805 405 3938 470 125-).

682 541 876 584 monte.
893 528 1176 584 monachis
1202 524 1417 594 prrcfuit
1445 541 1457 579 :
1489 524 1646 579 Nilus
1671 533 1723 576 ct
1752 523 1964 577 Marcus
1997 525 2243 593 praaelari
2279 533 2321 587 Α
2353 526 2360 576 l

2239 526 2243 576 i
2279 533 2321 587 Α
2353 524 2543 585 Νεῖλός
2581 540 2638 574 τε
2677 522 2772 573 καὶ
2823 519 3055 589 Μάρκος
3101 520 3149 572 oi
3205 517 3518 586 περιϐόητοι
3555 518 3826 586 ἀσκηταί·
3859 518 3917 570 ἔτ

681 631 904 684 τιςοοιαξ,
940 630 996 674 et
1053 619 1269 686 sapirns
1309 618 1436 670 item
1471 616 1598 686 Cyri
1631 614 1705 683 (l)
1743 616 1988 669 ecclesia:
2029 616 2256 670 antistes

681 715 1052 769 Theodoritus
1075 752 1088 773 ,
1123 725 1358 780 quorum
1401 723 1593 777 magna
1627 708 1798 776 gloria
1831 717 1915 760 est
1938 749 1950 769 ,
1995 717 2054 759 ut
2083 718 2257 776 poetae

683 806 869 861 verbis
903 816 1045 859 utar.
1093 806 1434 871 Pracceptore
1480 802 1515 854 ii
1554 801 1604 852 in
1641 809 1875 867 utraque
1908 801 2257 868 philosotihia

683 913 880 967 magno
915 896 997 949 usi
1050 905 1178 948 sunt
1221 893 1636 962 Chrysostomo.
1691 891 1858 961 Igitur
1900 892 2118 947 divinus
2162 893 2259 946 lsi-

682 992 852 1043 ιΙοι-υε
889 991 999 1059 jam
1045 986 1175 1040 inde
1222 986 1288 1038 ab
1335 985 1703 1039 adolescentia
1736 986 1811 1038 ita
1848 985 1901 1038 in
1939 984 2258 1039 monasticis

682 1080 960 1136 laboribus
991 1080 1312 1142 desudavit,
1344 1087 1399 1134 et
1437 1082 1508 1134 ita
1544 1095 1790 1145 carnem,
1822 1081 2060 1134 animam
2096 1096 2257 1134 arca-

687 1173 770 1225 nis
799 1171 1327 1238 sublimioribusque
1369 1168 1641 1224 doctrinis
1673 1170 1896 1235 fovens,
1933 1173 2254 1238 maceravit,

684 1275 743 1318 ut
792 1264 1157 1333 evangelicam
1211 1278 1440 1332 prorsus
1491 1262 1715 1331 degeret
1767 1258 1978 1327 vitam;
2031 1274 2085 1316 et
2134 1265 2255 1317 viva

684 1357 1034 1423 animataque
1066 1354 1351 1407 monastici
1387 1354 1626 1406 instituti
1664 1353 1974 1422 divinchue
2007 1366 2256 1408 contem-

686 1449 942 1515 plationis
973 1447 1226 1499 columna
1251 1487 1264 1509 ,
1299 1455 1354 1498 et
1393 1445 1558 1498 veluti
1599 1445 1926 1512 primarium
1974 1446 2254 1513 quoddam

684 1539 992 1605 exemplum
1027 1538 1304 1606 ﬂagrantis
1334 1536 1700 1590 annulationis
1736 1537 2114 1606 doctrinaeque
2147 1539 2257 1606 Spi-

687 1631 895 1682 ritualis
929 1639 1092 1683 esset.
1128 1630 1294 1682 Multa
1329 1631 1395 1681 ah
1427 1645 1494 1682 eo
1521 1629 1722 1697 scripta
1760 1641 1907 1692 sunt,
1941 1631 2104 1683 variae
2145 1632 2254 1683 uti-

684 1722 853 1774 litatis
919 1723 1119 1790 plena:
1180 1722 1523 1788 potissimum
1594 1731 1818 1782 autem,
1892 1721 2253 1790 epistolarum

684 1813 862 1864 omnis
916 1812 1130 1880 generis
1192 1811 1378 1865 divina
1435 1813 1598 1866 simul
1657 1827 1713 1866 et
1775 1813 2015 1866 humana
2074 1815 2250 1881 gratia

685 1902 1044 1966 refertarum,
1083 1919 1252 1971 prope
1297 1904 1463 1955 millia
1499 1904 1723 1963 decem.
1764 1906 1816 1957 in
1863 1906 2063 1974 quibus
2096 1906 2248 1959 Scri—

686 2005 898 2063 pturam
933 2010 1152 2049 omnem
1184 1997 1388 2048 clarius
1419 1997 1665 2063 exponit,
1701 2009 1756 2050 et
1786 2012 1976 2049 omnes
2006 1997 2250 2049 omnium

687 2089 971 2141 hominum
1001 2103 1181 2142 mores
1225 2090 1499 2151 instituit,
1532 2090 1735 2158 quippe
1774 2090 1868 2156 qui
1905 2090 2122 2142 dicendi
2157 2105 2266 2162 εει-η

687 2195 817 2234 nere
866 2181 933 2234 ad
985 2180 1293 2234 docendum
1344 2181 1756 2234 accommodato
1808 2181 1860 2232 in
1909 2181 1991 2233 eis
2045 2190 2250 2234 utatur.

686 2272 829 2326 Satis
869 2288 1088 2341 quoque
1123 2273 1213 2326 ille
1246 2272 1514 2336 declarat,
1553 2287 1662 2341 quo
1694 2272 1890 2326 ardore
1926 2287 2054 2341 erga
2083 2272 2256 2325 hone-

685 2372 906 2426 statem,
942 2380 1066 2432 erga
1101 2364 1422 2427 Ecclesiam,
1459 2375 1512 2417 ot
1553 2380 1648 2420 eos
1681 2366 1774 2433 qui
1816 2373 2021 2417 temere
2057 2365 2256 2434 injuria

686 2455 1054 2519 afﬁcerentur,
1101 2455 1369 2524 ﬂagravit.
1423 2455 1645 2507 Multum
1692 2468 1958 2523 prmtcrea
1995 2454 2048 2507 in
2099 2455 2258 2507 lucu-

688 2542 1041 2598 brationibus
1077 2546 1193 2598 suis
1248 2545 1527 2598 invehitur
1559 2547 1609 2598 in
1633 2560 1728 2597 eos
1752 2546 1842 2613 qui
1876 2560 1982 2597 non
2011 2544 2113 2598 rite
2141 2545 2258 2612 epi-

687 2635 892 2701 scopali
915 2636 1354 2704 saccrdotalique
1376 2651 1600 2688 munere
1621 2635 2000 2704 fungerentur.
2028 2637 2090 2688 Et
2112 2635 2257 2702 quod

689 2734 876 2794 aperte
906 2725 1360 2795 Chrysostomum
1395 2726 1742 2787 defenderet,
1777 2728 2132 2781 vehementer
2159 2728 2262 2779 Ar-

689 2815 905 2868 cadium
942 2826 997 2868 et
1041 2816 1337 2886 Cyrillum,
1381 2827 1544 2886 atque
1592 2818 1754 2889 hujus
1793 2829 2050 2886 patruum
2078 2818 2260 2872 Theo-

690 2908 898 2974 philum
952 2908 1305 2976 perstringit,
1357 2923 1661 2976 eorumque
1711 2909 1964 2964 sinistras
1998 2910 2262 2965 adversus

689 3001 868 3053 virum
897 3016 1021 3054 eum
1060 3012 1346 3066 susceptas
1382 3002 1702 3056 molitioues
1735 3012 1882 3056 taxat
1913 3024 1925 3055 :
1958 3020 2079 3071 qua:
2111 3004 2258 3056 illum

691 3093 882 3142 eodem
912 3105 1035 3142 cum
1056 3091 1134 3144 eis
1157 3100 1398 3159 tempore
1423 3094 1664 3160 viguisse
1685 3101 1976 3146 testantur.
2002 3093 2262 3163 Cyrillum

2363 616 2418 668 δὲ
2449 615 2540 666 καὶ
2571 615 2599 664 ὁ
2620 614 2717 680 τὴν
2743 610 2938 678 σοφίαν
2963 611 3129 673 πολὺς
3155 610 3502 679 Θεοδὼρητος
3530 611 3629 678 τῆς
3647 612 3942 678 Κυρεστῶι

2362 705 2660 776 ἐκκλησίας
2697 702 3068 773 ἱερατεύσας·
3128 698 3202 756 ὧν
3258 704 3389 770 εὐρὺ
3447 703 3606 764 κλέος
3659 706 3795 755 κατὰ
3841 705 3939 770 τὴν

2365 800 2606 868 ποίησιν·
2657 798 2964 867 διδασκάλῳ
3017 797 3096 867 τῷ
3151 797 3370 865 μεγαλῳ
3421 796 3793 864 Χρυσοστὸμῳ
3848 802 3944 848 καὶ

2362 892 2483 945 κατ’
2513 891 2682 960 ἄμφω
2710 890 3046 959 φιλοσοφίας
3077 890 3455 959 χρησάμενοι.-
3473 888 3533 940 '0
3564 886 3663 955 μὲν
3685 886 3777 939 οῦν
3803 887 3944 947 θεῖος

2372 985 2642 1053 Ἰσίδωρος
2675 983 2736 1048 ἐξ
2767 984 2845 1036 ἐτι
2878 985 2998 1036 νέου
3036 987 3153 1046 τοῖς
3186 982 3510 1050 ἀσκητικοίς
3563 979 3708 1033 οὕτω
3757 980 3945 1039 πόνοις

2363 1074 2644 1141 ἐνίδρωσε,
2674 1076 2768 1126 καὶ
2813 1074 2912 1144 τὴν
2947 1077 3131 1143 σάρκα
3169 1073 3459 1142 κατέτηξε,
3489 1072 3586 1142 τὴν
3615 1071 3793 1141 ψυχὴν
3831 1071 3944 1131 τοῖς

2362 1165 2737 1233 ἀναγωγικοίς
2778 1167 2983 1227 πιάνας
3037 1166 3146 1218 τῶν
3178 1165 3375 1232 λόγων,
3408 1165 3482 1226 ὡς
3529 1164 3824 1230 ἀγγελικὴν
3848 1164 3945 1214 ἄν-

2361 1270 2552 1322 τικρυς
2605 1253 2892 1324 μετελθεῖν
2947 1255 3082 1324 βίον,
3137 1255 3230 1307 καὶ
3275 1254 3480 1324 στήλην
3528 1255 3713 1318 ζῶσαν
3757 1271 3815 1304 τε
3848 1253 3946 1304 καὶ

2362 1348 2607 1415 ἔμψυχον
2641 1351 2742 1414 τῆς
2790 1367 2848 1402 τε
2903 1349 3243 1418 μοναστικῆς
3300 1349 3514 1416 διαίτης
3563 1348 3656 1398 καὶ
3705 1346 3804 1414 τῆς
3866 1349 3944 1406 ετς

2359 1440 2492 1491 Θεὸν
2533 1441 2790 1506 θεωρίας,
2829 1441 2921 1493 καὶ
2952 1436 3065 1492 οἷόν
3097 1457 3151 1492 τι
3183 1439 3493 1508 ἀρχέτυπον
3532 1437 3698 1505 ζήλου
3732 1438 3825 1488 καὶ
3859 1435 3938 1486 δι-

2360 1531 2666 1593 δασκαλίας
2716 1532 3098 1602 πνευματικῆς
3131 1531 3485 1599 ἐγγενέσθαι.
3516 1531 3625 1582 Καὶ
3657 1530 3720 1597 δὴ
3772 1527 3944 1580 πολλὰ

2363 1604 2461 1692 μ’ἐν
2502 1626 2652 1693 αὑτῷ
2688 1626 2906 1694 ἐγράφη
2950 1624 3221 1692 ὠφελείας
3273 1624 3490 1690 ἁπάσης
3538 1623 3782 1689 ἐμπλεω·
3840 1620 3947 1688 μά-

2362 1717 2518 1770 λιστα
2550 1719 2592 1770 δ’
2625 1717 2930 1782 ἐπιστολαὶ,
2973 1721 3195 1789 χάριτος
3243 1720 3505 1770 παντοίας
3536 1717 3756 1784 μεσταὶ,
3793 1714 3946 1774 θείας

2358 1824 2417 1858 τε
2445 1808 2561 1874 ἅμα
2600 1811 2694 1861 καὶ
2721 1809 3091 1877 ἀνθρωπίνης,
3141 1809 3274 1860 ὼσεὶ
3313 1808 3551 1877 χιλιάδες
3582 1807 3735 1860 δέκα·
3766 1805 3835 1856 δι’
3867 1799 3945 1856 ἄν

2356 1900 2538 1952 πᾶσαν
2567 1915 2623 1949 τε
2657 1900 2884 1969 Γραφὴν
2917 1899 3230 1967 σαφηνίζει,
3269 1903 3361 1952 καὶ
3398 1900 3622 1965 σύμπαν
3656 1894 3782 1966 ἦθος
3820 1915 3946 1948 παι-

2353 1990 2521 2054 δεύει,
2559 1992 3100 2058 διδασκαλικώτερον
3138 1990 3466 2060 ποιούμενος
3502 1991 3600 2059 τὴν
3636 1990 3940 2058 ὑφήγησιν.

2367 2083 2658 2148 ’ίςμφαίνει
2690 2084 2869 2135 δὲκαὶ
2918 2085 2976 2136 ὃν
3018 2081 3165 2152 εἶχεν
3220 2085 3361 2148 ὑπὲρ
3410 2084 3501 2136 τοῦ
3556 2082 3725 2134 καλοῦ
3778 2083 3945 2149 ζὴλην

2359 2174 2502 2242 ὑπέρ
2536 2191 2597 2225 τε
2631 2175 2726 2244 τῆς
2767 2174 3100 2244 Ἐκκλησίας
3138 2177 3230 2228 καὶ
3263 2179 3372 2227 τῶν
3424 2176 3598 2238 ἄλλως
3646 2175 3946 2242 ἀδικουμέ-

2359 2283 2486 2317 νων.
2526 2266 2737 2335 Πολλὴν
2794 2267 2848 2319 δὲ
2908 2270 2998 2320 καὶ
3035 2267 3390 2337 καταδρομὴν
3439 2268 3554 2318 ἔστι
3599 2269 3712 2328 τοῖς
3748 2270 3944 2337 ἐκείνῳ

2359 2359 2679 2428 πονηθεῖσιν
2711 2360 2893 2429 εὑρεῖν
2927 2355 3008 2423 οἷς
3044 2359 3298 2431 ἱερᾶσθαι
3333 2361 3464 2428 παρ’
3498 2359 3656 2423 ἀξίαν
3714 2362 3941 2426 συνέϐη.

2364 2451 2659 2520 Ἀντικρυς
2687 2451 2732 2504 δ’
2782 2452 2924 2521 ὑπὲρ
2957 2453 3049 2504 τοῦ
3085 2453 3481 2521 Χρυσοστὸμου
3531 2454 3742 2512 πνέων,
3774 2452 3948 2504 πολλὰ

2359 2558 2418 2592 τε
2467 2541 2754 2608 Ἀρκαδίου
2800 2543 2893 2594 καὶ
2947 2542 3222 2610 Κυρίλλου
3272 2543 3368 2595 καὶ
3421 2542 3514 2594 τοῦ
3568 2543 3715 2595 θείου
3750 2545 3946 2608 ἐκείνῳ

2361 2633 2625 2700 Θεοφίλου
2657 2634 3028 2700 καθάπτεται,
3069 2635 3367 2704 διελέγχων
3403 2637 3504 2703 τὴν
3534 2639 3675 2688 κατὰ
3727 2638 3820 2687 τοῦ
3853 2640 3948 2687 ἀι·-

2360 2725 2487 2792 δρδς
2521 2725 2700 2776 αὐτῶν
2738 2727 3066 2794 σκαιωρίαν·
3102 2726 3170 2778 δι’
3210 2721 3284 2778 ὧν
3336 2726 3612 2778 δείκνυται
3660 2730 3756 2778 καὶ
3801 2729 3947 2780 κατὰ

2364 2819 2454 2868 τὸν
2489 2818 2654 2868 αὑτὸν
2712 2818 2944 2879 ἐκείνοις
3001 2819 3353 2888 συνακμάσαι
3403 2820 3618 2888 χρόνον.
3672 2819 3948 2888 Κύριλλον

2363 2908 2494 2974 γοῦν
2549 2909 2625 2969 ὡς
2687 2909 2977 2978 ταραχώδη
3037 2910 3199 2977 δῆθεν
3254 2913 3647 2975 ἀναστέλλων,
3689 2916 3784 2964 καὶ
3828 2915 3947 2967 ταδ’

2364 3001 2689 3053 ἐπιστέλλει·
2742 3019 2758 3050 ι
2796 3002 3151 3066 Προσπὰθεια
3184 3003 3278 3069 μὲν
3312 3004 3410 3054 οὐκ
3439 3003 3726 3074 ὀξυδορκεί
3753 3022 3766 3036 ο
3795 3009 3949 3058 ἀντι-

2365 3093 2566 3145 παθεια
2600 3093 2657 3144 δὲ
2687 3094 2824 3155 ὅλως
2855 3095 2952 3162 οὐχ
2986 3096 3108 3164 ὁρᾷ.
3144 3094 3203 3145 El
3237 3097 3414 3146 τοίνυν
3448 3096 3720 3164 ἑκατέρας
3765 3097 3950 3170 λύμης

691 3195 824 3233 sane
859 3179 1081 3248 quidem
1131 3192 1188 3233 ut
1231 3182 1507 3234 hominem
1555 3182 1929 3236 turbulentum
1983 3186 2258 3248 refellens,
2287 3200 2333 3262 ρ

2287 3200 2333 3262 C
2370 3181 2547 3248 βούλει
2598 3184 2799 3233 σαυτὸν
2846 3182 3203 3251 καθαρεῦσαι,
3395 3184 3574 3251 βιαίας
3635 3189 3946 3254 ἀποφάσεις

695 3272 806 3323 haec
855 3285 1074 3337 quoque
1126 3271 1362 3324 scribit:
1404 3291 1420 3321 ι
1479 3272 1707 3326 Fat-oris
1761 3276 1980 3342 quidem
2045 3278 2263 3331 affectio

694 3371 914 3413 acutum
953 3377 1061 3414 non
1101 3361 1264 3424 videt,
1298 3362 1512 3415 hostilis
1545 3379 1672 3416 vero
1707 3366 1874 3418 animi
1909 3369 2094 3420 odium
2128 3369 2264 3422 nihil

696 3471 922 3523 prorsus
951 3457 1145 3508 ct'rnit.
1184 3455 1341 3524 567
1375 3456 1530 3519 Quod
1570 3459 1612 3508 si
1648 3467 1879 3526 utroque
1914 3460 2016 3514 hoc
2046 3463 2175 3515 \itio
2211 3473 2263 3517 te

698 3562 930 3615 purgare
983 3549 1249 3615 ipsumet
1296 3549 1529 3601 liberare
1564 3548 1676 3609 vis,
1731 3567 1799 3604 ne
1831 3552 2098 3606 violentas
2141 3572 2265 3609 sen-

701 3640 900 3692 tentias
941 3649 1299 3706 extorqueto,
1331 3641 1423 3693 sed
1466 3641 1615 3707 justo
1650 3641 1861 3710 judicio
1891 3622 2087 3698 causas
2114 3662 2264 3700 com-

698 3731 921 3783 mittito.
966 3731 1420 3800 Quandoquidem
1464 3744 1517 3786 et
1561 3735 1692 3796 Deo,
1728 3735 1818 3803 qui
1868 3738 2047 3789 omnia
2091 3741 2265 3806 prius-

698 3837 859 3888 quam
907 3820 1037 3873 fiant
1083 3823 1270 3884 novit,
1307 3822 1718 3888 perhumaniter
1750 3833 1804 3876 ct
1835 3823 2064 3892 benigne
2093 3827 2263 3894 placi-

701 3923 811 3964 tum
848 3912 950 3964 fuit
1001 3921 1060 3964 ut
1089 3912 1467 3974 descenderet,
1491 3923 1546 3965 et
1578 3913 1872 3966 clamorem
1901 3915 2260 3972 Sodomorum

698 4005 932 4066 videret,
962 4015 1127 4056 certze
1158 4014 1210 4056 ct
1240 4015 1443 4056 exacta:
1477 4004 1853 4071 inquisitionis
1879 4007 2039 4059 nobis
2072 4024 2264 4074 propo-

700 4110 837 4146 nens
868 4095 1200 4162 exemplum.
1247 4095 1397 4147 Multi
1433 4111 1666 4162 namque
1711 4097 1802 4163 qui
1850 4097 2045 4164 Ephesi
2081 4109 2260 4152 laeum

701 4186 1013 4252 congregati
1064 4186 1239 4249 fuere,
1274 4185 1489 4253 publice
1539 4195 1590 4238 te
1638 4187 1951 4250 traducunt,
1984 4189 2128 4256 quod
2162 4190 2266 4242 itii-

704 4276 938 4328 micitias
993 4284 1115 4328 tuas
1167 4285 1490 4343 persecutus
1540 4277 1616 4330 sis
1650 4295 1662 4330 :
1694 4289 1748 4329 et
1788 4286 1899 4332 non
1946 4280 2046 4332 rite
2099 4293 2263 4349 atque

701 4365 915 4427 ordine,
947 4367 1099 4435 juxta
1132 4375 1291 4418 recta:
1328 4365 1452 4419 fidei
1489 4370 1832 4424 sententiam.
1891 4386 1953 4423 ea
1992 4387 2109 4438 qua:
2135 4372 2262 4424 Jesu

700 4455 906 4507 Christi
939 4464 1086 4516 sunt,
1120 4456 1458 4522 qua'sivcris.
1495 4457 1807 4526 Theophili,
1835 4459 2111 4527 inquiunt,
2139 4476 2262 4514 cum

2365 3272 2612 3335 ὲκὸίαζε,
2666 3273 2803 3324 ἀλλὰ
2841 3275 3021 3340 κρίσει
3050 3276 3234 3344 δικαία
3260 3280 3367 3338 τὰς
3401 3277 3581 3336 αἰτίας
3626 3281 3949 3346 ἐπίτρεψον.

2378 3363 2598 3430 Ἐπειδὴ
2630 3365 2722 3416 καί
2750 3364 2879 3426 Θεὸς
2907 3368 2933 3416 ὁ
2965 3367 3142 3418 πάντα
3168 3367 3323 3429 εἰδὼς
3358 3370 3463 3436 πρὸ
3484 3371 3750 3434 γενέσεως
3778 3389 3952 3421 κατα.-

2367 3453 2528 3520 6ἦναι
2554 3456 2779 3524 καὶετὴν
2805 3457 3053 3526 κραυγὴν
3095 3459 3223 3509 ἰδεῖν
3255 3459 3507 3526 Σοδόμων
3541 3462 3951 3532 φιλανθρώπως

2366 3546 2687 3614 ηὐδόκησεν,
2721 3549 2866 3616 ἡμᾶς
2902 3549 3166 3616 ἀκριϐοῦς
3229 3551 3460 3619 ἐρεύνης
3508 3552 3775 3604 διδάσκων
3810 3559 3950 3606 ὑπό-

2369 3638 2537 3691 θεσιν.
2568 3639 2760 3690 Πολλοὶ
2784 3641 2893 3709 γάρ
2923 3657 2980 3692 σε
3012 3641 3341 3711 κωμῳδοῦσι
3379 3645 3485 3711 τῶν
3511 3646 3954 3710 συνειλεγμένων

2366 3727 2444 3784 εἰς
2485 3728 2741 3792 Ἔφεσον,
2783 3728 2857 3791 ὠς
2917 3731 3121 3781 οἰκείαν
3171 3733 3513 3801 ἀμυνόμενον
3559 3734 3782 3802 ἔχθραν,
3831 3739 3950 3786 αλλ’

2367 3818 2425 3868 οῦ
2459 3819 2524 3868 τὰ
2576 3819 2752 3884 Ἰησοῦ
2788 3820 3022 3887 Χριστοῦ
3053 3822 3347 3890 ὀρθοδόξως
3375 3825 3661 3892 ζητοῦντα.
3703 3829 3951 3894 Ἀδελφι-

2367 3909 2489 3969 δἰῦς
2523 3911 2659 3975 ἔστι,
2713 3913 2868 3978 φασὶ,
2906 3913 3167 3980 Θεοφίλου
3219 3915 3561 3984 μιμούμενος
3601 3919 3814 3972 ἐκείνου
3849 3925 3950 3990 τὴν

2367 4001 2615 4069 γνώμην.
2655 4003 2869 4072 Ὥσπερ
2908 4004 3016 4072 γὰρ
3044 4006 3250 4067 ἐκεῖνος
3279 4007 3480 4073 μανίαν
3505 4009 3651 4074 σαφῆ
3684 4016 3951 4062 κατεσχέν

2367 4091 2493 4141 δασε
2548 4097 2688 4143 κατά
2740 4094 2834 4144 τοῦ
2888 4093 3152 4163 θεοφόρου
3205 4098 3299 4148 καὶ
3338 4086 3623 4164 θεοφιλοῦς
3667 4101 3949 4162 Ἰωάννου,

2365 4181 2538 4242 οὓτως
2563 4184 2826 4251 ἐπιθυμεῖ
2856 4187 3244 4253 καυχήσασθαι
3278 4189 3376 4239 καὶ
3403 4188 3581 4252 οὗτος,
3611 4193 3659 4242 εί
3689 4197 3782 4243 καὶ
3811 4194 3951 4246 πολὺ

2365 4272 2472 4322 τῶν
2530 4275 2865 4340 κρινομένων
2895 4277 3011 4326 ἐστὶ
3066 4278 3125 4328 τὸ
3158 4277 3435 4347 διάφορον.
3479 4299 3496 4331 ι
3552 4283 3659 4333 Καὶ
3688 4280 3845 4344 αὖθι,
3891 4291 3952 4336 ἐν

2369 4367 2563 4434 ἐτέρῳ,
2625 4369 2834 4420 «Φοὸεῐ
2873 4388 2960 4437 με,
3019 4373 3174 4439 φησὶ,
3232 4374 3300 4425 τὰ
3352 4376 3453 4441 τῆς
3514 4377 3664 4439 θείας
3724 4381 3951 4446 Γραφῆς

2369 4457 2765 4524 ὑποδείγματα,
2801 4461 2897 4510 καὶ
2933 4463 3168 4528 γράφειν
3196 4465 3262 4512 τὰ
3293 4466 3478 4532 χρεὼν
3531 4469 3946 4539 ἀναγκάζομαι,

703 4545 887 4597 fratris
937 4544 1080 4597 filius
1123 4545 1215 4606 sit,
1271 4557 1507 4599 mentem
1558 4563 1619 4600 ac
1669 4551 1995 4602 sententiam
2045 4567 2261 4620 quoque
2298 4546 2381 4605 ΠΙ

2298 4546 2490 4605 ῡΕίτε
2529 4550 2637 4617 γὰρ
2693 4553 2874 4618 πατήρ
2929 4554 3066 4618 εἰμι,
3098 4553 3172 4615 ὠς
3226 4556 3359 4623 ἕρης
3399 4559 3584 4622 αὐτὸς,
3648 4562 3798 4616 δέδια
3853 4567 3950 4618 τοῦ

706 4635 853 4688 illius
888 4636 1156 4689 imitatur.
1203 4635 1678 4700 Quemadmodum
1712 4640 1858 4693 enim
1894 4642 1982 4694 ille
2019 4655 2259 4710 apertam

704 4725 969 4777 insaniam
1024 4726 1076 4777 in
1131 4735 1378 4778 Sanctum
1432 4736 1488 4780 et
1534 4728 1641 4780 Deo
1691 4728 1948 4784 dilectum
1999 4733 2260 4786 Joannem

704 4815 916 4878 ell‘ndit,
966 4814 1038 4868 ita
1086 4825 1140 4868 ct
1172 4817 1272 4869 iste
1305 4817 1532 4885 gloriam
1579 4821 1770 4874 eodem
1814 4821 2032 4875 affectat
2080 4825 2264 4891 modo,

705 4908 951 4976 quamvis
981 4923 1155 4960 causa:
1187 4910 1316 4974 ipsae
1345 4920 1397 4962 et
1428 4926 1512 4963 res
1542 4911 1610 4964 de
1651 4912 1852 4980 quibus
1882 4916 2261 4970 controversia

706 5008 787 5050 est
817 5013 1145 5066 magnopere
1177 5002 1322 5052 inter
1357 5015 1414 5054 se
1442 5001 1766 5056 dissideant.
1800 5022 1818 5054 ι
1852 5003 1906 5057 ln
1941 5007 2044 5059 alia
2077 5023 2267 5062 rursus

707 5091 936 5157 epistola
971 5091 1086 5143 lucc
1114 5092 1307 5145 scribit
1341 5110 1354 5144 :
1395 5112 1410 5142 ι
1438 5094 1672 5148 Terrent
1703 5111 1787 5149 me
1821 5113 1941 5165 quae
1977 5099 2028 5152 in
2066 5100 2267 5154 divinis

708 5181 1008 5250 Scripturis
1038 5183 1252 5250 prodita
1286 5195 1414 5236 sunt
1452 5188 1720 5254 exempla,
1755 5197 1809 5241 et
1840 5205 1962 5257 quae
2003 5207 2140 5255 opus
2183 5205 2266 5246 est

708 5277 1021 5326 necessario
1056 5274 1298 5327 scribere
1332 5290 1517 5343 cogor.
1555 5277 1680 5331 Sive
1716 5280 1860 5332 cnim
1897 5290 2073 5348 pater,
2103 5285 2266 5338 sicuti

782 5467 853 5534 (l)
905 5466 1026 5535 Cyri
1065 5469 1271 5536 oppidi,
1305 5471 1394 5521 ubi
1447 5470 1814 5528 Theodoritns
1870 5477 2272 5533 ccclesiasticus

711 5537 1006 5590 historicus
1058 5540 1426 5610 episcopatum
1484 5544 1670 5607 gessit,
1707 5561 1846 5610 swpe
1888 5548 1938 5596 in
1975 5549 2057 5598 his
2115 5549 2272 5602 libris

709 5609 843 5657 facta
897 5617 1000 5682 est_
1045 5608 1268 5682 mentio.
1322 5610 1496 5682 .ﬁitum
1552 5622 1633 5663 est
1674 5613 1725 5664 in
1774 5608 1949 5682 Syria.
1982 5633 2007 5666 a
2045 5616 2268 5680 Juttaeis,

709 5691 828 5725 cum
867 5692 942 5753 ex_
968 5676 1247 5753 Palaestina
1278 5679 1618 5753 a__Medorum
1640 5676 1892 5753 exercitu
1930 5688 1978 5736 in
2037 5676 2270 5753 captivi;

708 5753 865 5795 tatem
899 5746 1135 5821 abducti,
1166 5755 1218 5799 et
1247 5763 1274 5798 a
1309 5748 1447 5821 Cyro
1473 5765 1596 5816 rege
1638 5752 1925 5804 Persarum
1957 5755 2009 5805 in
2040 5746 2269 5821 patriam

710 5815 942 5866 restituti
976 5825 1178 5884 essent,
1215 5828 1272 5869 ttt
1306 5815 1555 5883 aliquant
1589 5821 1663 5872 illi
1700 5838 1794 5883 pro
1827 5832 1976 5875 tanto
2006 5815 2272 5878 bcncticio

2376 4639 2523 4690 Ἠλεὶ
2565 4642 2661 4710 τὴν
2712 4644 3060 4713 κατάκρισιν,
3110 4648 3192 4697 ὅτι
3243 4651 3365 4709 τοὺς
3404 4650 3552 4712 υἱοὺς
3593 4654 3950 4723 ἁμαρτόντας

2366 4732 2464 4783 οὐκ
2493 4734 2882 4802 ἐσωφρόνισεν
2916 4737 3026 4788 εἶτε
3059 4740 3172 4801 υἱός
3207 4756 3299 4791 σου
3322 4745 3603 4812 τυγχάνω,
3631 4748 3705 4808 ὡς
3738 4752 3945 4814 μᾶλλον

2369 4823 2676 4890 ἐπίσταμαι
2705 4825 2795 4876 τὸν
2835 4827 3008 4894 μέγαν
3039 4831 3476 4900 σχηματίζοντος
3517 4837 3764 4903 Μάρκον,
3796 4844 3948 4902 ἀγω-

2368 4915 2464 4965 νιῶ
2503 4915 2596 4966 τοῦ
2637 4918 2892 4971 Ἰωναθαν
2927 4922 2988 4972 τὺ
3020 4924 3300 4992 ἐπιτίμιον
3323 4942 3336 4954 ·
3373 4927 3450 4977 ὅτι
3479 4928 3570 4978 τὸν
3605 4935 3816 4999 πατέρα
3851 4935 3948 5001 {1;-

2368 5008 2606 5075 τήσαντα
2647 5012 3086 5082 ἐγγαστρίμυθον
3118 5018 3217 5068 ούκ
3249 5019 3514 5070 ἐκώλυσε·
3547 5024 3643 5073 καὶ
3671 5025 3945 5094 πρότερο,

2369 5100 2462 5150 τοῦ
2499 5102 2916 5171 ἁμαρτήσαντος
2962 5107 2990 5156 ὀ
3037 5109 3281 5160 κωλῦσαι
3338 5109 3644 5180 δυνάμενος
3682 5116 3951 5187 τέθνηκεν

2373 5194 2452 5253 εἰς
2483 5195 2574 5245 τὸν
2619 5196 2872 5264 πόλεμον.
2907 5200 3034 5250 Ἵνα
3071 5203 3248 5254 τοίνυν
3281 5205 3437 5270 κάγὼ
3482 5206 3556 5275 μὴ
3604 5211 3947 5275 κατακρ.θῶ,

2373 5285 2470 5334 καὶ
2503 5275 2667 5348 αὐτὸς
2704 5290 2858 5358 παρά
2907 5291 3041 5343 Θεοῦ
3081 5294 3155 5363 μὴ
3188 5295 3404 5364 κριθῇς,
3435 5298 3643 5350 παῦσον
3679 5302 3774 5362 τὰς
3831 5303 3952 5370 ἔρι-

2375 5485 2636 5560 mcmoris
2658 5486 2821 5560 animi
2855 5489 3123 5560 referrent
3148 5493 3396 5560 gratiam,
3429 5495 3731 5550 conditum.
3769 5499 3823 5553 Id
3856 5501 3956 5554 ad-

2376 5553 2597 5635 modum
2655 5556 2981 5635 aliquandiu
3015 5553 3350 5627 negléctum,
3381 5553 3724 5635 Iustinianus
3755 5553 3951 5635 postea

2377 5631 3010 5703 instauravit,__mut_iivit
3050 5642 3106 5683 et
3158 5634 3482 5703 exornavit,
3533 5631 3768 5703 propter
3809 5641 3957 5692 duos

2376 5693 2711 5777 Cosman‘tnet
2751 5696 3086 5777 Damianum,
3122 5703 3212 5769 qui
3243 5701 3310 5754 ad
3363 5702 3415 5755 id
3453 5693 3714 5773 oppidum
3744 5713 3953 5777 sepulti

2376 5773 2555 5813 erant.
2599 5765 2878 5832 (l’rocnp.)
