4250 6440
302 399 452 461 125ῗί

1237 403 1834 465 Ε(ἶ(ΣΙ.Ε81Α5ῚΊ(].Ἐ
1878 403 2265 465 ΙΙΙΞΤΟΗΙᾸΞ
2306 405 2452 465 LIB.
2498 406 2651 466 XIV.

3428 413 3568 473 1254

305 516 420 576 δλς·
470 515 544 584 μὴ
602 518 811 578 οίκείας
866 516 1075 585 ὕϐρεως
1126 518 1361 586 ἄμυναν,
1423 519 1640 587 ἧπαρά
1683 518 1889 585 θνητῶν
1923 525 1963 577 Λ

1884 538 1889 560 ν
1923 525 1963 577 Α
2000 515 2114 583 ipse
2150 516 2310 574 dicis,
2338 515 2611 585 judicium
2649 525 2704 569 et
2741 518 3258 573 condemnationem
3296 516 3414 575 Heli
3454 537 3562 574 me-

306 606 741 675 κεχρεώστηται,
778 608 876 677 τὴν
908 609 1092 673 ζῶσαν
1124 609 1455 679 Ἐκκλησίαν
1492 610 1767 678 μεθσὶδίυε,
1794 615 1887 662 vui

307 700 528 751 αἰώνιον
564 700 702 769 αὐτῇ
752 700 1023 770 διχόνοιαν
1077 704 1135 754 ὲν
1188 706 1543 770 προσχήματι
1601 702 1887 765 εὐσεϐείας

311 792 716 856 μετασκεύαζε.
752 810 771 843 t
812 794 920 846 Καὶ
950 794 1116 847 πάλιν
1159 794 1289 862 περὶ
1336 795 1430 846 τοῦ
1471 796 1884 863 Χρυσοστόμου’

314 896 331 929 ι
371 880 612 950 Ἐρωτᾷς
642 882 741 951 τὴν
778 884 907 952 περὶ
938 884 1027 936 τὸν
1066 884 1354 937 θεσπέσιον
1385 886 1641 954 Ἰωάννην
1673 903 1889 954 τραγῳ-

308 972 428 1023 δίαν
461 986 475 1001 ⁶
506 975 822 1043 ἁναφράσαι
851 977 1053 1043 ταύτην
1082 977 1294 1045 ἀπορῶ.
1348 978 1493 1047 Nnc;
1522 978 1631 1045 γάρ
1658 978 1824 1045 αὐτὴν
1857 979 1889 1046 ἡ

316 1066 453 1135 μέθη
479 1066 574 1120 τοῦ
604 1070 952 1137 πράγματος.
978 1071 1169 1136 Μικρά
1192 1071 1247 1124 δὲ
1284 1073 1544 1140 μάνθανε.
1567 1071 1601 1125 ἃ.
1630 1074 1661 1139 ἡ
1692 1073 1890 1138 γείτων

312 1156 593 1223 Αἴγυπτος
627 1160 878 1228 συνήθως
913 1163 1182 1232 ὴνόμησε.
1213 1164 1304 1215 τὸν
1339 1165 1540 1217 Μωσέα
1588 1180 1889 1233 παραιτου·

316 1249 474 1316 μένη,
504 1250 581 1319 τῷ
611 1252 814 1317 Φαραὼ
860 1255 1235 1325 οἰκειουμένη,
1277 1257 1405 1320 τοὺς
1458 1258 1756 1317 ταπεινοὺς
1790 1276 1892 1326 μα-

315 1340 597 1405 στίζουσα,
650 1345 779 1405 τοὺς
826 1349 1200 1416 κοπτομένους
1264 1348 1545 1414 θλίδουσα,
1587 1352 1770 1413 πόλεις
1812 1352 1893 1403 0i-

315 1430 645 1498 κοδομοῦσα,
666 1436 758 1485 καὶ
779 1436 906 1496 τοὺς
930 1437 1153 1505 μισθοὺς
1180 1440 1583 1510 ἀποστεροῦσα,
1607 1441 1701 1494 καὶ
1727 1440 1891 1512 μέχρι

313 1520 410 1572 τοῦ
438 1521 535 1573 νῦν
567 1523 781 1586 τούτοις
814 1526 1196 1593 ὲμμελετῶσα.
1234 1530 1338 1583 Τὸν
1373 1530 1642 1600 λιθομανῆ
1664 1532 1774 1601 γὰρ
1798 1533 1894 1585 καὶ

313 1615 696 1687 χρυσολάτρην
734 1620 1154 1690 προόαλλομένη
1187 1622 1469 1692 Θεόφιλον,
1500 1625 1594 1675 καὶ
1629 1624 1892 1693 τέσσαρσι

318 1710 659 1779 συνεργοῖςῆ
705 1714 909 1778 μᾶλλον
957 1717 1398 1781 συναποστάταις
1447 1720 1624 1770 εἰπεῖν
1677 1718 1891 1787 ὀχυρω-

316 1800 502 1863 θέντα,
555 1804 649 1854 τὸν
706 1805 930 1874 θεοφιλῆ
982 1808 1078 1860 καὶ
1135 1807 1386 1877 θεολόγον
1442 1811 1894 1879 κατεπολέμησεν

1994 611 2107 663 luo,
2130 604 2275 671 quod
2311 598 2451 655 lilios
2475 615 2763 671 peccantes
2791 623 2895 659 non
2924 611 3232 663 eocretterit
3261 629 3272 663 :
3306 626 3402 665 seu
3427 611 3571 666 ﬁlius

1992 703 2139 756 tuus,
2188 698 2280 763 qui
2330 696 2510 765 magni
2546 696 2699 749 Sauli
2746 713 3037 766 personam
3087 701 3282 770 refers,
3329 718 3472 771 sum,
3515 706 3567 759 id

1988 789 2137 855 quod
2187 789 2360 858 magis
2414 806 2690 860 agnosco,
2744 791 2996 847 Jonatlta:
3052 810 3269 863 pmnam
3318 786 3569 867 trepidus

1989 880 2346 945 exltorresco,
2397 883 2543 949 quod
2592 892 2804 950 patrem
2855 884 3242 950 Pytltonissam
3280 889 3357 958 (l)
3420 906 3570 959 quae-

1992 982 2203 1026 rentem
2252 987 2364 1025 non
2412 972 2767 1042 impedierit:
2816 984 2872 1029 et
2921 988 3213 1046 prepterea
3261 981 3415 1048 prius
3451 983 3567 1051 ipse

1977 1064 2087 1132 qui
2123 1064 2422 1133 prohibere
2470 1066 2523 1118 id
2573 1068 2851 1135 potuerit,
2884 1084 3047 1139 quam
3081 1072 3176 1140 qui
3220 1087 3567 1141 peccaverat,

1995 1164 2175 1222 pater,
2212 1156 2264 1210 itt
2300 1156 2445 1212 bello
2476 1157 2699 1215 occidit.
2736 1159 2925 1230 Itaque
2956 1178 3024 1215 ne
3062 1177 3163 1231 ego
3190 1179 3409 1233 quoque
3438 1180 3571 1220 con-

1994 1246 2245 1313 demner,
2271 1259 2327 1303 et
2360 1265 2427 1303 ne
2460 1250 2599 1303 adeo
2625 1251 2743 1319 ipse
2771 1253 2935 1306 etiam
2963 1269 2991 1307 a
3022 1255 3133 1309 Deo
3162 1256 3570 1321 condemneris,

1995 1344 2383 1398 contentiones
2414 1344 2633 1412 sopito:
2670 1359 2769 1398 nec
2799 1344 3013 1412 injuriae
3038 1348 3278 1415 propria:
3304 1349 3568 1411 vindicta,

1996 1449 2120 1503 qute
2152 1434 2222 1488 ab
2270 1434 2594 1492 hominibus
2624 1437 2913 1505 provenit,
2958 1437 3235 1492 viventem
3269 1439 3569 1494 Ecclesium

1996 1541 2095 1595 per
2137 1537 2348 1582 astulas
2382 1528 2633 1582 actiones
2679 1530 2888 1595 fallito,
2938 1546 3117 1599 neque
3150 1532 3199 1583 ci
3245 1541 3570 1601 perpetuam

1997 1620 2099 1675 sub
2143 1621 2365 1690 pictatis
2411 1632 2679 1689 praetextu
2733 1625 3133 1680 dissensionem
3186 1627 3501 1680 conciliato.
3548 1645 3566 1676 ι

1998 1714 2065 1768 Et
2102 1713 2170 1768 de
2201 1714 2602 1785 Chrysostomo
2636 1731 2899 1770 rursum:
2939 1736 2956 1767 ι
3000 1717 3074 1770 De
3120 1716 3291 1770 divini
3343 1716 3571 1771 Joannis

2004 1806 2265 1873 tragoedia
2296 1807 2520 1872 quatris.
2563 1807 2691 1858 Eam
2722 1822 2851 1861 vero
2882 1822 3153 1875 exponere
3182 1823 3415 1874 nequeo,
3448 1822 3573 1875 pro-

313 1892 626 1963 ἇνθρωπον,
672 1899 774 1968 τὴν
808 1902 938 1969 περὶ
966 1903 1058 1955 τὸν
1092 1905 1226 1971 ὲμδν
1254 1904 1547 1972 ὁμώνυμον
1582 1904 1888 1972 ἀπέχθειαν
1922 1902 1964 1955 Β

1922 1902 1964 1955 Β
1996 1904 2115 1959 pter
2166 1895 2243 1948 rei
2303 1895 2476 1963 ipsius
2532 1897 2883 1950 insolentiam
2935 1910 3098 1966 atque
3158 1897 3567 1967 indignitatem.

316 1987 665 2055 ὁρμητήριον
689 1989 791 2057 τῆς
824 1993 1030 2055 οἰκείας
1058 1993 1353 2064 ἀθεότητος
1387 1994 1703 2064 εὑρηκότες.
1744 1995 1887 2048 Ἀλλ’

313 2076 343 2125 6
372 2073 521 2132 οἶκος
555 2080 719 2132 Δαυῒδ
745 2083 1105 2149 κραταιοῦται
1133 2099 1147 2114 ·
1179 2087 1397 2139 ἀσθενεῖ
1426 2086 1482 2138 δὲ
1520 2087 1547 2137 6
1569 2086 1663 2139 τοῦ
1693 2088 1888 2151 Σαοὺλ,

315 2170 499 2231 καθὼς
538 2172 693 2241 ὁρᾷς,
724 2175 773 2225 εί
817 2175 912 2227 καὶ
941 2176 1040 2243 τῆς
1076 2178 1245 2247 ζάλης
1275 2177 1579 2246 ὑπεξῆλθεν
1616 2182 1643 2233 ὁ
1678 2179 1891 2249 ἄνθρω-

315 2279 415 2322 πος
437 2265 533 2315 τοῦ
558 2265 696 2331 βίου,
721 2270 815 2321 καὶ
843 2269 979 2338 πρὸς
1010 2270 1110 2338 τὴν
1143 2271 1259 2325 ἄνω
1290 2272 1535 2341 γαλήνην
1559 2274 1882 2343 μετετέθη.»

316 2354 507 2419 ’Ὅπως
559 2356 617 2408 δὲ
676 2360 767 2411 τὸν
821 2361 996 2429 μέγαν
1030 2361 1219 2415 τοῦτον
1248 2365 1467 2418 ἐπαίνου
1505 2366 1757 2430 καταξιοῖ
1788 2368 1889 2436 τῆς

318 2444 635 2511 ὑπερφυοῦς
708 2450 1001 2517 φράσεως,
1062 2455 1155 2505 καὶ
1210 2453 1387 2515 ταῦτα
1440 2459 1577 2525 πρὸς
1641 2458 1889 2524 Ὀφὲλιον

312 2536 409 2586 τὸν
442 2542 835 2606 γραμματικὸν
857 2542 1220 2613 διεξέρχεται·
1255 2546 1392 2600 «Τοῦ
1424 2552 1887 2621 καταπεπλῆχθαι

312 2625 376 2679 οὔ
408 2644 553 2697 φημι
583 2633 707 2692 τοὺς
740 2631 935 2694 ἄλλους
969 2636 1191 2705 (μικρὸν
1222 2640 1331 2707 γὰρ
1363 2641 1496 2700 ῖσως
1527 2642 1740 2703 πολλοῖς
1770 2644 1889 2695 τοῦ·

314 2722 423 2784 το),
454 2721 593 2773 ἀλλά
643 2724 735 2775 καὶ
783 2725 946 2777 αὑτὸν
998 2728 1255 2783 Διεάνιον
1307 2730 1399 2783 τὸν
1454 2733 1541 2785 ἐπ’
1587 2734 1889 2807 εὐγλωττίᾳ

316 2813 471 2883 παρὰ
506 2817 640 2867 πᾶσι
672 2815 1025 2887 βεῦοημένον,
1060 2819 1159 2891 τὴν
1208 2822 1301 2875 τοῦ
1351 2823 1599 2894 ἀοιδίμου
1636 2824 1887 2881 Ἰωάννου

310 2906 588 2972 γλῶτταν,
646 2910 743 2961 καὶ
781 2910 853 2962 τά
908 2911 1079 2981 κάλλη
1134 2913 1243 2966 τῶν
1293 2915 1593 2985 ὀνομάτων,
1648 2921 1742 2971 καὶ
1790 2920 1888 2991 τὴν

312 2997 635 3064 πυκνότητα
689 2999 800 3050 τῶν
853 3001 1233 3071 ἐνθυμήσεων,
1298 3005 1604 3075 τεκμήριον
1656 3006 1736 3059 ἔτι
1783 3008 1887 3076 νέῳ

311 3078 429 3132 δντι
459 3084 554 3135 καί⁵
576 3083 858 3152 βασιλικὸν
884 3090 1091 3143 εἰπόντι
1122 3090 1278 3160 λόγον
1304 3096 1580 3163 γραφεῖσα
1603 3095 1883 3166 ἐπιστολή.

314 3169 391 3219 Οὐ
454 3171 616 3237 μόνον
666 3175 776 3243 γὰρ
827 3177 992 3230 αὐτὸν
1047 3182 1349 3251 μακαρίζει
1398 3182 1545 3237 οὕτω
1587 3184 1886 3254 δυνάμενον

312 3262 514 3325 εἰπεῖν,
546 3263 681 3317 ἀλλὰ
715 3267 813 3319 καὶ
850 3271 976 3332 τοὺς
1006 3273 1521 3343 ἐγκωμιασθέντας.
1575 3278 1668 3330 καὶ
1714 3278 1891 3331 ταῦτα
1915 3246 1960 3304 C

315 3349 561 3415 βασιλεῖς
616 3356 1003 3424 τυγχάνοντας,
1061 3362 1144 3414 ὅτι
1200 3362 1264 3432 δὴ
1321 3364 1564 3418 τοιούτου
1604 3368 1892 3421 ἐπαινέτου

313 3444 703 3515 τετυχήκασιν.
738 3450 896 3503 Ἔστι
922 3451 980 3504 δὲ
1007 3451 1166 3523 αὕτη·
1204 3474 1225 3508 ‹
1250 3458 1503 3521 meum;
1527 3460 1771 3530 Ἰωάννῃ.
1800 3465 1913 3517 Δεεη

312 3537 546 3605 ξάμενός
582 3557 674 3593 σου
700 3542 790 3595 τὸν
822 3542 981 3612 λόγον
1012 3546 1102 3599 τὸν
1128 3550 1292 3601 πολὺν
1316 3552 1409 3603 καὶ
1431 3552 1615 3615 καλὸν,
1648 3554 1889 3619 ἀνέγνων

309 3630 543 3698 ἀνδράσι
584 3630 758 3699 λόγων
802 3638 895 3688 καὶ
946 3638 1131 3702 αὐτοῖς
1174 3639 1533 3710 δημιουργοῖς
1558 3659 1571 3672 ·
1606 3636 1681 3695 ὧν
1713 3645 1889 3706 οὐδεὶς

309 3722 379 3794 ἦν
412 3724 471 3787 ὃς
501 3725 602 3777 οὐκ
634 3728 807 3797 ἐπήδα
854 3746 913 3782 τε
965 3732 1059 3784 καὶ
1110 3733 1259 3797 ἐϐόα,
1311 3735 1406 3787 καὶ
1446 3736 1625 3788 πάντα
1662 3736 1790 3803 ἔδρα
1823 3736 1888 3788 τὰ

311 3818 420 3869 τῶν
448 3820 942 3890 ἐκπεπληγμένων.
975 3824 1191 3895 ’Ἡσθην
1222 3826 1267 3878 δ’
1298 3827 1380 3879 ὃτι
1410 3827 1471 3880 τὸ
1492 3827 1766 3879 δεικνύναι
1791 3827 1887 3897 τὴν

310 3912 511 3982 τέχνην
542 3915 598 3965 ἐν
648 3914 1027 3987 δικαστηρίοις
1073 3919 1353 3987 προτιθεὶς
1403 3920 1504 3983 τάς
1557 3920 1882 3986 ἀποδείξεις.

291 4005 424 4056 -Καὶ
476 4006 768 4075 μακαρίζω
818 4024 876 4060 σε
916 4009 1015 4075 μὲν
1053 4008 1197 4061 οὕτω
1246 4010 1522 4079 διαμένειν
1580 4011 1885 4080 δυνάμενον

313 4098 578 4160 ἐπαινεῖν,
625 4099 914 4151 ἐπαινέτου
964 4100 1021 4152 δὲ
1048 4101 1294 4153 τοιούτου
1344 4103 1709 4170 τετυχηκότας
1743 4101 1886 4154 ὲκεί-

310 4206 458 4251 νους,
491 4192 584 4242 τόν
614 4209 674 4243 τε
703 4192 860 4245 δόντα
910 4196 1121 4261 πατέρα
1155 4196 1244 4248 καὶ
1285 4196 1412 4258 τοὺς
1447 4195 1709 4258 λαϐόντας·
1749 4198 1885 4257 υίεῖς

311 4281 414 4349 τὴν
447 4281 749 4350 βασιλείαν.
779 4301 797 4333 t
841 4285 950 4337 Καὶ
982 4286 1155 4338 ταῦτα
1188 4287 1284 4353 μὲν
1317 4287 1573 4349 Λιόἀνιος
1617 4288 1881 4356 γέγραφεο

317 4376 649 4446 Πλουτάρχῳ
666 4378 723 4430 δὲ
749 4381 807 4430 τὸ
840 4383 1008 4445 σαφὲς
1040 4381 1134 4432 καὶ
1158 4380 1298 4432 λεῖον
1324 4381 1475 4433 δοκεῖ
1493 4378 1633 4433 εῖναι
1660 4382 1882 4450 γνήσιον

325 4470 600 4522 Ἀττικόνο
644 4488 661 4521 ι
692 4470 850 4522 Οὕτω
874 4473 1003 4539 γὰρ,
1028 4472 1212 4540 φησὶν,
1242 4471 1515 4543 ἐλάλησαν
1544 4473 1594 4525 οἱ
1628 4474 1878 4542 ῥήτορες.

1999 1984 2176 2039 Pauca
2232 1994 2413 2040 tamen
2468 1988 2547 2041 sic
2600 1988 2835 2051 habeto,
2889 2005 3010 2058 qua:
3071 1988 3247 2043 vicina
3309 1988 3573 2059 A'Igyptus

1999 2092 2151 2132 more
2202 2094 2304 2136 suit
2349 2078 2676 2148 designavit.
2738 2081 2921 2134 Mosen
2976 2092 3223 2135 aversata
3270 2091 3382 2143 est.
3434 2082 3571 2135 Pha-

1998 2170 2151 2223 raoni
2183 2172 2541 2239 mancipata:
2583 2170 2823 2225 humiles
2869 2171 3049 2240 ﬂagris
3091 2172 3366 2232 concidit.
3414 2173 3568 2227 Iaho-

1996 2267 2182 2312 rantes
2232 2260 2456 2314 afﬂixit:
2488 2262 2739 2315 civitates
2791 2265 3089 2329 exstruxit,
3149 2274 3207 2319 et
3255 2267 3566 2320 mercedem

1995 2353 2181 2421 operis
2213 2368 2317 2406 non
2350 2354 2632 2420 persolvit.
2666 2353 2730 2407 Et
2760 2370 2884 2408 cum
2915 2356 2981 2409 ad
3013 2357 3115 2409 hoc
3147 2372 3319 2426 usque
3352 2368 3567 2427 tempus

1997 2445 2051 2497 in
2098 2444 2295 2498 studiis
2350 2446 2472 2500 istis
2510 2462 2567 2500 se
2603 2447 2977 2513 exercuisset,
3014 2448 3207 2503 insano
3246 2448 3561 2517 lapillorum

1994 2551 2181 2590 amore
2214 2538 2535 2606 flagrantem
2558 2577 2573 2599 .
2619 2555 2930 2609 aurumque
2968 2542 3135 2595 veluti
3170 2541 3341 2596 Deum
3375 2544 3567 2598 colen-

1997 2635 2128 2685 tem,
2184 2628 2484 2695 produxit:
2529 2628 2891 2699 Theophilum
2948 2641 3184 2700 quatuor
3228 2634 3428 2703 sociis,
3464 2650 3561 2689 seu

1996 2717 2177 2785 potius
2240 2719 2564 2776 defectionis
2639 2724 2922 2778 sodalibus
2994 2726 3110 2779 suis
3180 2728 3566 2782 circumvalla—

1999 2817 2151 2875 tum,
2220 2812 2313 2879 qtti
2400 2812 2493 2866 Dei
2556 2824 2832 2868 amantem
2914 2816 3197 2886 Deumque
3261 2817 3562 2887 deprecan-

1998 2909 2105 2954 tem
2164 2903 2342 2957 virum
2399 2904 2680 2959 hostiliter
2733 2907 3086 2975 Opprimeret,
3153 2925 3276 2962 eum
3337 2912 3562 2979 quidem

1995 2991 2070 3046 illi
2158 3009 2252 3048 eas
2332 3010 2472 3063 quas
2552 2996 2815 3051 adversus
2894 3002 3277 3067 cognominem
3374 3017 3557 3057 nteum

1994 3094 2284 3153 gesserunt
2332 3087 2675 3153 inimicitias,
2728 3092 3074 3144 occasionem
3104 3099 3159 3146 et
3203 3108 3422 3147 causam
3458 3096 3565 3148 im-

1996 3174 2216 3242 pietatis
2248 3192 2361 3229 sua:
2400 3179 2785 3246 arripuissent.
2822 3180 2985 3251 568
3016 3180 3125 3237 Sed
3161 3182 3360 3238 demus
3390 3185 3561 3241 David

1995 3265 2334 3319 confortatur
2360 3284 2372 3319 :
2406 3268 2557 3323 Sauli
2588 3278 2793 3333 autem,
2826 3273 2985 3325 sicuti
3014 3273 3186 3339 vides,
3212 3276 3559 3333 inﬁrmatur:

1995 3359 2249 3423 quamvis
2284 3373 2347 3411 ex
2383 3363 2506 3412 vitae
2539 3360 2704 3429 hujus
2743 3370 3065 3431 tempestate
3098 3365 3187 3419 ille
3212 3367 3470 3431 evaserit,
3506 3376 3562 3421 et

1997 3448 2062 3500 ad
2098 3450 2377 3504 cwlestcm
2411 3454 2862 3521 tranquillitatem
2890 3450 3224 3510 tranéierit.»
3253 3456 3398 3512 Idem
3429 3475 3558 3514 vero

1995 3540 2282 3596 mirilicam
2312 3542 2687 3614 Chrysostonti
2716 3547 3017 3602 dictionem
3045 3549 3303 3605 laudibus
3328 3552 3558 3619 vehens,

1994 3632 2108 3687 hee
2148 3650 2373 3707 quoque
2418 3637 2484 3690 ad
2530 3637 2818 3706 Ophelittm
2874 3641 3293 3710 grammaticum
3324 3643 3557 3697 scribit:

1997 3742 2015 3774 ι
2045 3725 2290 3779 Celebris
2319 3726 2547 3781 Joannis
2590 3729 2851 3798 linguam,
2891 3731 3256 3802 dictionisque
3293 3746 3555 3788 venusta-

1993 3828 2098 3872 tem
2120 3857 2136 3882 ,
2168 3828 2224 3872 et
2272 3821 2671 3873 sententiarum
2719 3822 3051 3877 densitatem
3073 3865 3086 3885 .
3135 3840 3243 3878 non
3277 3826 3401 3879 aliis
3432 3825 3557 3881 dico

1991 3909 2205 3978 (parum
2236 3911 2386 3964 enim
2429 3912 2533 3965 hoc
2566 3912 2795 3967 fortasse
2828 3915 2970 3983 apud
3013 3916 3211 3970 multos
3236 3919 3426 3987 esset),
3460 3919 3555 3973 sed

1993 4002 2091 4070 ipsi
2132 4000 2391 4069 Lihanio,
2436 4006 2530 4073 qui
2577 4007 2717 4073 apud
2751 4022 2943 4061 omnes
2976 4010 3028 4063 in
3069 4011 3386 4078 eloquentia
3419 4028 3559 4080 prae-

1990 4096 2169 4148 clarus
2201 4095 2452 4160 habetur,
2486 4112 2691 4167 magnae
2719 4098 3071 4153 admirationi
3114 4102 3310 4165 fuisse,
3344 4103 3551 4156 indicio

1988 4196 2072 4240 est
2124 4186 2338 4240 Libanii
2390 4187 2565 4257 ipsius
2613 4188 2881 4257 epistola,
2922 4191 2987 4243 ad
3043 4192 3196 4244 illmn
3246 4194 3549 4247 etiamnam

1984 4277 2267 4346 juvenem,
2302 4294 2426 4333 cum
2457 4280 2762 4333 orationem
2803 4280 2857 4334 in
2888 4283 3285 4350 imperatorum
3325 4285 3543 4339 Iaudem

1990 4371 2290 4436 habuisset,
2314 4372 2514 4441 scripta
2541 4389 2555 4425 :
2587 4373 2640 4425 itt
2670 4389 2775 4442 qua
2800 4390 2906 4428 non
2932 4375 3108 4443 ipsum
3137 4378 3299 4431 modo
3332 4378 3548 4434 felicem

1987 4478 2107 4516 esse
2167 4464 2449 4534 pnedicut,
2510 4467 2603 4534 qui
2662 4466 2743 4520 sic
2801 4466 2985 4522 dicere
3043 4472 3302 4537 potuerit.
3356 4488 3548 4527 verum

312 4562 549 4631 Γοργίας
602 4564 647 4615 δ’
677 4567 705 4616 6
735 4566 1016 4628 Λεοντῖνος
1071 4565 1290 4636 πρῶτος
1338 4568 1437 4635 τὴν
1487 4566 1643 4621 νόσον
1678 4568 1881 4635 ταύτην
1912 4582 1990 4647 οι

1869 4584 1881 4615 ,
1912 4587 1961 4647 D
1988 4556 2152 4607 etiam
2188 4558 2463 4625 principes
2498 4556 2646 4623 ipsos
2687 4572 2827 4626 quos
2869 4560 3113 4613 laudavit
3151 4565 3342 4618 beatos
3370 4575 3547 4633 putat,

310 4658 392 4718 εἰς
426 4658 556 4718 τοὺς
582 4656 893 4718 πολιτικοὺς
925 4656 1119 4723 λόγους
1148 4660 1413 4727 εἰσήγαγε
1445 4656 1505 4709 τὸ
1544 4657 1749 4725 ὑψηλὸν
1790 4658 1884 4711 καὶ

308 4749 370 4800 τὸ
396 4749 660 4818 τροπικὸν
696 4748 1111 4817 ἀσπασάμενος,
1147 4750 1242 4801 xui.
1282 4752 1348 4817 τῇ
1386 4748 1661 4819 σαφηνείᾳ
1690 4748 1886 4817 λυμη-

312 4842 566 4911 νάμενος.
606 4840 822 4907 Ἥψατο
870 4842 948 4905 δὲ,
983 4842 1170 4908 φησὶν,
1219 4840 1439 4910 ηνόσος
1489 4839 1628 4909 αὓτη
1667 4839 1881 4894 καὶτοῦ

313 4933 634 5004 θαυμαστοῦ
672 4919 977 4995 Πλάτωνος.
1012 4951 1032 4984 ι
1076 4935 1138 4985 El
1169 4934 1347 4985 τοίνυν
1376 4934 1481 5003 χρὴ
1527 4932 1584 4985 δὲ
1620 4936 1676 4986 ὲν
1706 4930 1881 5001 τούτῳ

315 5030 647 5098 Πλουτάρχῳ
724 5027 1054 5092 πείθεσθαι,
1111 5028 1426 5079 πλεονεκτεῖ
1493 5027 1621 5087 τοὺς
1683 5024 1878 5085 ἄλλους

310 5127 559 5182 ἅπαντας
596 5122 624 5173 6
650 5122 893 5188 ἀοίδιμος
937 5122 1215 5189 Ἰωάννης,
1248 5121 1347 5173 καὶ
1380 5119 1521 5172 κατὰ
1558 5119 1660 5183 τὴν
1698 5117 1880 5185 φωνὴν

322 5214 649 5277 Ἀττικίσας,
682 5214 776 5266 καὶ
820 5215 1089 5283 σαφηνείᾳ
1122 5215 1196 5275 ὡς
1237 5214 1337 5265 οὐκ
1366 5209 1463 5265 οἷδ’
1495 5212 1546 5264 εἴ
1580 5228 1664 5271 τις
1714 5209 1876 5270 ἄλλος

304 5308 707 5378 χρησάμενος.»
745 5305 906 5358 Ἀλλὰ.
933 5306 1108 5358 ταῦτα
1139 5303 1240 5371 μὲν
1273 5308 1300 5357 6
1332 5305 1471 5365 θεῖος
1504 5303 1798 5370 Ἰσίδωρος.

1988 4655 2041 4699 et
2074 4648 2297 4716 quidem
2348 4648 2440 4715 qui
2479 4648 2844 4717 imperatores
2874 4661 3077 4717 essent,
3122 4658 3266 4723 quod
3303 4657 3551 4727 laudato-

1986 4757 2100 4795 rem
2132 4742 2294 4795 talem
2338 4744 2479 4795 naeti
2505 4752 2707 4797 essent.
2746 4746 2819 4798 Ea
2869 4746 2947 4800 sic
2986 4745 3191 4802 habet:
3229 4764 3250 4800 ι
3284 4748 3550 4804 Libanius

1984 4835 2204 4890 Joanni.
2263 4820 2580 4888 Orationem
2640 4844 2785 4889 tuam
2841 4838 3109 4905 prolixam
3157 4850 3213 4893 et
3259 4841 3547 4908 pulchram

1982 4927 2194 4994 accepi,
2231 4936 2285 4979 ct
2326 4927 2458 4979 viris
2503 4927 2595 4991 qui
2641 4937 2694 4980 et
2732 4927 2830 4993 ipsi
2866 4928 3148 4981 orationes
3189 4931 3549 4987 conscribuot

1982 5018 2110 5085 legi.
2142 5018 2335 5071 Nullus
2369 5020 2421 5069 in
2449 5018 2530 5069 eis
2561 5018 2683 5078 fuit,
2713 5019 2805 5085 qui
2840 5033 2948 5071 non
2976 5019 3283 5084 exsiluerit,
3315 5032 3371 5076 et
3394 5025 3541 5076 voci-

1984 5111 2190 5163 feratus
2219 5108 2309 5167 sit.
2340 5122 2511 5176 eaque
2542 5109 2721 5161 omnia
2750 5108 2957 5173 fecerit,
2985 5126 3106 5179 qua:
3134 5128 3230 5180 per
3259 5122 3542 5182 stuporem

1983 5203 2321 5257 consternati
2359 5203 2559 5256 solent.
2590 5201 2673 5255 Me
2703 5202 2833 5255 illud
2862 5204 3115 5268 delectat,
3150 5206 3292 5274 quod
3325 5208 3542 5264 dicendi

1978 5306 2150 5351 artem
2173 5335 2188 5359 ,
2225 5310 2388 5364 quant
2422 5293 2649 5362 agendis
2685 5294 2739 5347 in
2776 5295 2897 5347 foro
2928 5295 3109 5350 causis
3149 5298 3408 5352 exhibere
3442 5317 3541 5368 po-

306 5406 498 5472 tuisti,
561 5406 628 5457 ad
670 5405 832 5473 hujus
877 5405 1095 5471 generis
1139 5404 1557 5458 demonstrativi
1603 5403 1883 5458 orationes
1923 5399 2176 5453 conferre
2227 5397 2529 5450 malueris:
2562 5407 2720 5464 teque
2751 5395 2970 5451 beatum
3023 5400 3227 5468 judico,
3261 5404 3356 5471 qui
3425 5412 3544 5455 tau-

304 5514 493 5570 tepere
548 5500 824 5569 principes
865 5496 1118 5550 laudibus
1164 5512 1364 5551 ornare
1418 5496 1705 5566 potueris:
1761 5509 1862 5548 nec
1902 5492 2086 5546 minus
2148 5492 2457 5544 fortunatos
2490 5490 2612 5543 illos
2640 5505 2763 5543 esse
2826 5503 2977 5558 puto,
3004 5503 3059 5546 et
3084 5504 3296 5561 patrem
3328 5496 3539 5548 scilicet

1013 5637 1271 5704 γυναῖκες
1322 5632 1421 5695 τὰς
1451 5621 1861 5700 ὤν’-τεθνηκό-

374 5644 452 5715 (l)
471 5715 482 5720 _
502 5638 966 5720 Ἐγγαστρίμυθρι
1013 5638 1423 5720 γυναῖκεςῃτάς
1451 5638 1500 5713 τέ

1116 5707 1216 5774 μιᾷ
1267 5704 1322 5756 δὲ
1365 5704 1546 5774 αὐτῶν
1593 5704 1864 5771 ἐχρήσατο

296 5708 632 5786 “obduxi;
677 5708 1068 5786 ἐξεκαλουντν
1116 5708 1216 5786 μιᾷ
1259 5708 1322 5786 ,δὲ
1364 5708 1546 5786 αὐτων
1593 5708 1856 5785 ὲχρῄσατρ

297 5739 411 5777 των
456 5732 529 5782 ψυ
571 5732 632 5774 ας
677 5732 1065 5775 εςεκοῑλυυντυί
1116 5732 1216 5774 μιᾳ
1267 5732 1322 5756 UB
1364 5732 1546 5786 flucu‘nr
1593 5732 1859 5785 ιχζλιιυαιυ

297 5787 497 5846 Σαοὺλ,
533 5732 656 5851 ﬁn;
701 5779 1059 5851 ἐξεκαλέσατο
1098 5777 1198 5851 τῂν
1244 5774 1721 5851 ψυχηνιιὶαμουηλ
1767 5790 1859 5823 του

300 5844 619 5924 προφήτου·
651 5844 754 5909 hoc
791 5859 893 5915 est,
940 5846 1290 5915 l’eutriloqme
1332 5844 1574 5898 mulieres
1623 5855 1857 5897 mortue-

1975 5649 2091 5684 rum
2126 5633 2329 5683 animas
2354 5629 2656 5690 evocabant,
2687 5647 2913 5698 quorum
2950 5646 3053 5681 una
3105 5647 3226 5682 usus
3255 5639 3328 5682 est
3367 5630 3535 5693 Saul;

1972 5719 2033 5755 ea
2091 5702 2326 5754 animum
2393 5702 2657 5769 prop/tela:
2720 5701 2981 5753 Samuelis
3066 5702 3316 5754 evocavit.
3376 5701 3531 5753 Sutd.

1972 5772 2486 5840 Ἰηῖγγαστριμᾶιντις,
2521 5771 2725 5824 πόθων.
2797 5772 2963 5824 Idem.
