4250 6440
690 441 826 504 1955
1905 435 2321 498 NlCEPliOltl
2365 435 2714 494 cacus”
3802 442 3940 506 1255

685 554 776 621 qui
827 553 1076 616 dederit,
1125 564 1178 608 ct
1230 553 1372 608 ﬁlios
1424 554 1514 623 qui
1573 553 1889 620 act'cpcrint
1939 551 2254 618 imperium,
2297 550 2440 616 quod
2511 547 2850 600 laudatorem
2891 547 3049 600 talcm
3081 550 3514 604 sintcousecuti.
3550 571 3566 602 ι
3635 553 3755 606 ΙΙξερ
3784 555 3939 609 Lilta~

687 651 830 705 nius.
870 649 1198 704 Plutarchus
1266 665 1397 703 vero
1444 649 1752 700 orationem
1829 644 2122 697 dilucidam
2169 652 2222 695 ct
2266 642 2475 694 facilem
2529 655 2654 691 vere
2686 649 2736 690 ‹-ι
2771 653 3025 706 germane
3069 640 3306 694 Atticam
3365 659 3488 697 esse
3533 658 3740 700 censet.
3790 669 3805 697 ι
3853 651 3941 700 Si:

683 745 856 805 enim,
901 742 1082 812 inquit
1118 743 1232 806 ille,
1272 749 1522 794 oratores
1565 739 1846 792 dixerunt.
1876 734 2104 803 Gorgias
2136 741 2318 785 autem
2384 730 2687 785 Leontinus
2762 733 2970 799 primus
3041 732 3233 786 vitium
3265 734 3367 787 hoc
3408 736 3460 788 in
3503 737 3783 792 orationes
3813 742 3944 794 ciri-

682 838 781 899 les,
812 837 1046 889 sublime
1081 845 1130 888 et
1170 833 1461 903 figuratum
1498 831 1714 886 dicendi
1753 844 1925 899 genus
1961 827 2242 887 aﬂ‘ectans,
2289 823 2515 885 invexit,
2557 833 2613 877 et
2644 825 3052 892 perspicuitatis
3087 827 3392 883 luminibus
3415 829 3942 887 obstruxit.Vitimn

683 930 785 984 hoc
819 931 982 984 ctiam
1029 928 1411 980 admirandum
1453 927 1735 981 Platonem
1789 922 2039 989 contigit.
2074 938 2090 968 ι
2134 917 2289 982 Quod
2335 919 2378 972 si
2421 917 2521 970 hac
2581 917 2635 969 in
2671 931 2730 970 re
2769 917 3065 973 Plutarcho
3096 921 3439 975 credendum
3467 933 3571 981 est.
3603 933 3661 977 ut
3697 927 3944 994 profectu

681 1036 761 1078 est
783 1024 1142 1086 credendum,
1175 1024 1360 1076 multis
1389 1020 1568 1075 modis
1597 1019 1732 1073 alios
1763 1033 1953 1072 omnes
1989 1015 2284 1084 praeclarus
2313 1021 2534 1082 superat
2558 1012 2818 1076 Joannes,
2860 1015 2952 1083 qui
2990 1015 3042 1068 in
3084 1017 3427 1071 orationibus
3459 1019 3575 1073 suis
3594 1019 3940 1074 Atticismma

693 1123 883 1186 refert,
919 1133 974 1176 ct
1006 1123 1454 1191 perspicuitatem
1483 1119 1579 1182 ita,
1607 1127 1666 1170 ut
1688 1117 1828 1169 haud
1871 1116 2034 1168 sciam
2069 1128 2134 1166 an
2168 1111 2306 1165 alius
2336 1111 2621 1180 quisquam
2650 1111 2840 1180 magis,
2881 1114 3137 1166 retineto
3183 1112 3309 1168 Ha'c
3360 1114 3581 1170 divinus
3611 1115 3872 1171 Isidorus.

1176 1257 1339 1327 569
1376 1256 1600 1312 CAPUT
1642 1255 1776 1309 LIV.
2289 1255 2327 1309 Α

2321 1275 2334 1308 ι
2960 1250 3208 1304 ΚΕΦΑΛ.
3257 1253 3380 1307 NN.

688 1377 760 1428 De
805 1383 986 1428 sancto
1022 1373 1151 1426 Nilo
1187 1390 1205 1427 :
1237 1375 1299 1424 de
1337 1372 1512 1425 Marco
1551 1373 1804 1424 monac/io
1837 1380 1884 1424 et
1915 1371 1976 1423 dc
2029 1368 2258 1422 Theodo-

1197 1455 1305 1498 reto
1334 1443 1460 1513 Cyri
1493 1445 1747 1511 ερξδεοίο.

759 1559 1092 1613 Admirando
1141 1569 1324 1612 autem
1373 1557 1492 1611 Nilo
1531 1558 1702 1625 patria
1753 1554 2258 1622 Constantinopolis

687 1649 807 1711 fuit,
845 1652 1001 1719 cujus
1029 1651 1193 1703 etiam
1231 1659 1457 1717 propter
1491 1650 1768 1717 egregiam
1804 1647 2022 1716 generis
2059 1646 2256 1698 nobili-

688 1752 851 1794 tatem
908 1742 1194 1810 praefectus
1245 1741 1366 1794 fuit.
1425 1741 1672 1794 Potentia
1720 1751 1903 1792 autem
1955 1747 2008 1792 ct
2058 1738 2257 1806 opibus

686 1835 950 1894 amuens,
1001 1835 1300 1885 ascotiram
1353 1833 1461 1886 illis
1520 1834 1755 1900 prretulit
1812 1834 2016 1896 vitam;
2055 1831 2256 1900 quippe

683 1927 774 1993 qui
821 1930 884 1977 ad
925 1926 1239 1994 exemplum
1284 1925 1456 1978 divini
1505 1925 1755 1984 Davidis.
1789 1926 1854 1979 ad
1905 1929 2126 1977 domum
2163 1926 2254 1980 Dei

681 2017 843 2086 abjici
869 2059 883 2080 ,
917 2032 1081 2085 quam
1123 2019 1175 2069 in
1217 2016 1587 2069 tabernamdis
1621 2028 1964 2084 peccatorum
2009 2017 2254 2071 habitare

684 2111 959 2163 maluerit.
989 2109 1198 2162 Etcum
1231 2109 1566 2177 eloquenti-.e
1594 2110 1644 2161 vi
1673 2110 1924 2177 polleret,
1950 2110 2255 2178 divinmquc

680 2205 865 2273 gratim
893 2206 1074 2257 nervis
1104 2204 1316 2256 validus
1342 2214 1512 2264 esset,
1543 2205 1748 2269 scripta
1781 2203 1954 2262 varia,
1987 2219 2106 2270 qua:
2131 2204 2256 2257 vita:

681 2298 997 2351 moaastica:
1045 2296 1371 2349 exercitium
1408 2297 1723 2357 instruunt,
1779 2295 2031 2361 reliquit,
2072 2295 2257 2350 verbis

679 2398 734 2441 ct
783 2388 1076 2441 sententiis
1128 2388 1201 2441 ita
1256 2390 1596 2456 composita,
1634 2396 1693 2440 ut
1742 2387 1963 2440 lectoris
2011 2389 2254 2441 animum

680 2483 850 2549 gratia
900 2482 1210 2535 incredibili
1257 2492 1532 2535 recreent.
1577 2481 1810 2548 Scripsit
1858 2497 2079 2550 quoque
2110 2481 2252 2533 divi-

681 2587 874 2624 norum
917 2572 1138 2626 Patrqu
1177 2572 1230 2624 in
1271 2582 1454 2624 monte
1489 2571 1616 2624 Sina
1651 2571 1863 2622 obitum
1903 2581 2247 2640 martyrum],
2282 2609 2327 2666 Β

683 2665 937 2716 facundia
978 2675 1033 2717 et
1074 2665 1270 2717 aﬂ'cctu
1317 2672 1503 2723 tanto,
1549 2673 1608 2716 ut
1646 2665 1779 2716 satis
1825 2662 1951 2715 inde
1996 2663 2252 2732 colligere

682 2757 863 2818 liceat,
903 2773 1062 2825 quant
1091 2757 1289 2810 eximia
1319 2757 1566 2809 doctrina
1593 2758 1744 2826 juxta
1775 2767 1830 2809 et
1863 2757 2066 2808 virtute
2095 2757 2178 2809 vir
2211 2757 2256 2810 is

682 2853 886 2904 fuerit:
927 2852 1014 2905 ubi
1046 2852 1210 2904 etiam
1240 2867 1365 2904 suas
1395 2861 1448 2904 et
1483 2851 1719 2902 filiorum
1761 2867 1848 2904 res
1877 2853 2069 2920 paucis
2103 2865 2255 2904 com-

683 2953 976 3003 memorat,
1022 2941 1410 2995 miserabiliter
1439 2941 1606 2995 veluti
1644 2943 1696 2994 in
1731 2943 1993 3011 tragmdia
2029 2941 2255 3012 captivi-

683 3045 847 3087 tatem
894 3049 1086 3088 eornm
1135 3049 1457 3103 exponens,
1508 3051 1631 3089 cum
1685 3035 1911 3088 Barbari
1965 3037 2256 3108 Blemmyte

682 3127 1006 3181 cxcursionc
1039 3142 1134 3179 sua
1159 3126 1361 3180 caedem
1388 3127 1665 3194 ingentem
1695 3126 1905 3181 fecere:
1939 3129 2085 3196 quod
2117 3144 2255 3198 opu-

681 3218 892 3270 sculqu
926 3228 1182 3286 tanquam
1233 3219 1517 3287 spirituale
1559 3218 1834 3287 quoddam
1886 3220 2255 3274 oblectamen—

685 3323 798 3363 tum
856 3312 1123 3365 studiosis
1159 3312 1403 3380 reliquit.
1461 3311 1610 3365 Alios
1646 3312 1776 3364 item
1814 3313 1984 3366 libros
2017 3315 2255 3380 optimos

684 3404 878 3467 edidit,
913 3404 1216 3473 spiritualis
1249 3405 1434 3473 gratia:
1475 3421 1581 3457 non
1609 3394 1873 3472 expertes
1902 3425 1912 3458 :
1953 3407 2094 3460 inter
2117 3422 2255 3474 quos

683 3495 887 3560 primas
933 3509 1058 3548 eum
1094 3493 1236 3548 ferre
1287 3505 1459 3562 puto,
1495 3509 1658 3563 quem
1712 3495 1977 3549 adversus
2023 3498 2259 3565 gentiles

682 3587 1011 3655 scripsit,.et
1048 3601 1268 3638 rursum
1301 3587 1393 3654 qui
1429 3585 1496 3638 ab
1526 3602 1592 3639 eo
1622 3586 1687 3639 ad
1717 3587 2004 3657 Eulogium
2032 3604 2254 3658 compo-

683 3675 775 3728 siti
809 3685 957 3728 sunt.
994 3674 1184 3743 Capita
1217 3683 1402 3728 autem
1445 3675 1666 3746 collegit
1702 3677 1882 3744 aliqua
1913 3678 2135 3746 quidem
2168 3677 2253 3731 fu-

681 3766 815 3828 sius,
849 3765 1017 3819 multa
1047 3774 1228 3819 autem
1261 3767 1713 3832 compendiosius
1751 3778 2004 3830 tractata,
2042 3769 2096 3823 in
2125 3771 2253 3839 qui-

683 3859 785 3908 bus
814 3856 1154 3923 spiritualcm
1187 3857 1453 3921 fructum,
1485 3858 1717 3925 perinde
1741 3870 1906 3928 atque
1937 3871 2126 3915 nectar
2159 3869 2254 3914 aut

2362 1361 2639 1434 Hspl‘rofz
2660 1362 2845 1434 driou
2879 1362 3120 1434 Νείλου,
3170 1365 3268 1416 καὶ
3315 1364 3565 1431 Μάρκου
3598 1367 3725 1420 ,τοῦ
3750 1369 3942 1434 ἀσκη-

2432 1431 2536 1484 τοῦ
2578 1432 2670 1484 καὶ
2707 1432 3090 1500 Θεοδωρήτου
3123 1433 3226 1487 τοῦ
3261 1434 3604 1490 ἐπισκόπου
3644 1438 3865 1505 Κύρου.

2433 1547 2523 1616 Τῷ
2553 1548 2607 1599 δὲ
2645 1547 2920 1615 θεσπεσίῳ
2962 1548 3142 1616 Νείλῳ
3188 1551 3390 1618 πατρὶς
3439 1552 3541 1619 μὲν
3577 1553 3609 1622 ἡ
3649 1553 3748 1621 τῆς
3780 1555 3936 1606 Κων-

2359 1640 2643 1692 σταντίνου
2685 1640 2952 1707 ἐτύγχανε
3000 1641 3180 1704 πόλις,
3213 1638 3280 1712 ἦς
3317 1644 3395 1711 τῷ
3427 1646 3678 1713 περιόντι
3717 1648 3816 1716 τῆς
3847 1650 3938 1700 εὐ-

2358 1734 2574 1798 γενείας
2608 1733 2700 1783 καὶ
2734 1732 2976 1802 ἔπαρχος
3011 1735 3354 1802 ἐχρημάτισε
3382 1749 3397 1766 '
3444 1737 3665 1807 πλούτῳ
3697 1739 3751 1790 δὲ
3781 1739 3941 1808 βαθεῖ

2357 1824 2454 1876 καὶ
2499 1823 2794 1891 δυναστείᾳ
2853 1827 3313 1894 περιρῤεόμενος,
3366 1829 3679 1900 ἀσκητικὴν
3737 1834 3937 1902 ἀντηλ-

2359 1917 2583 1968 λάττετο
2617 1917 2860 1986 ἀγωγὴν,
2892 1918 3034 1970 κατὰ
3058 1918 3148 1972 τὸν
3175 1919 3318 1972 θεῖον
3349 1921 3533 1984 Δαυῖδ,
3566 1925 3700 1992 οἴκῳ
3734 1927 3939 1991 μᾶλλον

2357 2007 2492 2059 Θεοῦ
2525 2009 2905 2079 παρερῤίφθαι
2932 2011 3263 2080 αἱρούμενος
3296 2013 3328 2082 ἦ
3362 2014 3725 2084 σκηνώμασιν
3749 2019 3936 2088 ἀμαρ-

2358 2099 2549 2151 τωλῶν
2588 2104 2889 2153 κατοικεῖν.
2948 2103 3124 2169 Λόγου
3170 2104 3227 2156 δὲ
3266 2106 3498 2174 δυνάμει
3547 2110 3784 2176 κρατῶν,
3840 2114 3937 2163 καὶ

2356 2193 2423 2258 τῇ
2465 2191 2585 2260 οείᾳ
2614 2191 2979 2260 νευρούμενος
3009 2194 3214 2262 χάριτι,
3249 2199 3668 2266 συγγράμματα
3697 2199 3934 2270 διάφορα

2357 2281 2684 2334 καταλείπει
2731 2285 2867 2350 πρὸς
2913 2284 3147 2353 ἄσκησιν
3173 2287 3572 2354 ὑπαλείφοντα,
3616 2290 3758 2342 οὓτω
3795 2295 3934 2361 φρα-

2360 2389 2496 2435 σεως
2538 2374 2632 2426 καὶ
2680 2375 2973 2442 νοημάτων
3024 2379 3346 2448 μετέχοντα,
3402 2380 3478 2443 ὡς
3511 2382 3603 2434 τὸν
3662 2384 3933 2450 ἀναγινώ-

2359 2483 2558 2518 σκοντα
2634 2468 2857 2536 χάριτος
2930 2471 3213 2539 ἁφράστου
3275 2473 3502 2543 ἔμπλεω
3569 2475 3932 2530 καθεστάναι.

2358 2558 2492 2610 Μεθ’
2515 2553 2589 2613 ὧν
2622 2562 2716 2613 καὶ
2751 2563 2810 2614 τὺ
2840 2561 3006 2631 ἐν’τῷ
3039 2565 3238 2634 Σιναίῳ
3268 2565 3388 2634 ὄρει
3419 2566 3530 2617 τῶν
3566 2566 3728 2618 Θείων
3761 2569 3930 2620 Πατέ-

2359 2668 2470 2718 ρων
2495 2655 2798 2721 μαρτύριον
2824 2658 3231 2725 ἁναγρὰφεται,
3260 2658 3405 2711 οὕτω
3433 2659 3703 2728 λαμπρῶς
3726 2679 3782 2714 τε
3815 2664 3932 2730 ἆμα

2360 2743 2452 2794 καὶ
2486 2745 2835 2810 περιπαθῶς,
2871 2747 2946 2809 ὡς
2975 2749 3159 2800 ἱκανὸν
3190 2743 3333 2800 εῖναι
3384 2750 3635 2802 ὲντέὖθεν
3669 2752 3934 2819 θηρᾶσαι,

2356 2831 2469 2897 οἷος
2522 2836 2644 2888 κατ’
2678 2839 2849 2907 ἄμφω
2885 2840 3120 2906 γέγονεν
3147 2842 3175 2893 ό
3221 2842 3382 2910 ἀνὴρ,
3419 2840 3478 2892 ἐν
3511 2859 3571 2894 τε
3624 2843 3802 2910 λόγων
3841 2863 3937 2897 και

2356 2928 2558 2997 ἀρετῆς
2591 2932 2902 3001 περιουσίᾳ.
2950 2932 3100 2984 Ἐκεῖ
3132 2935 3196 3002 δὴ
3232 2935 3328 2987 καὶ
3358 2937 3427 2988 τὰ
3461 2939 3584 2990 κατ’
3640 2941 3807 2992 αὑτὸν
3841 2944 3937 2991 κεὶ

2356 3022 2485 3083 τοὺς
2543 3023 2742 3086 παῖδας
2787 3026 3032 3092 μετρίως
3075 3027 3357 3094 διέξεισιν,
3404 3033 3767 3101 ὲκτραγῳδών
3817 3035 3939 3085 λίαν

2358 3115 2678 3185 περιπαθῶς
2701 3118 2806 3186 τὴν
2844 3119 3230 3188 αἰχμαλωσίαν
3275 3122 3478 3186 αὐτῶν,
3510 3124 3806 3195 βαρϐαρων
3835 3146 3936 3180 κα-

2356 3208 2745 3277 ταδραμόντων
2775 3210 2824 3261 οἶ
2859 3211 3146 3280 Βλέμμυες
3170 3214 3485 3278 ἐκαλοῦντο,
3519 3220 3614 3270 καὶ
3641 3221 3802 3286 φόνον
3828 3223 3936 3273 οὐκ

2356 3301 2644 3370 ἐλάχιστον
2704 3302 3075 3372 δεδρακότων·
3110 3305 3139 3357 ὃ
3184 3307 3280 3358 καὶ
3315 3308 3534 3378 ἥδυσμὰ
3571 3327 3625 3362 τι
3676 3329 3934 3382 πνευμαυ

2357 3397 2511 3447 τικὺν
2558 3397 2672 3456 τοῖς
2720 3394 3060 3464 φιλομαθέσι
3119 3398 3537 3454 καταλέλοιπεν.
3591 3404 3844 3470 Ἀριστοι
3881 3409 3943 3459 δὲ

2358 3485 2506 3553 αὐτῷ
2554 3487 2648 3538 καὶ
2709 3488 2887 3555 ἕτεροι
2948 3486 3097 3553 λόγοι
3138 3490 3498 3558 πεπόνηνται.
3543 3498 3942 3564 πνευματικῆς

2356 3579 2454 3630 οὐκ
2497 3577 2715 3646 ἄμοιροι
2761 3575 2986 3646 χάριτος
3011 3593 3026 3607 ·
3063 3573 3142 3632 ὧν
3201 3575 3359 3648 οἶμαι
3389 3583 3608 3636 πάντων
3641 3586 3709 3637 τὰ
3738 3589 3940 3654 πρῶτα

2358 3670 2642 3739 φέρεσθαι,
2666 3671 2724 3722 ὃν
2756 3671 2891 3739 πρὸς
2924 3672 3197 3741 Ἕλληνας
3222 3673 3540 3742 ἑπιγρὰξει,
3573 3679 3666 3730 καὶ
3702 3679 3771 3730 τὰ
3796 3681 3942 3748 πρὸς

2360 3763 2616 3831 Εὐὶόγιον
2659 3765 2944 3833 Κεφάλαια
2963 3765 3017 3816 δὲ
3039 3767 3345 3826 συντάττει,
3362 3768 3496 3821 ἄλλα
3519 3770 3617 3837 μὲν
3634 3773 3712 3831 εἰς
3731 3772 3938 3832 πλάτος

2360 3855 2698 3923 ὴπλωμένα,
2725 3854 2896 3906 «tua
2920 3855 2979 3906 δὲ
3007 3856 3313 3922 συντεμὼν,
3343 3859 3676 3912 εὐσύνοπτον
3698 3856 3810 3913 οἷον
3840 3865 3940 3915 καὶ

681 3948 1015 4009 ambrosiam
1053 3950 1320 4018 aliquam,
1350 3950 1524 4003 oculis
1550 3949 1881 4019 subjectum,
1911 3955 1978 4004 ita
2010 3961 2067 4004 ut
2094 3953 2254 4006 facile
2281 3965 2324 4021 ο

2321 3971 2324 4017 ι
2362 3947 2655 4015 πρόχειρον
2681 3947 2772 3998 τὸν
2822 3949 3196 4016 πνευματικὸν
3226 3952 3463 4019 καρπὸν,
3493 3949 3587 4004 οἷὰ
3634 3971 3687 4004 τι
3730 3956 3937 4024 νέκταρ

683 4041 888 4109 percipi
935 4051 1154 4110 posset,
1199 4043 1505 4110 proposuit.
1542 4041 1715 4108 Quem
1754 4045 1861 4096 vita
1908 4043 2252 4110 defunctum,

679 4131 932 4186 Justinus
965 4137 1234 4202 posterior
1260 4134 1389 4187 inde
1421 4135 1773 4197 translatum,
1814 4135 1867 4187 in
1898 4136 2254 4192 fundamento

682 4223 1001 4278 sacratioris
1045 4240 1280 4288 mensae,
1334 4226 1389 4278 in
1427 4242 1493 4280 eo
1523 4227 1669 4295 quod
1711 4228 1780 4281 ab
1812 4230 1964 4296 ipso,
2006 4230 2169 4283 Petro
2199 4243 2254 4284 et

681 4316 849 4371 Paulo
898 4319 1272 4386 apostolorum
1332 4320 1715 4388 principibus,
1769 4321 1834 4374 ad
1885 4324 2252 4390 orphanotro-

682 4409 870 4474 phium
925 4419 1304 4464 constructum
1365 4422 1486 4475 est,
1543 4414 1746 4480 templo
1805 4416 2075 4483 reposuit.
2132 4415 2252 4485 Ipse

680 4514 898 4567 quoque
929 4498 1146 4554 Marcus
1177 4503 1227 4553 in
1265 4504 1566 4556 monastica
1596 4506 1751 4571 prius
1781 4517 2047 4564 versatus,
2079 4507 2251 4560 multa

684 4600 803 4656 post
834 4607 893 4645 se
935 4592 1161 4660 reliquit
1194 4593 1424 4662 scripta.
1458 4594 1661 4646 Eorum
1691 4596 1786 4660 qui
1821 4595 1888 4648 ad
1924 4611 2025 4649 nos
2061 4613 2254 4665 perve-

686 4696 905 4746 nerunt,
944 4684 1069 4736 libri
1107 4695 1234 4737 octo
1270 4695 1420 4745 sunt,
1464 4686 1852 4738 universalium
1895 4687 2247 4741 atfectiouum

682 4791 970 4828 numerum
1023 4787 1349 4844 requantes:
1402 4785 1457 4829 et
1502 4777 1594 4830 alii
1648 4778 1869 4845 triginta
1918 4789 1971 4830 et
2022 4780 2163 4843 duo,
2194 4781 2248 4834 itt

679 4870 880 4935 quibus
911 4868 1028 4921 vias
1062 4867 1228 4921 totius
1269 4869 1522 4921 ascetica:
1565 4868 1691 4922 vita:
1719 4885 1909 4924 omnes
1955 4872 2249 4938 prosequi-

687 4975 790 5018 tur,
824 4959 888 5010 ad
927 4974 1046 5025 qua?
1076 4958 1195 5011 loca
1228 4960 1619 5021 secedendum,
1652 4967 1709 5012 et
1747 4961 2024 5028 quomodo
2057 4961 2123 5013 ad
2156 4976 2250 5014 vo-

682 5061 946 5104 mutatem
994 5052 1084 5104 Dei
1132 5065 1357 5119 gressus
1392 5051 1667 5121 dirigendi
1716 5055 1865 5106 sint:
1900 5052 2064 5122 57o
2107 5068 2248 5122 quo-

682 5141 843 5192 modo
881 5141 1043 5192 etiam
1079 5141 1244 5193 homo
1286 5141 1595 5196 dmmonum
1640 5144 1971 5197 tcntaliones
2001 5155 2245 5213 superet,

682 5244 1031 5302 mentemque
1083 5244 1366 5304 repnrget,
1417 5244 1582 5304 atque
1614 5237 1680 5290 ad
1725 5248 1968 5290 veterem
2015 5239 2247 5308 dignita-

681 5336 786 5377 tem
832 5326 1246 5394 progrediatur.
1281 5338 1336 5380 et
1375 5343 1500 5380 cum
1537 5329 1646 5381 Deo
1676 5329 1901 5384 caeleste
1930 5330 2241 5384 institutum

679 5428 919 5471 sectatus
961 5419 1126 5470 vivat.
1165 5419 1548 5474 Theodoretus
1579 5436 1705 5473 vero
1754 5423 1977 5475 natione
2016 5423 2239 5490 quidem

680 5509 850 5577 Syrus
882 5509 1005 5571 fuit,
1047 5521 1288 5564 sectator
1319 5523 1501 5564 autem
1535 5512 1714 5580 magni
1745 5510 1972 5566 Joannis
1998 5512 2241 5583 Chryso-

676 5603 870 5664 stomi,
923 5602 1187 5671 illumque
1241 5605 1343 5656 sibi
1381 5604 1538 5672 quasi
1589 5605 1906 5672 primarium
1956 5607 2238 5674 exemplar

676 5693 811 5760 ston
838 5695 1236 5747 cnul'ormaudo
1264 5697 1603 5763 propositum
1632 5696 1840 5749 habuit.
1871 5697 2083 5750 Etenim
2118 5698 2242 5752 ﬂui-

674 5783 776 5835 dus
814 5785 1107 5838 admodum
1151 5797 1206 5840 ct
1238 5789 1494 5855 cepiosus
1517 5828 1530 5849 ,
1577 5791 1629 5841 in
1662 5791 1971 5843 elocutione
2005 5789 2233 5856 facilius,

673 5888 728 5929 et
761 5881 993 5931 Atticam
1027 5881 1252 5949 gratiam
1290 5882 1556 5936 rcdolens.
1603 5883 2035 5936 Lucubrationcs
2072 5883 2138 5936 ab
2170 5900 2236 5937 eo

2356 4041 2388 4107 ἢ
2433 4039 2764 4107 ἀμϐροσίαν,
2812 4039 3202 4108 προϐάλλεται.
3241 4044 3340 4094 Ὃν
3372 4044 3518 4096 τέλει
3564 4046 3684 4112 βίου
3717 4050 3938 4117 χρησάο

2359 4145 2544 4197 μενον,
2611 4129 2900 4191 Ἰουστῖνος
2947 4133 2975 4182 ό
3026 4130 3251 4200 ὕστερος
3302 4135 3512 4187 ἐκεῖθεν
3561 4140 3938 4208 ἁνακομέσας,

2355 4221 2449 4272 ἐπὶ
2473 4221 2552 4289 τῷ
2596 4221 2783 4292 βάθρῳ
2819 4223 2918 4292 τῆς
2962 4226 3114 4294 ἱερᾶς
3156 4229 3442 4298 τραπέζης
3484 4232 3578 4283 τοῦ
3616 4234 3752 4302 παρ’
3779 4238 3938 4304 αὐτῷ

2354 4312 2683 4381 δομηθέντος
2709 4316 2860 4367 οῐιιου
2897 4317 3088 4386 Πέτρῳ
3121 4320 3216 4371 καὶ
3241 4322 3438 4391 Παύλῳ
3465 4327 3576 4386 τοῖς
3607 4328 3936 4393 κορυεραίοις

2353 4407 2463 4458 τῶν
2493 4409 2811 4460 ἁποσιόλων
2844 4409 2920 4478 τῷ
2955 4411 3402 4484 ὀρφανοτροφείῳ
3451 4417 3735 4473 κατέθετο.
3771 4422 3929 4488 illap-

2355 4519 2447 4563 κος
2481 4503 2533 4553 δὲ
2568 4504 2662 4554 καὶ
2696 4504 2855 4565 αὐτὸς
2883 4505 3056 4557 πολλὰ
3094 4507 3194 4576 μὲν
3243 4510 3660 4578 συγγράμματα
3692 4516 3932 4565 καταλέ-

2353 4593 2561 4656 λοιπεν,
2614 4596 2888 4664 ἁσκητικῇ
2941 4597 3208 4667 πρότερον
3270 4601 3519 4672 πολιτείᾳ
3578 4606 3934 4672 ἑγγυμνασὲ-

2356 4703 2547 4755 μενος·
2601 4687 2635 4739 ἃ.
2669 4687 2714 4738 δ’
2771 4686 2866 4740 οὖν
2915 4691 3047 4756 ἡμῖν
3098 4692 3398 4744 συνέπεσεν
3449 4693 3715 4763 ἐντυχεῖν,
3776 4696 3931 4762 λόγοι

2350 4777 2515 4842 ὀκτὼ,
2561 4780 2843 4848 ξσάριΟμοι
2877 4783 2990 4843 τοῖς
3019 4782 3333 4846 καθολικοῖς
3359 4783 3593 4837 πάθεσιν
3627 4789 3709 4848 εὶς
3741 4791 3933 4854 χεῖρας

2351 4867 2486 4941 ἧκον
2511 4890 2525 4904 ·
2581 4874 2674 4925 καὶ
2709 4873 2888 4943 ἕτεροι
2916 4873 3011 4925 δύο
3042 4875 3180 4944 πρὸς
3228 4880 3342 4940 τοῖς
3383 4878 3705 4948 τριάκοντα,
3753 4882 3822 4934 δι’
3851 4876 3933 4936 ὧν

2351 4968 2533 5019 πᾶσαν
2565 4969 2868 5036 ἀσκητικῆς
2916 4969 3196 5031 πολιτείας
3224 4969 3342 5021 ὁδὸν
3378 4971 3742 5041 διεξέρχεται,
3779 4975 3934 5028 διδά-

2354 5075 2499 5110 σκων
2602 5059 2780 5128 χρεών
2827 5075 2884 5111 τε
2917 5057 3014 5120 τὰς
3049 5061 3434 5130 ἀναχωρήσεις
3485 5067 3679 5125 ποιεῖν,
3717 5067 3834 5127 πῶς
3871 5084 3932 5119 τε

2352 5151 2639 5219 ῥυθμίζειν
2675 5151 2744 5202 τὰ
2773 5151 2916 5202 κατὰ
2956 5149 3092 5202 Θεὸν
3133 5151 3451 5220 διαδήματα
3483 5171 3496 5183 ·
3529 5157 3624 5207 καὶ
3658 5157 3732 5218 ὡς
3770 5175 3931 5226 περι.

2349 5244 2557 5308 γίνεται
2609 5242 2708 5310 τῆς
2765 5243 2875 5294 τῶν
2920 5242 3194 5310 δαιμόνων
3243 5246 3442 5312 πείρας
3497 5249 3525 5299 ό
3587 5249 3886 5316 ἄνθρωπος
3923 5271 3933 5280 ·

2272 5311 2495 5395 nam;
2521 5351 2577 5384 τε
2630 5335 2659 5384 ὁ
2705 5334 2830 5395 νοῦς
2865 5335 3214 5404 καθαίρεται,
3267 5338 3533 5407 καὶπρὸς
3579 5339 3642 5390 τὸ
3691 5339 3933 5409 ἀρχαῖον

2349 5425 2566 5493 ἀξίωμα
2601 5427 2842 5494 πρόεισι,
2887 5431 2984 5478 καὶ
3026 5428 3146 5496 Θεῷ
3185 5431 3524 5496 συγγίνεται.
3563 5433 3656 5482 ἐπὶ
3687 5435 3790 5500 γῆς
3826 5436 3937 5502 τὴν

2347 5518 2601 5584 οὐράνιον
2662 5516 2867 5584 μετιὼν
2921 5518 3221 5572 πολιτείαν.
3273 5521 3622 5591 Θεοδώρητος
3661 5522 3718 5574 δὲ
3754 5525 3937 5593 Σύρος

2351 5610 2448 5678 μὲν
2479 5604 2546 5679 ἦν
2576 5610 2730 5676 γένος
2755 5626 2769 5638 ⁸
2811 5609 2890 5678 τῷ
2927 5612 3148 5680 μεγάλῳ
3181 5611 3237 5663 δὲ
3285 5614 3551 5682 φοιτήσας
3597 5615 3822 5686 Ἰωάννῃ
3849 5617 3939 5685 τῷ

2345 5701 2742 5767 Χρυσοστόμῳ,
2795 5700 3105 5768 ἀρχέτυπον
3159 5695 3271 5752 οἷ.ν
3321 5703 3444 5754 ὅσον
3493 5705 3560 5755 τὰ
3621 5706 3678 5766 ἐς
3724 5705 3939 5770 λόγους

2346 5795 2583 5858 ἐγένετο,
2617 5791 2822 5860 Εὖρους
2852 5793 2963 5861 γάρ
2997 5795 3112 5845 ἐστι
3151 5795 3295 5861 μάλα
3333 5797 3428 5847 καὶ
3455 5795 3700 5864 γόνιμος,
3727 5799 3832 5865 τήν
3871 5815 3939 5851 τι

2347 5887 2550 5951 φραςιν
2582 5886 2747 5949 λεῖος,
2783 5887 2918 5954 μετὰ
2949 5885 3049 5954 τῆς
3099 5887 3356 5957 Ἀττικῆς
3382 5891 3607 5958 χάριτος
3637 5893 3936 5958 προηγμὲ-

3400 5947 3411 5958 s
3458 5943 3468 5958 ι
